{
    "summary": {
        "stock_name": "華友聯",
        "stock_id": "1436",
        "category": "建材營造",
        "main_business": "住宅及大樓開發租售業<br>休閒活動場館業<br>餐館業",
        "website_url": "http://www.huakai.com.tw",
        "ceo": "陸炤廷",
        "pe_ratio": 100,
        "report_year_from": 2001,
        "report_year_to": 2023,
        "age": 23,
        "eps_negative_percentage": 43,
        "eps_growth_avg": {
            "last_all": -7.44,
            "last_2y": 9.43,
            "last_4y": -8.49,
            "last_8y": 0.41,
            "last_12y": 0.33,
            "last_16y": -8.79,
            "last_20y": -16.39,
            "at_2006_last_3y": -100,
            "at_2007_last_3y": -100,
            "at_2008_last_3y": -100,
            "at_2009_last_3y": -100,
            "at_2010_last_3y": -100,
            "at_2011_last_3y": 100,
            "at_2012_last_3y": 0,
            "at_2013_last_3y": 0,
            "at_2014_last_3y": 0,
            "at_2015_last_3y": -100,
            "at_2016_last_3y": -100,
            "at_2017_last_3y": 0,
            "at_2018_last_3y": 15.24,
            "at_2019_last_3y": 33.76,
            "at_2020_last_3y": 18.75,
            "at_2021_last_3y": 18.75,
            "at_2022_last_3y": 14.39,
            "at_2023_last_3y": 0.5,
            "at_2024_last_3y": 0.5,
            "at_2006_last_all": 0,
            "at_2007_last_all": -33.33,
            "at_2008_last_all": -33.33,
            "at_2009_last_all": -33.33,
            "at_2010_last_all": -33.33,
            "at_2011_last_all": 0,
            "at_2012_last_all": -20,
            "at_2013_last_all": -20,
            "at_2014_last_all": -20,
            "at_2015_last_all": -33.33,
            "at_2016_last_all": -33.33,
            "at_2017_last_all": -14.29,
            "at_2018_last_all": -6.79,
            "at_2019_last_all": -10.97,
            "at_2020_last_all": -12.5,
            "at_2021_last_all": -2.27,
            "at_2022_last_all": 0.27,
            "at_2023_last_all": -7.44,
            "at_2024_last_all": -7.44
        },
        "latest_eps": 0.68,
        "latest_price": 96.2,
        "latest_roe": 2,
        "latest_gross_margin": 58.04,
        "latest_equity": 2904899,
        "latest_revenue": 197254,
        "latest_gross_profit": 114485,
        "latest_net_income": 21778,
        "latest_debt_ratio": 79.88,
        "latest_current_ratio": 160.72,
        "latest_account_receivable_turnover_ratio": 7.46,
        "latest_inventory_turnover_ratio": 0.01,
        "latest_reinvestment_rate": -0.54,
        "latest_research_to_sale_ratio": null
    },
    "eps_dividends": {
        "1996": {
            "cash": 0,
            "stock": 1,
            "eps": 0
        },
        "1997": {
            "cash": 0,
            "stock": 1,
            "eps": 0
        },
        "1998": {
            "cash": 0,
            "stock": 1,
            "eps": 0
        },
        "2001": {
            "cash": 0,
            "stock": 0,
            "eps": 0.3
        },
        "2002": {
            "cash": 0,
            "stock": 0,
            "eps": 2.16
        },
        "2003": {
            "cash": 0.5,
            "stock": 1,
            "eps": -0.33
        },
        "2004": {
            "cash": 0,
            "stock": 0,
            "eps": -0.29
        },
        "2005": {
            "cash": 0,
            "stock": 0,
            "eps": -0.1
        },
        "2006": {
            "cash": 0,
            "stock": 0,
            "eps": 0.31
        },
        "2007": {
            "cash": 0,
            "stock": 1,
            "eps": -0.18
        },
        "2008": {
            "cash": 0,
            "stock": 0,
            "eps": -0.28
        },
        "2009": {
            "cash": 0,
            "stock": 0,
            "eps": -0.11
        },
        "2010": {
            "cash": 0,
            "stock": 0,
            "eps": 0.82
        },
        "2011": {
            "cash": 0.17,
            "stock": 0.02,
            "eps": 3.17
        },
        "2012": {
            "cash": 0,
            "stock": 0,
            "eps": -2.84
        },
        "2013": {
            "cash": 0,
            "stock": 0,
            "eps": -0.18
        },
        "2014": {
            "cash": 0,
            "stock": 0,
            "eps": 5.34
        },
        "2015": {
            "cash": 1.5,
            "stock": 1.5,
            "eps": -0.62
        },
        "2016": {
            "cash": 0,
            "stock": 1,
            "eps": 0.59
        },
        "2017": {
            "cash": 1,
            "stock": 0,
            "eps": 3.15
        },
        "2018": {
            "cash": 2.5,
            "stock": 0.5,
            "eps": 4.59
        },
        "2019": {
            "cash": 2,
            "stock": 2,
            "eps": 2.55
        },
        "2020": {
            "cash": 2.5,
            "stock": 0,
            "eps": 1.88
        },
        "2021": {
            "cash": 2,
            "stock": 0,
            "eps": 5.09
        },
        "2022": {
            "cash": 4.16,
            "stock": 0,
            "eps": 6.53
        },
        "2023": {
            "cash": 5.16,
            "stock": 0,
            "eps": -0.27
        }
    },
    "dividends": {
        "1996-04-29": {
            "cash": 0,
            "stock": 1
        },
        "1997-04-28": {
            "cash": 0,
            "stock": 1
        },
        "1998-06-08": {
            "cash": 0,
            "stock": 1
        },
        "2003-06-16": {
            "cash": 0.5,
            "stock": 1
        },
        "2007-03-02": {
            "cash": 0,
            "stock": 1
        },
        "2011-03-11": {
            "cash": 0.17,
            "stock": 0.02
        },
        "2015-10-16": {
            "cash": 1.5,
            "stock": 1.5
        },
        "2016-03-24": {
            "cash": 0,
            "stock": 1
        },
        "2017-09-21": {
            "cash": 1,
            "stock": 0
        },
        "2018-09-17": {
            "cash": 2.5,
            "stock": 0.5
        },
        "2019-09-19": {
            "cash": 2,
            "stock": 2
        },
        "2020-08-13": {
            "cash": 2.5,
            "stock": 0
        },
        "2021-08-26": {
            "cash": 2,
            "stock": 0
        },
        "2022-08-19": {
            "cash": 4.16,
            "stock": 0
        },
        "2023-07-25": {
            "cash": 5.16,
            "stock": 0
        }
    },
    "prices": {
        "200101": "4.96",
        "200102": "4.38",
        "200103": "4.04",
        "200104": "4.63",
        "200105": "5.26",
        "200106": "5.05",
        "200107": "3.09",
        "200108": "4.38",
        "200109": "4.70",
        "200110": "3.99",
        "200111": "3.94",
        "200112": "4.00",
        "200201": "4.68",
        "200202": "4.84",
        "200203": "5.17",
        "200204": "5.86",
        "200205": "4.86",
        "200206": "4.70",
        "200207": "4.82",
        "200208": "4.79",
        "200209": "4.64",
        "200210": "4.42",
        "200211": "4.52",
        "200212": "4.21",
        "200301": "6.35",
        "200302": "6.79",
        "200303": "7.05",
        "200304": "7.27",
        "200305": "6.70",
        "200306": "7.37",
        "200307": "8.28",
        "200308": "9.23",
        "200309": "7.75",
        "200310": "7.36",
        "200311": "7.50",
        "200312": "7.26",
        "200401": "7.60",
        "200402": "8.72",
        "200403": "9.02",
        "200404": "8.42",
        "200405": "6.94",
        "200406": "6.66",
        "200407": "6.61",
        "200408": "7.21",
        "200409": "7.69",
        "200410": "7.45",
        "200411": "7.05",
        "200412": "7.56",
        "200501": "8.19",
        "200502": "7.47",
        "200503": "7.26",
        "200504": "7.05",
        "200505": "6.15",
        "200506": "6.23",
        "200507": "6.19",
        "200508": "5.95",
        "200509": "5.71",
        "200510": "6.90",
        "200511": "7.05",
        "200512": "7.19",
        "200601": "7.35",
        "200602": "7.32",
        "200603": "7.62",
        "200604": "8.12",
        "200605": "9.08",
        "200606": "8.40",
        "200607": "8.27",
        "200608": "8.22",
        "200609": "8.93",
        "200610": "9.24",
        "200611": "9.58",
        "200612": "11.18",
        "200701": "11.31",
        "200702": "11.42",
        "200703": "11.38",
        "200704": "11.77",
        "200705": "11.39",
        "200706": "11.35",
        "200707": "13.17",
        "200708": "11.88",
        "200709": "10.86",
        "200710": "11.28",
        "200711": "10.53",
        "200712": "10.18",
        "200801": "9.78",
        "200802": "9.91",
        "200803": "10.77",
        "200804": "11.77",
        "200805": "11.48",
        "200806": "10.16",
        "200807": "7.41",
        "200808": "7.17",
        "200809": "7.68",
        "200810": "7.12",
        "200811": "7.20",
        "200812": "7.20",
        "200901": "7.20",
        "200902": "7.14",
        "200903": "7.08",
        "200904": "7.16",
        "200905": "7.67",
        "200906": "8.21",
        "200907": "8.12",
        "200908": "8.02",
        "200909": "8.04",
        "200910": "8.49",
        "200911": "8.67",
        "200912": "8.83",
        "201001": "8.97",
        "201002": "8.37",
        "201003": "8.49",
        "201004": "8.75",
        "201005": "8.65",
        "201006": "8.56",
        "201007": "8.31",
        "201008": "8.40",
        "201009": "8.49",
        "201010": "9.10",
        "201011": "9.38",
        "201012": "9.24",
        "201101": "9.80",
        "201102": "9.79",
        "201103": "9.24",
        "201104": "9.19",
        "201105": "9.13",
        "201106": "9.01",
        "201107": "9.43",
        "201108": "11.02",
        "201109": "11.66",
        "201110": "11.48",
        "201111": "11.59",
        "201112": "11.52",
        "201201": "12.22",
        "201202": "12.74",
        "201203": "14.69",
        "201204": "15.07",
        "201205": "14.51",
        "201206": "13.89",
        "201207": "14.87",
        "201208": "46.83",
        "201209": "52.60",
        "201210": "53.28",
        "201211": "54.20",
        "201212": "53.29",
        "201301": "54.52",
        "201302": "53.73",
        "201303": "52.89",
        "201304": "52.92",
        "201305": "57.79",
        "201306": "55.31",
        "201307": "54.05",
        "201308": "53.44",
        "201309": "53.59",
        "201310": "53.17",
        "201311": "53.21",
        "201312": "53.24",
        "201401": "53.25",
        "201402": "52.40",
        "201403": "49.41",
        "201404": "48.12",
        "201405": "47.44",
        "201406": "48.30",
        "201407": "46.31",
        "201408": "48.46",
        "201409": "48.81",
        "201410": "48.99",
        "201411": "48.63",
        "201412": "47.91",
        "201501": "46.92",
        "201502": "46.86",
        "201503": "46.57",
        "201504": "46.65",
        "201505": "46.45",
        "201506": "46.02",
        "201507": "47.48",
        "201508": "45.07",
        "201509": "40.61",
        "201510": "40.91",
        "201511": "41.47",
        "201512": "40.77",
        "201601": "40.45",
        "201602": "40.09",
        "201603": "40.06",
        "201604": "39.95",
        "201605": "40.29",
        "201606": "40.52",
        "201607": "40.54",
        "201608": "40.20",
        "201609": "40.34",
        "201610": "40.52",
        "201611": "39.97",
        "201612": "39.35",
        "201701": "39.31",
        "201702": "39.85",
        "201703": "38.38",
        "201704": "38.79",
        "201705": "38.49",
        "201706": "38.12",
        "201707": "38.37",
        "201708": "38.04",
        "201709": "37.92",
        "201710": "38.70",
        "201711": "40.23",
        "201712": "40.04",
        "201801": "40.11",
        "201802": "40.04",
        "201803": "39.92",
        "201804": "39.71",
        "201805": "39.56",
        "201806": "39.71",
        "201807": "39.19",
        "201808": "39.28",
        "201809": "37.43",
        "201810": "37.11",
        "201811": "37.53",
        "201812": "36.90",
        "201901": "36.70",
        "201902": "36.65",
        "201903": "38.22",
        "201904": "42.56",
        "201905": "40.76",
        "201906": "40.83",
        "201907": "41.94",
        "201908": "40.97",
        "201909": "35.85",
        "201910": "36.89",
        "201911": "36.41",
        "201912": "37.06",
        "202001": "40.91",
        "202002": "39.27",
        "202003": "36.53",
        "202004": "37.11",
        "202005": "37.27",
        "202006": "38.40",
        "202007": "38.57",
        "202008": "36.66",
        "202009": "37.24",
        "202010": "37.69",
        "202011": "38.58",
        "202012": "38.45",
        "202101": "37.96",
        "202102": "37.89",
        "202103": "39.08",
        "202104": "39.73",
        "202105": "39.56",
        "202106": "39.88",
        "202107": "40.78",
        "202108": "42.51",
        "202109": "48.23",
        "202110": "51.20",
        "202111": "53.40",
        "202112": "53.91",
        "202201": "55.60",
        "202202": "57.73",
        "202203": "58.48",
        "202204": "66.54",
        "202205": "65.43",
        "202206": "66.23",
        "202207": "61.61",
        "202208": "57.06",
        "202209": "56.48",
        "202210": "55.08",
        "202211": "55.25",
        "202212": "56.35",
        "202301": "55.11",
        "202302": "54.54",
        "202303": "56.34",
        "202304": "57.32",
        "202305": "58.64",
        "202306": "60.63",
        "202307": "65.01",
        "202308": "63.98",
        "202309": "65.40",
        "202310": "65.84",
        "202311": "76.41",
        "202312": "78.25"
    },
    "quarters": {
        "20011": {
            "year_quarter": 20011,
            "year": 2001,
            "quarter": 1,
            "eps": -0.03,
            "eps_growth_year": null,
            "eps_4q": -1.02,
            "eps_4q_growth_year": null,
            "roe": -0.25,
            "roe_4q": -0.25,
            "gross_profit": -13635,
            "gross_margin": -70.19,
            "gross_margin_4q_avg": -70.19,
            "net_income": -8592,
            "net_income_4q": null,
            "revenue": 19426,
            "revenue_4q": null,
            "common_shares": 3194400,
            "book_valuer_per_share": 10.91,
            "book_valuer_per_share_4q_avg": 10.91,
            "equity": 3484991,
            "current_ratio": 194.63,
            "debt_ratio": 35.06,
            "inventory_turnover_ratio": 0.02,
            "account_receivable_turnover_ratio": null,
            "reinvestment_rate": null,
            "research_to_sale_ratio": null,
            "price_fair": 0,
            "eps_avg_yearly": 0,
            "eps_latest_yearly": 0,
            "eps_growth_yearly": 0
        },
        "20012": {
            "year_quarter": 20012,
            "year": 2001,
            "quarter": 2,
            "eps": -0.09,
            "eps_growth_year": null,
            "eps_4q": -0.78,
            "eps_4q_growth_year": null,
            "roe": -0.82,
            "roe_4q": -1.0699999999999998,
            "gross_profit": -26896,
            "gross_margin": -41.28,
            "gross_margin_4q_avg": -55.74,
            "net_income": -28188,
            "net_income_4q": null,
            "revenue": 65152,
            "revenue_4q": null,
            "common_shares": 3100000,
            "book_valuer_per_share": 11.02,
            "book_valuer_per_share_4q_avg": 10.97,
            "equity": 3416910,
            "current_ratio": 186.25,
            "debt_ratio": 36.96,
            "inventory_turnover_ratio": 0.05,
            "account_receivable_turnover_ratio": null,
            "reinvestment_rate": null,
            "research_to_sale_ratio": null,
            "price_fair": 0,
            "eps_avg_yearly": 0,
            "eps_latest_yearly": 0,
            "eps_growth_yearly": 0
        },
        "20013": {
            "year_quarter": 20013,
            "year": 2001,
            "quarter": 3,
            "eps": 0.53,
            "eps_growth_year": null,
            "eps_4q": 0.13,
            "eps_4q_growth_year": null,
            "roe": 4.63,
            "roe_4q": 3.56,
            "gross_profit": -23893,
            "gross_margin": -39.65,
            "gross_margin_4q_avg": -50.37,
            "net_income": 161417,
            "net_income_4q": null,
            "revenue": 60260,
            "revenue_4q": null,
            "common_shares": 3000000,
            "book_valuer_per_share": 11.87,
            "book_valuer_per_share_4q_avg": 11.27,
            "equity": 3560661,
            "current_ratio": 202.04,
            "debt_ratio": 35.84,
            "inventory_turnover_ratio": 0.05,
            "account_receivable_turnover_ratio": null,
            "reinvestment_rate": null,
            "research_to_sale_ratio": null,
            "price_fair": 0,
            "eps_avg_yearly": 0,
            "eps_latest_yearly": 0,
            "eps_growth_yearly": 0
        },
        "20014": {
            "year_quarter": 20014,
            "year": 2001,
            "quarter": 4,
            "eps": -0.11,
            "eps_growth_year": null,
            "eps_4q": 0.3,
            "eps_4q_growth_year": null,
            "roe": -0.96,
            "roe_4q": 2.6,
            "gross_profit": -24253,
            "gross_margin": -56.28,
            "gross_margin_4q_avg": -51.85,
            "net_income": -34017,
            "net_income_4q": null,
            "revenue": 43094,
            "revenue_4q": null,
            "common_shares": 3000000,
            "book_valuer_per_share": 11.74,
            "book_valuer_per_share_4q_avg": 11.39,
            "equity": 3522860,
            "current_ratio": 231.08,
            "debt_ratio": 34.79,
            "inventory_turnover_ratio": 0.04,
            "account_receivable_turnover_ratio": null,
            "reinvestment_rate": null,
            "research_to_sale_ratio": null,
            "price_fair": 0,
            "eps_avg_yearly": 0,
            "eps_latest_yearly": 0,
            "eps_growth_yearly": 0
        },
        "20021": {
            "year_quarter": 20021,
            "year": 2002,
            "quarter": 1,
            "eps": -0.1,
            "eps_growth_year": null,
            "eps_4q": 0.25,
            "eps_4q_growth_year": null,
            "roe": -0.81,
            "roe_4q": 2.04,
            "gross_profit": -4391,
            "gross_margin": -44.47,
            "gross_margin_4q_avg": -45.42,
            "net_income": -28059,
            "net_income_4q": null,
            "revenue": 9875,
            "revenue_4q": null,
            "common_shares": 3000000,
            "book_valuer_per_share": 11.45,
            "book_valuer_per_share_4q_avg": 11.52,
            "equity": 3435103,
            "current_ratio": 223.47,
            "debt_ratio": 34.82,
            "inventory_turnover_ratio": 0.01,
            "account_receivable_turnover_ratio": null,
            "reinvestment_rate": null,
            "research_to_sale_ratio": null,
            "price_fair": 0,
            "eps_avg_yearly": 0,
            "eps_latest_yearly": 0,
            "eps_growth_yearly": 0
        },
        "20022": {
            "year_quarter": 20022,
            "year": 2002,
            "quarter": 2,
            "eps": -0.1,
            "eps_growth_year": null,
            "eps_4q": 0.24,
            "eps_4q_growth_year": null,
            "roe": -0.82,
            "roe_4q": 2.04,
            "gross_profit": -4819,
            "gross_margin": -44.72,
            "gross_margin_4q_avg": -46.28,
            "net_income": -28104,
            "net_income_4q": null,
            "revenue": 10775,
            "revenue_4q": null,
            "common_shares": 3000000,
            "book_valuer_per_share": 11.38,
            "book_valuer_per_share_4q_avg": 11.61,
            "equity": 3412517,
            "current_ratio": 212.54,
            "debt_ratio": 36.13,
            "inventory_turnover_ratio": 0.01,
            "account_receivable_turnover_ratio": null,
            "reinvestment_rate": null,
            "research_to_sale_ratio": null,
            "price_fair": 0,
            "eps_avg_yearly": 0,
            "eps_latest_yearly": 0,
            "eps_growth_yearly": 0
        },
        "20023": {
            "year_quarter": 20023,
            "year": 2002,
            "quarter": 3,
            "eps": -0.09,
            "eps_growth_year": -116.98,
            "eps_4q": -0.38,
            "eps_4q_growth_year": -405.16,
            "roe": -0.74,
            "roe_4q": -3.33,
            "gross_profit": -95,
            "gross_margin": -175.93,
            "gross_margin_4q_avg": -80.35,
            "net_income": -25308,
            "net_income_4q": null,
            "revenue": 54,
            "revenue_4q": null,
            "common_shares": 3000000,
            "book_valuer_per_share": 11.29,
            "book_valuer_per_share_4q_avg": 11.47,
            "equity": 3387209,
            "current_ratio": 212.7,
            "debt_ratio": 36.23,
            "inventory_turnover_ratio": 0,
            "account_receivable_turnover_ratio": null,
            "reinvestment_rate": null,
            "research_to_sale_ratio": null,
            "price_fair": 0,
            "eps_avg_yearly": 0,
            "eps_latest_yearly": 0,
            "eps_growth_yearly": 0
        },
        "20024": {
            "year_quarter": 20024,
            "year": 2002,
            "quarter": 4,
            "eps": 2.45,
            "eps_growth_year": null,
            "eps_4q": 2.16,
            "eps_4q_growth_year": 621.51,
            "roe": 18.71,
            "roe_4q": 16.340000000000003,
            "gross_profit": 77660,
            "gross_margin": 10.56,
            "gross_margin_4q_avg": -63.64,
            "net_income": 699179,
            "net_income_4q": null,
            "revenue": 735707,
            "revenue_4q": null,
            "common_shares": 3000000,
            "book_valuer_per_share": 13.62,
            "book_valuer_per_share_4q_avg": 11.94,
            "equity": 4086388,
            "current_ratio": 185.48,
            "debt_ratio": 30.38,
            "inventory_turnover_ratio": 0.36,
            "account_receivable_turnover_ratio": null,
            "reinvestment_rate": -268.13,
            "research_to_sale_ratio": null,
            "price_fair": 0,
            "eps_avg_yearly": 0,
            "eps_latest_yearly": 0,
            "eps_growth_yearly": 0
        },
        "20031": {
            "year_quarter": 20031,
            "year": 2003,
            "quarter": 1,
            "eps": -0.13,
            "eps_growth_year": null,
            "eps_4q": 2.09,
            "eps_4q_growth_year": 725.91,
            "roe": -0.93,
            "roe_4q": 16.220000000000002,
            "gross_profit": -6533,
            "gross_margin": -9.19,
            "gross_margin_4q_avg": -54.82,
            "net_income": -37741,
            "net_income_4q": null,
            "revenue": 71053,
            "revenue_4q": null,
            "common_shares": 3000000,
            "book_valuer_per_share": 13.5,
            "book_valuer_per_share_4q_avg": 12.45,
            "equity": 4048647,
            "current_ratio": 396.66,
            "debt_ratio": 11.26,
            "inventory_turnover_ratio": 0.05,
            "account_receivable_turnover_ratio": null,
            "reinvestment_rate": -284.8,
            "research_to_sale_ratio": null,
            "price_fair": 0,
            "eps_avg_yearly": 0,
            "eps_latest_yearly": 0,
            "eps_growth_yearly": 0
        },
        "20032": {
            "year_quarter": 20032,
            "year": 2003,
            "quarter": 2,
            "eps": -0.05,
            "eps_growth_year": null,
            "eps_4q": 2.08,
            "eps_4q_growth_year": 774.93,
            "roe": -0.32,
            "roe_4q": 16.720000000000002,
            "gross_profit": 28599,
            "gross_margin": 18.05,
            "gross_margin_4q_avg": -39.13,
            "net_income": -12854,
            "net_income_4q": null,
            "revenue": 158420,
            "revenue_4q": null,
            "common_shares": 3000000,
            "book_valuer_per_share": 12.89,
            "book_valuer_per_share_4q_avg": 12.83,
            "equity": 3867043,
            "current_ratio": 371.81,
            "debt_ratio": 10.84,
            "inventory_turnover_ratio": 0.09,
            "account_receivable_turnover_ratio": null,
            "reinvestment_rate": -348.45,
            "research_to_sale_ratio": null,
            "price_fair": 0,
            "eps_avg_yearly": 0,
            "eps_latest_yearly": 0,
            "eps_growth_yearly": 0
        },
        "20033": {
            "year_quarter": 20033,
            "year": 2003,
            "quarter": 3,
            "eps": 0.03,
            "eps_growth_year": null,
            "eps_4q": 1.92,
            "eps_4q_growth_year": null,
            "roe": 0.27,
            "roe_4q": 17.73,
            "gross_profit": 21889,
            "gross_margin": 11.91,
            "gross_margin_4q_avg": 7.83,
            "net_income": 10311,
            "net_income_4q": null,
            "revenue": 183731,
            "revenue_4q": null,
            "common_shares": 3300000,
            "book_valuer_per_share": 11.75,
            "book_valuer_per_share_4q_avg": 12.94,
            "equity": 3877354,
            "current_ratio": 427.78,
            "debt_ratio": 9.26,
            "inventory_turnover_ratio": 0.12,
            "account_receivable_turnover_ratio": null,
            "reinvestment_rate": -348.69,
            "research_to_sale_ratio": null,
            "price_fair": 0,
            "eps_avg_yearly": 0,
            "eps_latest_yearly": 0,
            "eps_growth_yearly": 0
        },
        "20034": {
            "year_quarter": 20034,
            "year": 2003,
            "quarter": 4,
            "eps": -0.18,
            "eps_growth_year": -107.35,
            "eps_4q": -0.31,
            "eps_4q_growth_year": -114.32,
            "roe": -1.44,
            "roe_4q": -2.42,
            "gross_profit": 24443,
            "gross_margin": 12.32,
            "gross_margin_4q_avg": 8.27,
            "net_income": -55455,
            "net_income_4q": null,
            "revenue": 198482,
            "revenue_4q": null,
            "common_shares": 3300000,
            "book_valuer_per_share": 11.61,
            "book_valuer_per_share_4q_avg": 12.44,
            "equity": 3829806,
            "current_ratio": 843.68,
            "debt_ratio": 4.67,
            "inventory_turnover_ratio": 0.16,
            "account_receivable_turnover_ratio": null,
            "reinvestment_rate": -292.28,
            "research_to_sale_ratio": null,
            "price_fair": 0,
            "eps_avg_yearly": 0,
            "eps_latest_yearly": 0,
            "eps_growth_yearly": 0
        },
        "20041": {
            "year_quarter": 20041,
            "year": 2004,
            "quarter": 1,
            "eps": -0.11,
            "eps_growth_year": null,
            "eps_4q": -0.3,
            "eps_4q_growth_year": -114.21,
            "roe": -0.88,
            "roe_4q": -2.3699999999999997,
            "gross_profit": 10594,
            "gross_margin": 12.74,
            "gross_margin_4q_avg": 13.76,
            "net_income": -33999,
            "net_income_4q": null,
            "revenue": 83180,
            "revenue_4q": null,
            "common_shares": 3300000,
            "book_valuer_per_share": 11.68,
            "book_valuer_per_share_4q_avg": 11.98,
            "equity": 3855834,
            "current_ratio": 1226.28,
            "debt_ratio": 6.34,
            "inventory_turnover_ratio": 0.04,
            "account_receivable_turnover_ratio": null,
            "reinvestment_rate": -810.54,
            "research_to_sale_ratio": null,
            "price_fair": 0,
            "eps_avg_yearly": 0,
            "eps_latest_yearly": 0,
            "eps_growth_yearly": 0
        },
        "20042": {
            "year_quarter": 20042,
            "year": 2004,
            "quarter": 2,
            "eps": -0.05,
            "eps_growth_year": null,
            "eps_4q": -0.29,
            "eps_4q_growth_year": -113.98,
            "roe": -0.43,
            "roe_4q": -2.48,
            "gross_profit": 30248,
            "gross_margin": 11.96,
            "gross_margin_4q_avg": 12.23,
            "net_income": -16732,
            "net_income_4q": null,
            "revenue": 252935,
            "revenue_4q": null,
            "common_shares": 3300000,
            "book_valuer_per_share": 11.63,
            "book_valuer_per_share_4q_avg": 11.67,
            "equity": 3839098,
            "current_ratio": 2768.63,
            "debt_ratio": 3,
            "inventory_turnover_ratio": 0.1,
            "account_receivable_turnover_ratio": null,
            "reinvestment_rate": -655.28,
            "research_to_sale_ratio": null,
            "price_fair": 0,
            "eps_avg_yearly": 0,
            "eps_latest_yearly": 0,
            "eps_growth_yearly": 0
        },
        "20043": {
            "year_quarter": 20043,
            "year": 2004,
            "quarter": 3,
            "eps": 0.06,
            "eps_growth_year": 100,
            "eps_4q": -0.26,
            "eps_4q_growth_year": -113.38,
            "roe": 0.52,
            "roe_4q": -2.23,
            "gross_profit": 53527,
            "gross_margin": 19.18,
            "gross_margin_4q_avg": 14.05,
            "net_income": 20130,
            "net_income_4q": null,
            "revenue": 279074,
            "revenue_4q": null,
            "common_shares": 3300000,
            "book_valuer_per_share": 11.69,
            "book_valuer_per_share_4q_avg": 11.65,
            "equity": 3859228,
            "current_ratio": 3300.05,
            "debt_ratio": 2.59,
            "inventory_turnover_ratio": 0.11,
            "account_receivable_turnover_ratio": null,
            "reinvestment_rate": -337.15,
            "research_to_sale_ratio": null,
            "price_fair": 0,
            "eps_avg_yearly": 0,
            "eps_latest_yearly": 0,
            "eps_growth_yearly": 0
        },
        "20044": {
            "year_quarter": 20044,
            "year": 2004,
            "quarter": 4,
            "eps": -0.19,
            "eps_growth_year": null,
            "eps_4q": -0.29,
            "eps_4q_growth_year": null,
            "roe": -1.61,
            "roe_4q": -2.4,
            "gross_profit": 8413,
            "gross_margin": 6.35,
            "gross_margin_4q_avg": 12.56,
            "net_income": -61494,
            "net_income_4q": null,
            "revenue": 132484,
            "revenue_4q": null,
            "common_shares": 3300000,
            "book_valuer_per_share": 11.51,
            "book_valuer_per_share_4q_avg": 11.63,
            "equity": 3797734,
            "current_ratio": 4313.29,
            "debt_ratio": 2.08,
            "inventory_turnover_ratio": 0.07,
            "account_receivable_turnover_ratio": null,
            "reinvestment_rate": -312.61,
            "research_to_sale_ratio": null,
            "price_fair": 0,
            "eps_avg_yearly": 0,
            "eps_latest_yearly": 0,
            "eps_growth_yearly": 0
        },
        "20051": {
            "year_quarter": 20051,
            "year": 2005,
            "quarter": 1,
            "eps": -0.02,
            "eps_growth_year": null,
            "eps_4q": -0.26,
            "eps_4q_growth_year": null,
            "roe": -0.13,
            "roe_4q": -1.6500000000000001,
            "gross_profit": 5151,
            "gross_margin": 8.68,
            "gross_margin_4q_avg": 11.54,
            "net_income": -4906,
            "net_income_4q": null,
            "revenue": 59319,
            "revenue_4q": null,
            "common_shares": 3300000,
            "book_valuer_per_share": 11.5,
            "book_valuer_per_share_4q_avg": 11.58,
            "equity": 3794266,
            "current_ratio": 4781.39,
            "debt_ratio": 1.88,
            "inventory_turnover_ratio": 0.03,
            "account_receivable_turnover_ratio": null,
            "reinvestment_rate": -308.22,
            "research_to_sale_ratio": null,
            "price_fair": 0,
            "eps_avg_yearly": 0,
            "eps_latest_yearly": 0,
            "eps_growth_yearly": 0
        },
        "20052": {
            "year_quarter": 20052,
            "year": 2005,
            "quarter": 2,
            "eps": -0.01,
            "eps_growth_year": null,
            "eps_4q": -0.15,
            "eps_4q_growth_year": null,
            "roe": -0.06,
            "roe_4q": -1.28,
            "gross_profit": 893,
            "gross_margin": 37.73,
            "gross_margin_4q_avg": 17.99,
            "net_income": -2113,
            "net_income_4q": null,
            "revenue": 2367,
            "revenue_4q": null,
            "common_shares": 3300000,
            "book_valuer_per_share": 11.49,
            "book_valuer_per_share_4q_avg": 11.55,
            "equity": 3792153,
            "current_ratio": 7432.12,
            "debt_ratio": 1.33,
            "inventory_turnover_ratio": 0,
            "account_receivable_turnover_ratio": null,
            "reinvestment_rate": -287.01,
            "research_to_sale_ratio": null,
            "price_fair": 0,
            "eps_avg_yearly": 0,
            "eps_latest_yearly": 0,
            "eps_growth_yearly": 0
        },
        "20053": {
            "year_quarter": 20053,
            "year": 2005,
            "quarter": 3,
            "eps": -0.03,
            "eps_growth_year": -150,
            "eps_4q": -0.24,
            "eps_4q_growth_year": null,
            "roe": -0.24,
            "roe_4q": -2.04,
            "gross_profit": 0,
            "gross_margin": null,
            "gross_margin_4q_avg": 13.19,
            "net_income": -9218,
            "net_income_4q": null,
            "revenue": 0,
            "revenue_4q": null,
            "common_shares": 3300000,
            "book_valuer_per_share": 11.46,
            "book_valuer_per_share_4q_avg": 11.49,
            "equity": 3782935,
            "current_ratio": 10673.08,
            "debt_ratio": 1.04,
            "inventory_turnover_ratio": 0,
            "account_receivable_turnover_ratio": null,
            "reinvestment_rate": -417.41,
            "research_to_sale_ratio": null,
            "price_fair": 0,
            "eps_avg_yearly": 0,
            "eps_latest_yearly": 0,
            "eps_growth_yearly": 0
        },
        "20054": {
            "year_quarter": 20054,
            "year": 2005,
            "quarter": 4,
            "eps": -0.04,
            "eps_growth_year": null,
            "eps_4q": -0.09,
            "eps_4q_growth_year": null,
            "roe": -0.36,
            "roe_4q": -0.7899999999999999,
            "gross_profit": 12289,
            "gross_margin": 21.48,
            "gross_margin_4q_avg": 16.97,
            "net_income": -13357,
            "net_income_4q": null,
            "revenue": 57219,
            "revenue_4q": null,
            "common_shares": 3300000,
            "book_valuer_per_share": 11.16,
            "book_valuer_per_share_4q_avg": 11.4,
            "equity": 3681978,
            "current_ratio": 9445.14,
            "debt_ratio": 1.55,
            "inventory_turnover_ratio": 0.03,
            "account_receivable_turnover_ratio": null,
            "reinvestment_rate": -397.04,
            "research_to_sale_ratio": null,
            "price_fair": 0,
            "eps_avg_yearly": 0,
            "eps_latest_yearly": 0,
            "eps_growth_yearly": 0
        },
        "20061": {
            "year_quarter": 20061,
            "year": 2006,
            "quarter": 1,
            "eps": -0.11,
            "eps_growth_year": null,
            "eps_4q": -0.2,
            "eps_4q_growth_year": null,
            "roe": -0.87,
            "roe_4q": -1.53,
            "gross_profit": 0,
            "gross_margin": null,
            "gross_margin_4q_avg": 14.8,
            "net_income": -31930,
            "net_income_4q": null,
            "revenue": 0,
            "revenue_4q": null,
            "common_shares": 3140000,
            "book_valuer_per_share": 11.54,
            "book_valuer_per_share_4q_avg": 11.41,
            "equity": 3622948,
            "current_ratio": 14026.68,
            "debt_ratio": 1.29,
            "inventory_turnover_ratio": 0,
            "account_receivable_turnover_ratio": null,
            "reinvestment_rate": -399.1,
            "research_to_sale_ratio": null,
            "price_fair": 0,
            "eps_avg_yearly": 0,
            "eps_latest_yearly": 0,
            "eps_growth_yearly": 0
        },
        "20062": {
            "year_quarter": 20062,
            "year": 2006,
            "quarter": 2,
            "eps": 0.28,
            "eps_growth_year": null,
            "eps_4q": 0.1,
            "eps_4q_growth_year": null,
            "roe": 2.29,
            "roe_4q": 0.8200000000000001,
            "gross_profit": 6586,
            "gross_margin": 17.01,
            "gross_margin_4q_avg": 9.62,
            "net_income": 83553,
            "net_income_4q": null,
            "revenue": 38711,
            "revenue_4q": null,
            "common_shares": 3140000,
            "book_valuer_per_share": 11.69,
            "book_valuer_per_share_4q_avg": 11.46,
            "equity": 3670732,
            "current_ratio": 3607.54,
            "debt_ratio": 2.77,
            "inventory_turnover_ratio": 0.02,
            "account_receivable_turnover_ratio": null,
            "reinvestment_rate": -310.91,
            "research_to_sale_ratio": null,
            "price_fair": 0,
            "eps_avg_yearly": 0,
            "eps_latest_yearly": 0,
            "eps_growth_yearly": 0
        },
        "20063": {
            "year_quarter": 20063,
            "year": 2006,
            "quarter": 3,
            "eps": -0.03,
            "eps_growth_year": null,
            "eps_4q": 0.09,
            "eps_4q_growth_year": null,
            "roe": -0.23,
            "roe_4q": 0.83,
            "gross_profit": 0,
            "gross_margin": null,
            "gross_margin_4q_avg": 9.62,
            "net_income": -8563,
            "net_income_4q": null,
            "revenue": 0,
            "revenue_4q": null,
            "common_shares": 3140000,
            "book_valuer_per_share": 11.6,
            "book_valuer_per_share_4q_avg": 11.5,
            "equity": 3641365,
            "current_ratio": 2191.32,
            "debt_ratio": 4.07,
            "inventory_turnover_ratio": 0,
            "account_receivable_turnover_ratio": null,
            "reinvestment_rate": -290.1,
            "research_to_sale_ratio": null,
            "price_fair": 0,
            "eps_avg_yearly": 0,
            "eps_latest_yearly": 0,
            "eps_growth_yearly": 0
        },
        "20064": {
            "year_quarter": 20064,
            "year": 2006,
            "quarter": 4,
            "eps": 0.17,
            "eps_growth_year": null,
            "eps_4q": 0.31,
            "eps_4q_growth_year": null,
            "roe": 1.41,
            "roe_4q": 2.5999999999999996,
            "gross_profit": 9976,
            "gross_margin": 14.03,
            "gross_margin_4q_avg": 7.76,
            "net_income": 51837,
            "net_income_4q": null,
            "revenue": 71104,
            "revenue_4q": null,
            "common_shares": 3070000,
            "book_valuer_per_share": 12.01,
            "book_valuer_per_share_4q_avg": 11.71,
            "equity": 3688579,
            "current_ratio": 2402.61,
            "debt_ratio": 3.92,
            "inventory_turnover_ratio": 0.04,
            "account_receivable_turnover_ratio": null,
            "reinvestment_rate": null,
            "research_to_sale_ratio": null,
            "price_fair": 0,
            "eps_avg_yearly": 0,
            "eps_latest_yearly": 0,
            "eps_growth_yearly": 0
        },
        "20071": {
            "year_quarter": 20071,
            "year": 2007,
            "quarter": 1,
            "eps": 0.05,
            "eps_growth_year": null,
            "eps_4q": 0.48,
            "eps_4q_growth_year": null,
            "roe": 0.39,
            "roe_4q": 3.86,
            "gross_profit": 128,
            "gross_margin": 53.78,
            "gross_margin_4q_avg": 21.21,
            "net_income": 14590,
            "net_income_4q": null,
            "revenue": 238,
            "revenue_4q": null,
            "common_shares": 3070000,
            "book_valuer_per_share": 12.06,
            "book_valuer_per_share_4q_avg": 11.84,
            "equity": 3703169,
            "current_ratio": 2265.3,
            "debt_ratio": 4.42,
            "inventory_turnover_ratio": 0,
            "account_receivable_turnover_ratio": null,
            "reinvestment_rate": null,
            "research_to_sale_ratio": null,
            "price_fair": 0.6,
            "eps_avg_yearly": 0.2,
            "eps_latest_yearly": 0.2,
            "eps_growth_yearly": -282.35
        },
        "20072": {
            "year_quarter": 20072,
            "year": 2007,
            "quarter": 2,
            "eps": 0.01,
            "eps_growth_year": -96.43,
            "eps_4q": 0.2,
            "eps_4q_growth_year": 105.96,
            "roe": 0.1,
            "roe_4q": 1.67,
            "gross_profit": 672,
            "gross_margin": 47.46,
            "gross_margin_4q_avg": 28.82,
            "net_income": 3686,
            "net_income_4q": null,
            "revenue": 1416,
            "revenue_4q": null,
            "common_shares": 3070000,
            "book_valuer_per_share": 12.07,
            "book_valuer_per_share_4q_avg": 11.94,
            "equity": 3706855,
            "current_ratio": 12279.6,
            "debt_ratio": 1.49,
            "inventory_turnover_ratio": 0,
            "account_receivable_turnover_ratio": null,
            "reinvestment_rate": null,
            "research_to_sale_ratio": null,
            "price_fair": 0.36,
            "eps_avg_yearly": 0.12,
            "eps_latest_yearly": 0.04,
            "eps_growth_yearly": -301.18
        },
        "20073": {
            "year_quarter": 20073,
            "year": 2007,
            "quarter": 3,
            "eps": -0.01,
            "eps_growth_year": null,
            "eps_4q": 0.19,
            "eps_4q_growth_year": 105.88,
            "roe": -0.12,
            "roe_4q": 1.7799999999999998,
            "gross_profit": 655,
            "gross_margin": 49.1,
            "gross_margin_4q_avg": 41.09,
            "net_income": -4345,
            "net_income_4q": null,
            "revenue": 1334,
            "revenue_4q": null,
            "common_shares": 3377000,
            "book_valuer_per_share": 10.98,
            "book_valuer_per_share_4q_avg": 11.78,
            "equity": 3708967,
            "current_ratio": 2675.74,
            "debt_ratio": 3.89,
            "inventory_turnover_ratio": 0,
            "account_receivable_turnover_ratio": null,
            "reinvestment_rate": null,
            "research_to_sale_ratio": null,
            "price_fair": 0.36,
            "eps_avg_yearly": 0.12,
            "eps_latest_yearly": 0.04,
            "eps_growth_yearly": -301.18
        },
        "20074": {
            "year_quarter": 20074,
            "year": 2007,
            "quarter": 4,
            "eps": -0.23,
            "eps_growth_year": -235.29,
            "eps_4q": -0.18,
            "eps_4q_growth_year": -157.84,
            "roe": -1.99,
            "roe_4q": -1.6199999999999997,
            "gross_profit": 653,
            "gross_margin": 49.36,
            "gross_margin_4q_avg": 49.93,
            "net_income": -73242,
            "net_income_4q": null,
            "revenue": 1323,
            "revenue_4q": null,
            "common_shares": 3377000,
            "book_valuer_per_share": 10.77,
            "book_valuer_per_share_4q_avg": 11.47,
            "equity": 3635725,
            "current_ratio": 9426.5,
            "debt_ratio": 1.6,
            "inventory_turnover_ratio": 0,
            "account_receivable_turnover_ratio": null,
            "reinvestment_rate": null,
            "research_to_sale_ratio": null,
            "price_fair": 0.36,
            "eps_avg_yearly": 0.12,
            "eps_latest_yearly": 0.04,
            "eps_growth_yearly": -301.18
        },
        "20081": {
            "year_quarter": 20081,
            "year": 2008,
            "quarter": 1,
            "eps": -0.05,
            "eps_growth_year": -200,
            "eps_4q": -0.29,
            "eps_4q_growth_year": -159.39,
            "roe": -0.43,
            "roe_4q": -2.44,
            "gross_profit": 702,
            "gross_margin": 51.5,
            "gross_margin_4q_avg": 49.36,
            "net_income": -15536,
            "net_income_4q": null,
            "revenue": 1363,
            "revenue_4q": null,
            "common_shares": 3377000,
            "book_valuer_per_share": 10.72,
            "book_valuer_per_share_4q_avg": 11.14,
            "equity": 3620189,
            "current_ratio": 9545.95,
            "debt_ratio": 1.61,
            "inventory_turnover_ratio": 0,
            "account_receivable_turnover_ratio": null,
            "reinvestment_rate": null,
            "research_to_sale_ratio": null,
            "price_fair": 0.36,
            "eps_avg_yearly": 0.12,
            "eps_latest_yearly": 0.04,
            "eps_growth_yearly": -301.18
        },
        "20082": {
            "year_quarter": 20082,
            "year": 2008,
            "quarter": 2,
            "eps": -0.1,
            "eps_growth_year": -1100,
            "eps_4q": -0.37,
            "eps_4q_growth_year": -285.64,
            "roe": -0.9,
            "roe_4q": -3.4400000000000004,
            "gross_profit": 933,
            "gross_margin": 58.94,
            "gross_margin_4q_avg": 52.23,
            "net_income": -32564,
            "net_income_4q": null,
            "revenue": 1583,
            "revenue_4q": null,
            "common_shares": 3377000,
            "book_valuer_per_share": 10.62,
            "book_valuer_per_share_4q_avg": 10.77,
            "equity": 3587625,
            "current_ratio": 12552.26,
            "debt_ratio": 1.38,
            "inventory_turnover_ratio": 0,
            "account_receivable_turnover_ratio": null,
            "reinvestment_rate": null,
            "research_to_sale_ratio": null,
            "price_fair": 0.36,
            "eps_avg_yearly": 0.12,
            "eps_latest_yearly": 0.04,
            "eps_growth_yearly": -301.18
        },
        "20083": {
            "year_quarter": 20083,
            "year": 2008,
            "quarter": 3,
            "eps": -0.08,
            "eps_growth_year": null,
            "eps_4q": -0.44,
            "eps_4q_growth_year": -324.06,
            "roe": -0.73,
            "roe_4q": -4.05,
            "gross_profit": 933,
            "gross_margin": 59.05,
            "gross_margin_4q_avg": 54.71,
            "net_income": -26021,
            "net_income_4q": null,
            "revenue": 1580,
            "revenue_4q": null,
            "common_shares": 3377000,
            "book_valuer_per_share": 10.42,
            "book_valuer_per_share_4q_avg": 10.63,
            "equity": 3519897,
            "current_ratio": 15371.85,
            "debt_ratio": 1.32,
            "inventory_turnover_ratio": 0,
            "account_receivable_turnover_ratio": null,
            "reinvestment_rate": null,
            "research_to_sale_ratio": null,
            "price_fair": 0.36,
            "eps_avg_yearly": 0.12,
            "eps_latest_yearly": 0.04,
            "eps_growth_yearly": -301.18
        },
        "20084": {
            "year_quarter": 20084,
            "year": 2008,
            "quarter": 4,
            "eps": -0.05,
            "eps_growth_year": null,
            "eps_4q": -0.28,
            "eps_4q_growth_year": null,
            "roe": -0.45,
            "roe_4q": -2.5100000000000002,
            "gross_profit": 929,
            "gross_margin": 59.1,
            "gross_margin_4q_avg": 57.15,
            "net_income": -15612,
            "net_income_4q": null,
            "revenue": 1572,
            "revenue_4q": null,
            "common_shares": 3377000,
            "book_valuer_per_share": 10.33,
            "book_valuer_per_share_4q_avg": 10.52,
            "equity": 3489131,
            "current_ratio": 11611.78,
            "debt_ratio": 1.46,
            "inventory_turnover_ratio": 0,
            "account_receivable_turnover_ratio": null,
            "reinvestment_rate": null,
            "research_to_sale_ratio": null,
            "price_fair": 0.36,
            "eps_avg_yearly": 0.12,
            "eps_latest_yearly": 0.04,
            "eps_growth_yearly": -301.18
        },
        "20091": {
            "year_quarter": 20091,
            "year": 2009,
            "quarter": 1,
            "eps": -0.05,
            "eps_growth_year": null,
            "eps_4q": -0.28,
            "eps_4q_growth_year": null,
            "roe": -0.49,
            "roe_4q": -2.57,
            "gross_profit": 943,
            "gross_margin": 59.5,
            "gross_margin_4q_avg": 59.15,
            "net_income": -17209,
            "net_income_4q": null,
            "revenue": 1585,
            "revenue_4q": null,
            "common_shares": 3300000,
            "book_valuer_per_share": 10.52,
            "book_valuer_per_share_4q_avg": 10.47,
            "equity": 3471922,
            "current_ratio": 9392.1,
            "debt_ratio": 1.53,
            "inventory_turnover_ratio": 0,
            "account_receivable_turnover_ratio": null,
            "reinvestment_rate": null,
            "research_to_sale_ratio": null,
            "price_fair": 0.36,
            "eps_avg_yearly": 0.12,
            "eps_latest_yearly": 0.04,
            "eps_growth_yearly": -301.18
        },
        "20092": {
            "year_quarter": 20092,
            "year": 2009,
            "quarter": 2,
            "eps": -0.02,
            "eps_growth_year": null,
            "eps_4q": -0.19,
            "eps_4q_growth_year": null,
            "roe": -0.14,
            "roe_4q": -1.81,
            "gross_profit": 972,
            "gross_margin": 60.22,
            "gross_margin_4q_avg": 59.47,
            "net_income": -4927,
            "net_income_4q": null,
            "revenue": 1614,
            "revenue_4q": null,
            "common_shares": 3300000,
            "book_valuer_per_share": 10.51,
            "book_valuer_per_share_4q_avg": 10.45,
            "equity": 3466995,
            "current_ratio": 11645.94,
            "debt_ratio": 1.42,
            "inventory_turnover_ratio": 0,
            "account_receivable_turnover_ratio": null,
            "reinvestment_rate": null,
            "research_to_sale_ratio": null,
            "price_fair": 0.36,
            "eps_avg_yearly": 0.12,
            "eps_latest_yearly": 0.04,
            "eps_growth_yearly": -301.18
        },
        "20093": {
            "year_quarter": 20093,
            "year": 2009,
            "quarter": 3,
            "eps": 0.08,
            "eps_growth_year": null,
            "eps_4q": -0.04,
            "eps_4q_growth_year": null,
            "roe": 0.75,
            "roe_4q": -0.33,
            "gross_profit": 1220,
            "gross_margin": 65.52,
            "gross_margin_4q_avg": 61.09,
            "net_income": 26200,
            "net_income_4q": null,
            "revenue": 1862,
            "revenue_4q": null,
            "common_shares": 3300000,
            "book_valuer_per_share": 10.59,
            "book_valuer_per_share_4q_avg": 10.49,
            "equity": 3493195,
            "current_ratio": 14567.38,
            "debt_ratio": 1.31,
            "inventory_turnover_ratio": 0,
            "account_receivable_turnover_ratio": null,
            "reinvestment_rate": null,
            "research_to_sale_ratio": null,
            "price_fair": 0.36,
            "eps_avg_yearly": 0.12,
            "eps_latest_yearly": 0.04,
            "eps_growth_yearly": -301.18
        },
        "20094": {
            "year_quarter": 20094,
            "year": 2009,
            "quarter": 4,
            "eps": -0.12,
            "eps_growth_year": null,
            "eps_4q": -0.1,
            "eps_4q_growth_year": null,
            "roe": -1.07,
            "roe_4q": -0.9500000000000001,
            "gross_profit": 1375,
            "gross_margin": 65.98,
            "gross_margin_4q_avg": 62.81,
            "net_income": -37261,
            "net_income_4q": null,
            "revenue": 2084,
            "revenue_4q": null,
            "common_shares": 3300000,
            "book_valuer_per_share": 10.93,
            "book_valuer_per_share_4q_avg": 10.64,
            "equity": 3455934,
            "current_ratio": 16869.19,
            "debt_ratio": 1.27,
            "inventory_turnover_ratio": 0,
            "account_receivable_turnover_ratio": 20.04,
            "reinvestment_rate": null,
            "research_to_sale_ratio": null,
            "price_fair": 0.36,
            "eps_avg_yearly": 0.12,
            "eps_latest_yearly": 0.04,
            "eps_growth_yearly": -301.18
        },
        "20101": {
            "year_quarter": 20101,
            "year": 2010,
            "quarter": 1,
            "eps": -0.28,
            "eps_growth_year": null,
            "eps_4q": -0.33,
            "eps_4q_growth_year": null,
            "roe": -2.64,
            "roe_4q": -3.1,
            "gross_profit": 1325,
            "gross_margin": 51.56,
            "gross_margin_4q_avg": 60.82,
            "net_income": -89930,
            "net_income_4q": null,
            "revenue": 2570,
            "revenue_4q": null,
            "common_shares": 3300000,
            "book_valuer_per_share": 10.64,
            "book_valuer_per_share_4q_avg": 10.67,
            "equity": 3366004,
            "current_ratio": 47458.07,
            "debt_ratio": 0.99,
            "inventory_turnover_ratio": 0,
            "account_receivable_turnover_ratio": 8.68,
            "reinvestment_rate": null,
            "research_to_sale_ratio": null,
            "price_fair": 0.36,
            "eps_avg_yearly": 0.12,
            "eps_latest_yearly": 0.04,
            "eps_growth_yearly": -301.18
        },
        "20102": {
            "year_quarter": 20102,
            "year": 2010,
            "quarter": 2,
            "eps": -0.08,
            "eps_growth_year": null,
            "eps_4q": -0.4,
            "eps_4q_growth_year": null,
            "roe": -0.72,
            "roe_4q": -3.6800000000000006,
            "gross_profit": 1141,
            "gross_margin": 48.41,
            "gross_margin_4q_avg": 57.87,
            "net_income": -24188,
            "net_income_4q": null,
            "revenue": 2357,
            "revenue_4q": null,
            "common_shares": 3300000,
            "book_valuer_per_share": 10.57,
            "book_valuer_per_share_4q_avg": 10.68,
            "equity": 3341816,
            "current_ratio": 55079.49,
            "debt_ratio": 0.99,
            "inventory_turnover_ratio": 0,
            "account_receivable_turnover_ratio": 8.91,
            "reinvestment_rate": null,
            "research_to_sale_ratio": null,
            "price_fair": 0.36,
            "eps_avg_yearly": 0.12,
            "eps_latest_yearly": 0.04,
            "eps_growth_yearly": -301.18
        },
        "20103": {
            "year_quarter": 20103,
            "year": 2010,
            "quarter": 3,
            "eps": 0.16,
            "eps_growth_year": 99.28,
            "eps_4q": -0.32,
            "eps_4q_growth_year": null,
            "roe": 1.5,
            "roe_4q": -2.93,
            "gross_profit": 2149,
            "gross_margin": 41.96,
            "gross_margin_4q_avg": 51.98,
            "net_income": 50422,
            "net_income_4q": null,
            "revenue": 5122,
            "revenue_4q": null,
            "common_shares": 3300000,
            "book_valuer_per_share": 10.73,
            "book_valuer_per_share_4q_avg": 10.72,
            "equity": 3392238,
            "current_ratio": 48924.39,
            "debt_ratio": 1.02,
            "inventory_turnover_ratio": 0,
            "account_receivable_turnover_ratio": 33.26,
            "reinvestment_rate": null,
            "research_to_sale_ratio": null,
            "price_fair": 0.36,
            "eps_avg_yearly": 0.12,
            "eps_latest_yearly": 0.04,
            "eps_growth_yearly": -301.18
        },
        "20104": {
            "year_quarter": 20104,
            "year": 2010,
            "quarter": 4,
            "eps": 1.02,
            "eps_growth_year": null,
            "eps_4q": 0.82,
            "eps_4q_growth_year": null,
            "roe": 9.08,
            "roe_4q": 7.219999999999999,
            "gross_profit": 3099,
            "gross_margin": 71.82,
            "gross_margin_4q_avg": 53.44,
            "net_income": 322823,
            "net_income_4q": null,
            "revenue": 4315,
            "revenue_4q": null,
            "common_shares": 3300000,
            "book_valuer_per_share": 11.75,
            "book_valuer_per_share_4q_avg": 10.92,
            "equity": 3715061,
            "current_ratio": 4887.84,
            "debt_ratio": 2.35,
            "inventory_turnover_ratio": 0,
            "account_receivable_turnover_ratio": 3.64,
            "reinvestment_rate": 263.63,
            "research_to_sale_ratio": null,
            "price_fair": 50.4,
            "eps_avg_yearly": 1.44,
            "eps_latest_yearly": 4.08,
            "eps_growth_yearly": 515.88
        },
        "20111": {
            "year_quarter": 20111,
            "year": 2011,
            "quarter": 1,
            "eps": -0.39,
            "eps_growth_year": null,
            "eps_4q": 0.72,
            "eps_4q_growth_year": null,
            "roe": -3.36,
            "roe_4q": 6.500000000000001,
            "gross_profit": 1022,
            "gross_margin": 45.65,
            "gross_margin_4q_avg": 51.96,
            "net_income": -122659,
            "net_income_4q": null,
            "revenue": 2239,
            "revenue_4q": null,
            "common_shares": 3300000,
            "book_valuer_per_share": 11.36,
            "book_valuer_per_share_4q_avg": 11.1,
            "equity": 3592402,
            "current_ratio": 25521.48,
            "debt_ratio": 1.08,
            "inventory_turnover_ratio": 0,
            "account_receivable_turnover_ratio": 1.91,
            "reinvestment_rate": null,
            "research_to_sale_ratio": null,
            "price_fair": 72.1,
            "eps_avg_yearly": 2.06,
            "eps_latest_yearly": 4.08,
            "eps_growth_yearly": 915
        },
        "20112": {
            "year_quarter": 20112,
            "year": 2011,
            "quarter": 2,
            "eps": -0.26,
            "eps_growth_year": null,
            "eps_4q": 0.53,
            "eps_4q_growth_year": null,
            "roe": -2.36,
            "roe_4q": 4.86,
            "gross_profit": 1087,
            "gross_margin": 47.2,
            "gross_margin_4q_avg": 51.66,
            "net_income": -82993,
            "net_income_4q": null,
            "revenue": 2303,
            "revenue_4q": null,
            "common_shares": 3300000,
            "book_valuer_per_share": 10.92,
            "book_valuer_per_share_4q_avg": 11.19,
            "equity": 3453679,
            "current_ratio": 4371.51,
            "debt_ratio": 2.57,
            "inventory_turnover_ratio": 0,
            "account_receivable_turnover_ratio": 16.93,
            "reinvestment_rate": null,
            "research_to_sale_ratio": null,
            "price_fair": 142.8,
            "eps_avg_yearly": 4.08,
            "eps_latest_yearly": 4.08,
            "eps_growth_yearly": 2150
        },
        "20113": {
            "year_quarter": 20113,
            "year": 2011,
            "quarter": 3,
            "eps": -0.43,
            "eps_growth_year": -367.08,
            "eps_4q": -0.06,
            "eps_4q_growth_year": null,
            "roe": -3.98,
            "roe_4q": -0.6199999999999992,
            "gross_profit": 1156,
            "gross_margin": 48.74,
            "gross_margin_4q_avg": 53.35,
            "net_income": -134917,
            "net_income_4q": null,
            "revenue": 2372,
            "revenue_4q": null,
            "common_shares": 3306192,
            "book_valuer_per_share": 10.48,
            "book_valuer_per_share_4q_avg": 11.13,
            "equity": 3321080,
            "current_ratio": 1690.74,
            "debt_ratio": 5.93,
            "inventory_turnover_ratio": 0,
            "account_receivable_turnover_ratio": 16.65,
            "reinvestment_rate": null,
            "research_to_sale_ratio": null,
            "price_fair": 142.8,
            "eps_avg_yearly": 4.08,
            "eps_latest_yearly": 4.08,
            "eps_growth_yearly": 2150
        },
        "20114": {
            "year_quarter": 20114,
            "year": 2011,
            "quarter": 4,
            "eps": 4.25,
            "eps_growth_year": 316.07,
            "eps_4q": 3.17,
            "eps_4q_growth_year": 287.16,
            "roe": 33.77,
            "roe_4q": 24.070000000000004,
            "gross_profit": 263432,
            "gross_margin": 19.14,
            "gross_margin_4q_avg": 40.18,
            "net_income": 1345693,
            "net_income_4q": null,
            "revenue": 1376573,
            "revenue_4q": null,
            "common_shares": 3306192,
            "book_valuer_per_share": 14.67,
            "book_valuer_per_share_4q_avg": 11.86,
            "equity": 4649661,
            "current_ratio": 3704.94,
            "debt_ratio": 3,
            "inventory_turnover_ratio": 1.15,
            "account_receivable_turnover_ratio": 31.4,
            "reinvestment_rate": 18.46,
            "research_to_sale_ratio": null,
            "price_fair": 142.8,
            "eps_avg_yearly": 4.08,
            "eps_latest_yearly": 4.08,
            "eps_growth_yearly": 2150
        },
        "20121": {
            "year_quarter": 20121,
            "year": 2012,
            "quarter": 1,
            "eps": -0.01,
            "eps_growth_year": null,
            "eps_4q": 3.55,
            "eps_4q_growth_year": 396.23,
            "roe": -0.05,
            "roe_4q": 27.380000000000006,
            "gross_profit": 137,
            "gross_margin": 19.27,
            "gross_margin_4q_avg": 33.59,
            "net_income": -2215,
            "net_income_4q": null,
            "revenue": 711,
            "revenue_4q": null,
            "common_shares": 3306192,
            "book_valuer_per_share": 14.67,
            "book_valuer_per_share_4q_avg": 12.69,
            "equity": 4647446,
            "current_ratio": 4192.62,
            "debt_ratio": 2.71,
            "inventory_turnover_ratio": 0,
            "account_receivable_turnover_ratio": 0.02,
            "reinvestment_rate": 17.32,
            "research_to_sale_ratio": null,
            "price_fair": 142.8,
            "eps_avg_yearly": 4.08,
            "eps_latest_yearly": 4.08,
            "eps_growth_yearly": 2150
        },
        "20122": {
            "year_quarter": 20122,
            "year": 2012,
            "quarter": 2,
            "eps": -3.68,
            "eps_growth_year": null,
            "eps_4q": 16.47,
            "eps_4q_growth_year": 3013.51,
            "roe": -6.62,
            "roe_4q": 23.12,
            "gross_profit": 149,
            "gross_margin": 20.58,
            "gross_margin_4q_avg": 26.93,
            "net_income": -220614,
            "net_income_4q": null,
            "revenue": 724,
            "revenue_4q": null,
            "common_shares": 600000,
            "book_valuer_per_share": 33.67,
            "book_valuer_per_share_4q_avg": 18.37,
            "equity": 2020126,
            "current_ratio": 158.4,
            "debt_ratio": 58.1,
            "inventory_turnover_ratio": 0,
            "account_receivable_turnover_ratio": 4.51,
            "reinvestment_rate": 16.5,
            "research_to_sale_ratio": null,
            "price_fair": 142.8,
            "eps_avg_yearly": 4.08,
            "eps_latest_yearly": 4.08,
            "eps_growth_yearly": 2150
        },
        "20123": {
            "year_quarter": 20123,
            "year": 2012,
            "quarter": 3,
            "eps": 0.73,
            "eps_growth_year": null,
            "eps_4q": 19.44,
            "eps_4q_growth_year": null,
            "roe": 2.14,
            "roe_4q": 29.240000000000002,
            "gross_profit": 208,
            "gross_margin": 26.56,
            "gross_margin_4q_avg": 21.39,
            "net_income": 43539,
            "net_income_4q": null,
            "revenue": 783,
            "revenue_4q": null,
            "common_shares": 600000,
            "book_valuer_per_share": 34.17,
            "book_valuer_per_share_4q_avg": 24.3,
            "equity": 2049917,
            "current_ratio": 2070.59,
            "debt_ratio": 4.42,
            "inventory_turnover_ratio": 0,
            "account_receivable_turnover_ratio": 4.72,
            "reinvestment_rate": 1.15,
            "research_to_sale_ratio": null,
            "price_fair": 142.8,
            "eps_avg_yearly": 4.08,
            "eps_latest_yearly": 4.08,
            "eps_growth_yearly": 2150
        },
        "20124": {
            "year_quarter": 20124,
            "year": 2012,
            "quarter": 4,
            "eps": 0.12,
            "eps_growth_year": -97.08,
            "eps_4q": -2.86,
            "eps_4q_growth_year": -190.3,
            "roe": 0.36,
            "roe_4q": -4.17,
            "gross_profit": 2274,
            "gross_margin": 80.7,
            "gross_margin_4q_avg": 36.78,
            "net_income": 7438,
            "net_income_4q": null,
            "revenue": 2818,
            "revenue_4q": null,
            "common_shares": 600000,
            "book_valuer_per_share": 34.29,
            "book_valuer_per_share_4q_avg": 29.2,
            "equity": 2057355,
            "current_ratio": 1939.41,
            "debt_ratio": 3.79,
            "inventory_turnover_ratio": 0,
            "account_receivable_turnover_ratio": 2.2,
            "reinvestment_rate": 1.12,
            "research_to_sale_ratio": null,
            "price_fair": 79.8,
            "eps_avg_yearly": 2.28,
            "eps_latest_yearly": 0.48,
            "eps_growth_yearly": 907.88
        },
        "20131": {
            "year_quarter": 20131,
            "year": 2013,
            "quarter": 1,
            "eps": -0.05,
            "eps_growth_year": null,
            "eps_4q": -2.88,
            "eps_4q_growth_year": -181.06,
            "roe": -0.15,
            "roe_4q": -4.27,
            "gross_profit": 212,
            "gross_margin": 35.1,
            "gross_margin_4q_avg": 40.74,
            "net_income": -3123,
            "net_income_4q": null,
            "revenue": 604,
            "revenue_4q": null,
            "common_shares": 600000,
            "book_valuer_per_share": 34.24,
            "book_valuer_per_share_4q_avg": 34.09,
            "equity": 2054232,
            "current_ratio": 688.82,
            "debt_ratio": 13.15,
            "inventory_turnover_ratio": 0,
            "account_receivable_turnover_ratio": 0.47,
            "reinvestment_rate": 2.41,
            "research_to_sale_ratio": null,
            "price_fair": 79.8,
            "eps_avg_yearly": 2.28,
            "eps_latest_yearly": 0.48,
            "eps_growth_yearly": 907.88
        },
        "20132": {
            "year_quarter": 20132,
            "year": 2013,
            "quarter": 2,
            "eps": -0.14,
            "eps_growth_year": null,
            "eps_4q": 0.66,
            "eps_4q_growth_year": -96.02,
            "roe": -0.41,
            "roe_4q": 1.9400000000000002,
            "gross_profit": 220,
            "gross_margin": 35.83,
            "gross_margin_4q_avg": 44.55,
            "net_income": -8497,
            "net_income_4q": null,
            "revenue": 614,
            "revenue_4q": null,
            "common_shares": 600000,
            "book_valuer_per_share": 34.1,
            "book_valuer_per_share_4q_avg": 34.2,
            "equity": 2045735,
            "current_ratio": 225.73,
            "debt_ratio": 51.34,
            "inventory_turnover_ratio": 0,
            "account_receivable_turnover_ratio": 3.95,
            "reinvestment_rate": 2.52,
            "research_to_sale_ratio": null,
            "price_fair": 79.8,
            "eps_avg_yearly": 2.28,
            "eps_latest_yearly": 0.48,
            "eps_growth_yearly": 907.88
        },
        "20133": {
            "year_quarter": 20133,
            "year": 2013,
            "quarter": 3,
            "eps": -0.08,
            "eps_growth_year": -111.02,
            "eps_4q": -0.15,
            "eps_4q_growth_year": -100.79,
            "roe": -0.24,
            "roe_4q": -0.43999999999999995,
            "gross_profit": 263,
            "gross_margin": 40.15,
            "gross_margin_4q_avg": 47.95,
            "net_income": -5004,
            "net_income_4q": null,
            "revenue": 655,
            "revenue_4q": null,
            "common_shares": 600000,
            "book_valuer_per_share": 34.01,
            "book_valuer_per_share_4q_avg": 34.16,
            "equity": 2040731,
            "current_ratio": 167.32,
            "debt_ratio": 56.78,
            "inventory_turnover_ratio": 0,
            "account_receivable_turnover_ratio": 4.19,
            "reinvestment_rate": 2.54,
            "research_to_sale_ratio": null,
            "price_fair": 79.8,
            "eps_avg_yearly": 2.28,
            "eps_latest_yearly": 0.48,
            "eps_growth_yearly": 907.88
        },
        "20134": {
            "year_quarter": 20134,
            "year": 2013,
            "quarter": 4,
            "eps": 0.09,
            "eps_growth_year": -24.94,
            "eps_4q": -0.18,
            "eps_4q_growth_year": null,
            "roe": 0.27,
            "roe_4q": -0.5299999999999999,
            "gross_profit": 15788,
            "gross_margin": 17.27,
            "gross_margin_4q_avg": 32.09,
            "net_income": 5583,
            "net_income_4q": null,
            "revenue": 91395,
            "revenue_4q": null,
            "common_shares": 600000,
            "book_valuer_per_share": 34.11,
            "book_valuer_per_share_4q_avg": 34.12,
            "equity": 2046314,
            "current_ratio": 160.13,
            "debt_ratio": 57.49,
            "inventory_turnover_ratio": 0.02,
            "account_receivable_turnover_ratio": 70.74,
            "reinvestment_rate": -15.43,
            "research_to_sale_ratio": null,
            "price_fair": 79.8,
            "eps_avg_yearly": 2.28,
            "eps_latest_yearly": 0.48,
            "eps_growth_yearly": 907.88
        },
        "20141": {
            "year_quarter": 20141,
            "year": 2014,
            "quarter": 1,
            "eps": 0.03,
            "eps_growth_year": null,
            "eps_4q": -0.1,
            "eps_4q_growth_year": null,
            "roe": 0.1,
            "roe_4q": -0.27999999999999997,
            "gross_profit": 13295,
            "gross_margin": 27.69,
            "gross_margin_4q_avg": 30.24,
            "net_income": 1976,
            "net_income_4q": null,
            "revenue": 48019,
            "revenue_4q": null,
            "common_shares": 600000,
            "book_valuer_per_share": 34.14,
            "book_valuer_per_share_4q_avg": 34.09,
            "equity": 2048290,
            "current_ratio": 153.37,
            "debt_ratio": 60.46,
            "inventory_turnover_ratio": 0.01,
            "account_receivable_turnover_ratio": 17.63,
            "reinvestment_rate": -14.37,
            "research_to_sale_ratio": null,
            "price_fair": 54.6,
            "eps_avg_yearly": 1.56,
            "eps_latest_yearly": 0.12,
            "eps_growth_yearly": 516.36
        },
        "20142": {
            "year_quarter": 20142,
            "year": 2014,
            "quarter": 2,
            "eps": 3.59,
            "eps_growth_year": null,
            "eps_4q": 3.63,
            "eps_4q_growth_year": 453.9,
            "roe": 9.99,
            "roe_4q": 10.12,
            "gross_profit": 281993,
            "gross_margin": 29.54,
            "gross_margin_4q_avg": 28.66,
            "net_income": 215442,
            "net_income_4q": null,
            "revenue": 954476,
            "revenue_4q": null,
            "common_shares": 600000,
            "book_valuer_per_share": 37.73,
            "book_valuer_per_share_4q_avg": 35,
            "equity": 2263732,
            "current_ratio": 165.43,
            "debt_ratio": 56.46,
            "inventory_turnover_ratio": 0.15,
            "account_receivable_turnover_ratio": 341.07,
            "reinvestment_rate": -12.15,
            "research_to_sale_ratio": null,
            "price_fair": 166.6,
            "eps_avg_yearly": 4.76,
            "eps_latest_yearly": 14.36,
            "eps_growth_yearly": 12253.94
        },
        "20143": {
            "year_quarter": 20143,
            "year": 2014,
            "quarter": 3,
            "eps": 1.16,
            "eps_growth_year": null,
            "eps_4q": 4.88,
            "eps_4q_growth_year": null,
            "roe": 3.04,
            "roe_4q": 13.4,
            "gross_profit": 104333,
            "gross_margin": 28.33,
            "gross_margin_4q_avg": 25.71,
            "net_income": 69777,
            "net_income_4q": null,
            "revenue": 368271,
            "revenue_4q": null,
            "common_shares": 600000,
            "book_valuer_per_share": 38.89,
            "book_valuer_per_share_4q_avg": 36.22,
            "equity": 2333509,
            "current_ratio": 169.64,
            "debt_ratio": 55.02,
            "inventory_turnover_ratio": 0.06,
            "account_receivable_turnover_ratio": 271.69,
            "reinvestment_rate": -11.64,
            "research_to_sale_ratio": null,
            "price_fair": 165.76,
            "eps_avg_yearly": 4.74,
            "eps_latest_yearly": 4.64,
            "eps_growth_yearly": 9749
        },
        "20144": {
            "year_quarter": 20144,
            "year": 2014,
            "quarter": 4,
            "eps": 0.56,
            "eps_growth_year": 506.97,
            "eps_4q": 5.35,
            "eps_4q_growth_year": null,
            "roe": 1.44,
            "roe_4q": 14.57,
            "gross_profit": 67309,
            "gross_margin": 31.97,
            "gross_margin_4q_avg": 29.38,
            "net_income": 33887,
            "net_income_4q": null,
            "revenue": 210564,
            "revenue_4q": null,
            "common_shares": 600000,
            "book_valuer_per_share": 39.46,
            "book_valuer_per_share_4q_avg": 37.56,
            "equity": 2367396,
            "current_ratio": 157.34,
            "debt_ratio": 59.81,
            "inventory_turnover_ratio": 0.03,
            "account_receivable_turnover_ratio": 129.46,
            "reinvestment_rate": -15.3,
            "research_to_sale_ratio": null,
            "price_fair": 152.88,
            "eps_avg_yearly": 4.37,
            "eps_latest_yearly": 2.24,
            "eps_growth_yearly": 9277.62
        },
        "20151": {
            "year_quarter": 20151,
            "year": 2015,
            "quarter": 1,
            "eps": -0.12,
            "eps_growth_year": -500,
            "eps_4q": 5.2,
            "eps_4q_growth_year": null,
            "roe": -0.3,
            "roe_4q": 14.17,
            "gross_profit": 14008,
            "gross_margin": 28.33,
            "gross_margin_4q_avg": 29.54,
            "net_income": -7168,
            "net_income_4q": null,
            "revenue": 49439,
            "revenue_4q": null,
            "common_shares": 600000,
            "book_valuer_per_share": 39.34,
            "book_valuer_per_share_4q_avg": 38.86,
            "equity": 2360228,
            "current_ratio": 181.82,
            "debt_ratio": 60.72,
            "inventory_turnover_ratio": 0.01,
            "account_receivable_turnover_ratio": 30.53,
            "reinvestment_rate": -14.36,
            "research_to_sale_ratio": null,
            "price_fair": 152.88,
            "eps_avg_yearly": 4.37,
            "eps_latest_yearly": 2.24,
            "eps_growth_yearly": 9277.62
        },
        "20152": {
            "year_quarter": 20152,
            "year": 2015,
            "quarter": 2,
            "eps": -0.37,
            "eps_growth_year": -110.31,
            "eps_4q": 1.08,
            "eps_4q_growth_year": -70.28,
            "roe": -0.95,
            "roe_4q": 3.23,
            "gross_profit": 3790,
            "gross_margin": 33.98,
            "gross_margin_4q_avg": 30.65,
            "net_income": -21988,
            "net_income_4q": null,
            "revenue": 11154,
            "revenue_4q": null,
            "common_shares": 600000,
            "book_valuer_per_share": 37.47,
            "book_valuer_per_share_4q_avg": 38.79,
            "equity": 2248240,
            "current_ratio": 172.31,
            "debt_ratio": 64.37,
            "inventory_turnover_ratio": 0,
            "account_receivable_turnover_ratio": 91.05,
            "reinvestment_rate": -13.72,
            "research_to_sale_ratio": null,
            "price_fair": 152.88,
            "eps_avg_yearly": 4.37,
            "eps_latest_yearly": 2.24,
            "eps_growth_yearly": 9277.62
        },
        "20153": {
            "year_quarter": 20153,
            "year": 2015,
            "quarter": 3,
            "eps": -0.2,
            "eps_growth_year": -117.24,
            "eps_4q": -0.13,
            "eps_4q_growth_year": -102.71,
            "roe": -0.62,
            "roe_4q": -0.42999999999999994,
            "gross_profit": 12124,
            "gross_margin": 30.52,
            "gross_margin_4q_avg": 31.2,
            "net_income": -13855,
            "net_income_4q": null,
            "revenue": 39727,
            "revenue_4q": null,
            "common_shares": 690000,
            "book_valuer_per_share": 32.38,
            "book_valuer_per_share_4q_avg": 37.16,
            "equity": 2234385,
            "current_ratio": 157,
            "debt_ratio": 65.57,
            "inventory_turnover_ratio": 0,
            "account_receivable_turnover_ratio": 256.3,
            "reinvestment_rate": -12.98,
            "research_to_sale_ratio": null,
            "price_fair": 152.88,
            "eps_avg_yearly": 4.37,
            "eps_latest_yearly": 2.24,
            "eps_growth_yearly": 9277.62
        },
        "20154": {
            "year_quarter": 20154,
            "year": 2015,
            "quarter": 4,
            "eps": 0.07,
            "eps_growth_year": -87.26,
            "eps_4q": -0.55,
            "eps_4q_growth_year": -110.3,
            "roe": 0.22,
            "roe_4q": -1.6500000000000001,
            "gross_profit": 49041,
            "gross_margin": 29.14,
            "gross_margin_4q_avg": 30.49,
            "net_income": 4965,
            "net_income_4q": null,
            "revenue": 168267,
            "revenue_4q": null,
            "common_shares": 690000,
            "book_valuer_per_share": 32.45,
            "book_valuer_per_share_4q_avg": 35.41,
            "equity": 2239350,
            "current_ratio": 152.7,
            "debt_ratio": 65.78,
            "inventory_turnover_ratio": 0.02,
            "account_receivable_turnover_ratio": 115.77,
            "reinvestment_rate": -189.77,
            "research_to_sale_ratio": null,
            "price_fair": 152.88,
            "eps_avg_yearly": 4.37,
            "eps_latest_yearly": 2.24,
            "eps_growth_yearly": 9277.62
        },
        "20161": {
            "year_quarter": 20161,
            "year": 2016,
            "quarter": 1,
            "eps": -0.32,
            "eps_growth_year": null,
            "eps_4q": -0.77,
            "eps_4q_growth_year": -114.83,
            "roe": -1,
            "roe_4q": -2.3499999999999996,
            "gross_profit": 21287,
            "gross_margin": 28.02,
            "gross_margin_4q_avg": 30.42,
            "net_income": -22318,
            "net_income_4q": null,
            "revenue": 75959,
            "revenue_4q": null,
            "common_shares": 690000,
            "book_valuer_per_share": 32.13,
            "book_valuer_per_share_4q_avg": 33.61,
            "equity": 2217032,
            "current_ratio": 150.22,
            "debt_ratio": 66.81,
            "inventory_turnover_ratio": 0.01,
            "account_receivable_turnover_ratio": 4.35,
            "reinvestment_rate": -224.46,
            "research_to_sale_ratio": null,
            "price_fair": 152.88,
            "eps_avg_yearly": 4.37,
            "eps_latest_yearly": 2.24,
            "eps_growth_yearly": 9277.62
        },
        "20162": {
            "year_quarter": 20162,
            "year": 2016,
            "quarter": 2,
            "eps": 0.56,
            "eps_growth_year": null,
            "eps_4q": 0.1,
            "eps_4q_growth_year": -90.73,
            "roe": 1.74,
            "roe_4q": 0.33999999999999997,
            "gross_profit": 95736,
            "gross_margin": 22.85,
            "gross_margin_4q_avg": 27.63,
            "net_income": 38809,
            "net_income_4q": null,
            "revenue": 419047,
            "revenue_4q": null,
            "common_shares": 690000,
            "book_valuer_per_share": 32.69,
            "book_valuer_per_share_4q_avg": 32.41,
            "equity": 2255841,
            "current_ratio": 172.09,
            "debt_ratio": 65.39,
            "inventory_turnover_ratio": 0.06,
            "account_receivable_turnover_ratio": 26.05,
            "reinvestment_rate": -41.02,
            "research_to_sale_ratio": null,
            "price_fair": 152.88,
            "eps_avg_yearly": 4.37,
            "eps_latest_yearly": 2.24,
            "eps_growth_yearly": 9277.62
        },
        "20163": {
            "year_quarter": 20163,
            "year": 2016,
            "quarter": 3,
            "eps": 0.25,
            "eps_growth_year": null,
            "eps_4q": 0.53,
            "eps_4q_growth_year": null,
            "roe": 0.84,
            "roe_4q": 1.8,
            "gross_profit": 79690,
            "gross_margin": 21.07,
            "gross_margin_4q_avg": 25.27,
            "net_income": 18916,
            "net_income_4q": null,
            "revenue": 378246,
            "revenue_4q": null,
            "common_shares": 759000,
            "book_valuer_per_share": 29.97,
            "book_valuer_per_share_4q_avg": 31.81,
            "equity": 2274757,
            "current_ratio": 186.55,
            "debt_ratio": 64.13,
            "inventory_turnover_ratio": 0.05,
            "account_receivable_turnover_ratio": null,
            "reinvestment_rate": 2.63,
            "research_to_sale_ratio": null,
            "price_fair": 133.23,
            "eps_avg_yearly": 3.81,
            "eps_latest_yearly": 1,
            "eps_growth_yearly": 7694.45
        },
        "20164": {
            "year_quarter": 20164,
            "year": 2016,
            "quarter": 4,
            "eps": 0.1,
            "eps_growth_year": 39.85,
            "eps_4q": 0.57,
            "eps_4q_growth_year": null,
            "roe": 0.34,
            "roe_4q": 1.92,
            "gross_profit": 94922,
            "gross_margin": 21.89,
            "gross_margin_4q_avg": 23.46,
            "net_income": 7638,
            "net_income_4q": null,
            "revenue": 433710,
            "revenue_4q": null,
            "common_shares": 759000,
            "book_valuer_per_share": 30.07,
            "book_valuer_per_share_4q_avg": 31.22,
            "equity": 2282395,
            "current_ratio": 195.69,
            "debt_ratio": 65.95,
            "inventory_turnover_ratio": 0.06,
            "account_receivable_turnover_ratio": 362.18,
            "reinvestment_rate": 9.01,
            "research_to_sale_ratio": null,
            "price_fair": 132.77,
            "eps_avg_yearly": 3.79,
            "eps_latest_yearly": 0.4,
            "eps_growth_yearly": 7710.15
        },
        "20171": {
            "year_quarter": 20171,
            "year": 2017,
            "quarter": 1,
            "eps": 0.4,
            "eps_growth_year": null,
            "eps_4q": 1.26,
            "eps_4q_growth_year": null,
            "roe": 1.31,
            "roe_4q": 4.23,
            "gross_profit": 91778,
            "gross_margin": 22.57,
            "gross_margin_4q_avg": 22.1,
            "net_income": 30156,
            "net_income_4q": null,
            "revenue": 406676,
            "revenue_4q": null,
            "common_shares": 759000,
            "book_valuer_per_share": 30.52,
            "book_valuer_per_share_4q_avg": 30.81,
            "equity": 2316291,
            "current_ratio": 226.88,
            "debt_ratio": 64.2,
            "inventory_turnover_ratio": 0.06,
            "account_receivable_turnover_ratio": 237.82,
            "reinvestment_rate": 5.19,
            "research_to_sale_ratio": null,
            "price_fair": 121.8,
            "eps_avg_yearly": 3.48,
            "eps_latest_yearly": 1.6,
            "eps_growth_yearly": 6780.13
        },
        "20172": {
            "year_quarter": 20172,
            "year": 2017,
            "quarter": 2,
            "eps": 0.77,
            "eps_growth_year": 37.5,
            "eps_4q": 1.51,
            "eps_4q_growth_year": 1412.05,
            "roe": 2.52,
            "roe_4q": 5.01,
            "gross_profit": 140899,
            "gross_margin": 24.53,
            "gross_margin_4q_avg": 22.52,
            "net_income": 58221,
            "net_income_4q": null,
            "revenue": 574468,
            "revenue_4q": null,
            "common_shares": 759000,
            "book_valuer_per_share": 30.28,
            "book_valuer_per_share_4q_avg": 30.21,
            "equity": 2298612,
            "current_ratio": 222.16,
            "debt_ratio": 63.95,
            "inventory_turnover_ratio": 0.08,
            "account_receivable_turnover_ratio": 1120.91,
            "reinvestment_rate": 4.07,
            "research_to_sale_ratio": null,
            "price_fair": 120.05,
            "eps_avg_yearly": 3.43,
            "eps_latest_yearly": 3.08,
            "eps_growth_yearly": 5978.87
        },
        "20173": {
            "year_quarter": 20173,
            "year": 2017,
            "quarter": 3,
            "eps": 0.75,
            "eps_growth_year": 200,
            "eps_4q": 2.02,
            "eps_4q_growth_year": 279.34,
            "roe": 2.45,
            "roe_4q": 6.620000000000001,
            "gross_profit": 119476,
            "gross_margin": 24.02,
            "gross_margin_4q_avg": 23.25,
            "net_income": 57133,
            "net_income_4q": null,
            "revenue": 497332,
            "revenue_4q": null,
            "common_shares": 759000,
            "book_valuer_per_share": 31.05,
            "book_valuer_per_share_4q_avg": 30.48,
            "equity": 2356743,
            "current_ratio": 192.61,
            "debt_ratio": 68.65,
            "inventory_turnover_ratio": 0.07,
            "account_receivable_turnover_ratio": 1912.82,
            "reinvestment_rate": 3.85,
            "research_to_sale_ratio": null,
            "price_fair": 118.38,
            "eps_avg_yearly": 3.38,
            "eps_latest_yearly": 3,
            "eps_growth_yearly": 5313.39
        },
        "20174": {
            "year_quarter": 20174,
            "year": 2017,
            "quarter": 4,
            "eps": 1.23,
            "eps_growth_year": 1122.47,
            "eps_4q": 3.15,
            "eps_4q_growth_year": 454.96,
            "roe": 3.88,
            "roe_4q": 10.16,
            "gross_profit": 196738,
            "gross_margin": 26.24,
            "gross_margin_4q_avg": 24.34,
            "net_income": 93372,
            "net_income_4q": null,
            "revenue": 749660,
            "revenue_4q": null,
            "common_shares": 759000,
            "book_valuer_per_share": 32.28,
            "book_valuer_per_share_4q_avg": 31.03,
            "equity": 2450115,
            "current_ratio": 197.21,
            "debt_ratio": 65.5,
            "inventory_turnover_ratio": 0.09,
            "account_receivable_turnover_ratio": 536.62,
            "reinvestment_rate": 3.34,
            "research_to_sale_ratio": null,
            "price_fair": 123.76,
            "eps_avg_yearly": 3.54,
            "eps_latest_yearly": 4.92,
            "eps_growth_yearly": 4807.65
        },
        "20181": {
            "year_quarter": 20181,
            "year": 2018,
            "quarter": 1,
            "eps": 1.52,
            "eps_growth_year": 280,
            "eps_4q": 4.27,
            "eps_4q_growth_year": 239.16,
            "roe": 4.59,
            "roe_4q": 13.439999999999998,
            "gross_profit": 187825,
            "gross_margin": 29.75,
            "gross_margin_4q_avg": 26.14,
            "net_income": 115239,
            "net_income_4q": null,
            "revenue": 631448,
            "revenue_4q": null,
            "common_shares": 759000,
            "book_valuer_per_share": 33.81,
            "book_valuer_per_share_4q_avg": 31.86,
            "equity": 2566236,
            "current_ratio": 188.24,
            "debt_ratio": 62.59,
            "inventory_turnover_ratio": 0.08,
            "account_receivable_turnover_ratio": 461.58,
            "reinvestment_rate": -0.78,
            "research_to_sale_ratio": null,
            "price_fair": 144.62,
            "eps_avg_yearly": 4.13,
            "eps_latest_yearly": 6.08,
            "eps_growth_yearly": 4843.75
        },
        "20182": {
            "year_quarter": 20182,
            "year": 2018,
            "quarter": 2,
            "eps": 0.66,
            "eps_growth_year": -14.29,
            "eps_4q": 3.97,
            "eps_4q_growth_year": 161.97,
            "roe": 2.02,
            "roe_4q": 12.939999999999998,
            "gross_profit": 111102,
            "gross_margin": 28.04,
            "gross_margin_4q_avg": 27.01,
            "net_income": 50393,
            "net_income_4q": null,
            "revenue": 396265,
            "revenue_4q": null,
            "common_shares": 759000,
            "book_valuer_per_share": 31.97,
            "book_valuer_per_share_4q_avg": 32.28,
            "equity": 2426879,
            "current_ratio": 158.62,
            "debt_ratio": 69.48,
            "inventory_turnover_ratio": 0.06,
            "account_receivable_turnover_ratio": 272.53,
            "reinvestment_rate": -0.84,
            "research_to_sale_ratio": null,
            "price_fair": 103.6,
            "eps_avg_yearly": 2.96,
            "eps_latest_yearly": 2.64,
            "eps_growth_yearly": 74.45
        },
        "20183": {
            "year_quarter": 20183,
            "year": 2018,
            "quarter": 3,
            "eps": 0.85,
            "eps_growth_year": 13.33,
            "eps_4q": 4.1,
            "eps_4q_growth_year": 103.19,
            "roe": 2.75,
            "roe_4q": 13.239999999999998,
            "gross_profit": 158065,
            "gross_margin": 24.84,
            "gross_margin_4q_avg": 27.22,
            "net_income": 67741,
            "net_income_4q": null,
            "revenue": 636377,
            "revenue_4q": null,
            "common_shares": 796950,
            "book_valuer_per_share": 31.32,
            "book_valuer_per_share_4q_avg": 32.35,
            "equity": 2496027,
            "current_ratio": 173.66,
            "debt_ratio": 69.3,
            "inventory_turnover_ratio": 0.1,
            "account_receivable_turnover_ratio": 458.48,
            "reinvestment_rate": -1.48,
            "research_to_sale_ratio": null,
            "price_fair": 99.26,
            "eps_avg_yearly": 2.84,
            "eps_latest_yearly": 3.4,
            "eps_growth_yearly": 113.04
        },
        "20184": {
            "year_quarter": 20184,
            "year": 2018,
            "quarter": 4,
            "eps": 1.56,
            "eps_growth_year": 26.48,
            "eps_4q": 4.48,
            "eps_4q_growth_year": 42.48,
            "roe": 4.85,
            "roe_4q": 14.209999999999999,
            "gross_profit": 251939,
            "gross_margin": 26.32,
            "gross_margin_4q_avg": 27.24,
            "net_income": 124003,
            "net_income_4q": null,
            "revenue": 957377,
            "revenue_4q": null,
            "common_shares": 796950,
            "book_valuer_per_share": 32.87,
            "book_valuer_per_share_4q_avg": 32.49,
            "equity": 2619826,
            "current_ratio": 191.61,
            "debt_ratio": 67.3,
            "inventory_turnover_ratio": 0.16,
            "account_receivable_turnover_ratio": 456.65,
            "reinvestment_rate": -1.12,
            "research_to_sale_ratio": null,
            "price_fair": 113.26,
            "eps_avg_yearly": 3.24,
            "eps_latest_yearly": 6.24,
            "eps_growth_yearly": 167.14
        },
        "20191": {
            "year_quarter": 20191,
            "year": 2019,
            "quarter": 1,
            "eps": 0.76,
            "eps_growth_year": -50,
            "eps_4q": 3.8,
            "eps_4q_growth_year": -10.95,
            "roe": 2.29,
            "roe_4q": 11.91,
            "gross_profit": 131695,
            "gross_margin": 26.07,
            "gross_margin_4q_avg": 26.32,
            "net_income": 60772,
            "net_income_4q": null,
            "revenue": 505166,
            "revenue_4q": null,
            "common_shares": 796950,
            "book_valuer_per_share": 33.65,
            "book_valuer_per_share_4q_avg": 32.45,
            "equity": 2681555,
            "current_ratio": 202.42,
            "debt_ratio": 66.64,
            "inventory_turnover_ratio": 0.09,
            "account_receivable_turnover_ratio": 117.18,
            "reinvestment_rate": -0.85,
            "research_to_sale_ratio": null,
            "price_fair": 112.64,
            "eps_avg_yearly": 3.22,
            "eps_latest_yearly": 3.04,
            "eps_growth_yearly": 133.3
        },
        "20192": {
            "year_quarter": 20192,
            "year": 2019,
            "quarter": 2,
            "eps": -0.14,
            "eps_growth_year": -121.21,
            "eps_4q": 2.53,
            "eps_4q_growth_year": -36.34,
            "roe": -0.42,
            "roe_4q": 9.469999999999999,
            "gross_profit": 34383,
            "gross_margin": 29.29,
            "gross_margin_4q_avg": 26.63,
            "net_income": -11010,
            "net_income_4q": null,
            "revenue": 117408,
            "revenue_4q": null,
            "common_shares": 796950,
            "book_valuer_per_share": 31.51,
            "book_valuer_per_share_4q_avg": 32.34,
            "equity": 2511155,
            "current_ratio": 167.52,
            "debt_ratio": 71.7,
            "inventory_turnover_ratio": 0.02,
            "account_receivable_turnover_ratio": 35.04,
            "reinvestment_rate": -0.59,
            "research_to_sale_ratio": null,
            "price_fair": 112.64,
            "eps_avg_yearly": 3.22,
            "eps_latest_yearly": 3.04,
            "eps_growth_yearly": 133.3
        },
        "20193": {
            "year_quarter": 20193,
            "year": 2019,
            "quarter": 3,
            "eps": -0.23,
            "eps_growth_year": -127.06,
            "eps_4q": 1.59,
            "eps_4q_growth_year": -61.29,
            "roe": -0.88,
            "roe_4q": 5.84,
            "gross_profit": 30312,
            "gross_margin": 29.69,
            "gross_margin_4q_avg": 27.84,
            "net_income": -21986,
            "net_income_4q": null,
            "revenue": 102086,
            "revenue_4q": null,
            "common_shares": 956340,
            "book_valuer_per_share": 26.04,
            "book_valuer_per_share_4q_avg": 31.02,
            "equity": 2490208,
            "current_ratio": 153.52,
            "debt_ratio": 75.58,
            "inventory_turnover_ratio": 0.01,
            "account_receivable_turnover_ratio": 54.72,
            "reinvestment_rate": -0.54,
            "research_to_sale_ratio": null,
            "price_fair": 112.64,
            "eps_avg_yearly": 3.22,
            "eps_latest_yearly": 3.04,
            "eps_growth_yearly": 133.3
        },
        "20194": {
            "year_quarter": 20194,
            "year": 2019,
            "quarter": 4,
            "eps": 2.16,
            "eps_growth_year": 39.03,
            "eps_4q": 2.45,
            "eps_4q_growth_year": -45.28,
            "roe": 7.98,
            "roe_4q": 8.97,
            "gross_profit": 384483,
            "gross_margin": 28.48,
            "gross_margin_4q_avg": 28.38,
            "net_income": 206876,
            "net_income_4q": null,
            "revenue": 1350111,
            "revenue_4q": null,
            "common_shares": 956340,
            "book_valuer_per_share": 28.2,
            "book_valuer_per_share_4q_avg": 29.85,
            "equity": 2697084,
            "current_ratio": 191.74,
            "debt_ratio": 71.9,
            "inventory_turnover_ratio": 0.17,
            "account_receivable_turnover_ratio": 418.83,
            "reinvestment_rate": -0.25,
            "research_to_sale_ratio": null,
            "price_fair": 112.64,
            "eps_avg_yearly": 3.22,
            "eps_latest_yearly": 3.04,
            "eps_growth_yearly": 133.3
        },
        "20201": {
            "year_quarter": 20201,
            "year": 2020,
            "quarter": 1,
            "eps": 0.39,
            "eps_growth_year": -48.68,
            "eps_4q": 2.21,
            "eps_4q_growth_year": -41.8,
            "roe": 1.38,
            "roe_4q": 8.059999999999999,
            "gross_profit": 109449,
            "gross_margin": 28,
            "gross_margin_4q_avg": 28.87,
            "net_income": 37678,
            "net_income_4q": null,
            "revenue": 390905,
            "revenue_4q": null,
            "common_shares": 956340,
            "book_valuer_per_share": 28.95,
            "book_valuer_per_share_4q_avg": 28.68,
            "equity": 2768372,
            "current_ratio": 171.59,
            "debt_ratio": 73.15,
            "inventory_turnover_ratio": 0.04,
            "account_receivable_turnover_ratio": 140.13,
            "reinvestment_rate": -0.17,
            "research_to_sale_ratio": null,
            "price_fair": 107.8,
            "eps_avg_yearly": 3.08,
            "eps_latest_yearly": 1.56,
            "eps_growth_yearly": 94.88
        },
        "20202": {
            "year_quarter": 20202,
            "year": 2020,
            "quarter": 2,
            "eps": 0.24,
            "eps_growth_year": null,
            "eps_4q": 2.57,
            "eps_4q_growth_year": 1.62,
            "roe": 0.86,
            "roe_4q": 9.34,
            "gross_profit": 81279,
            "gross_margin": 29.04,
            "gross_margin_4q_avg": 28.8,
            "net_income": 22857,
            "net_income_4q": null,
            "revenue": 279864,
            "revenue_4q": null,
            "common_shares": 956340,
            "book_valuer_per_share": 26.69,
            "book_valuer_per_share_4q_avg": 27.47,
            "equity": 2552144,
            "current_ratio": 135.43,
            "debt_ratio": 77.31,
            "inventory_turnover_ratio": 0.03,
            "account_receivable_turnover_ratio": 355.83,
            "reinvestment_rate": 0.47,
            "research_to_sale_ratio": null,
            "price_fair": 102.09,
            "eps_avg_yearly": 2.92,
            "eps_latest_yearly": 0.96,
            "eps_growth_yearly": 75.75
        },
        "20203": {
            "year_quarter": 20203,
            "year": 2020,
            "quarter": 3,
            "eps": 1.8,
            "eps_growth_year": null,
            "eps_4q": 4.59,
            "eps_4q_growth_year": 189.43,
            "roe": 6.51,
            "roe_4q": 16.73,
            "gross_profit": 257725,
            "gross_margin": 30.45,
            "gross_margin_4q_avg": 28.99,
            "net_income": 171886,
            "net_income_4q": null,
            "revenue": 846425,
            "revenue_4q": null,
            "common_shares": 956340,
            "book_valuer_per_share": 28.5,
            "book_valuer_per_share_4q_avg": 28.09,
            "equity": 2725301,
            "current_ratio": 140.69,
            "debt_ratio": 75.66,
            "inventory_turnover_ratio": 0.08,
            "account_receivable_turnover_ratio": 1798.99,
            "reinvestment_rate": 0.71,
            "research_to_sale_ratio": null,
            "price_fair": 118.78,
            "eps_avg_yearly": 3.39,
            "eps_latest_yearly": 7.2,
            "eps_growth_yearly": 292.78
        },
        "20204": {
            "year_quarter": 20204,
            "year": 2020,
            "quarter": 4,
            "eps": -0.55,
            "eps_growth_year": -125.51,
            "eps_4q": 1.88,
            "eps_4q_growth_year": -23.44,
            "roe": -1.94,
            "roe_4q": 6.8100000000000005,
            "gross_profit": 45624,
            "gross_margin": 39.78,
            "gross_margin_4q_avg": 31.82,
            "net_income": -52773,
            "net_income_4q": null,
            "revenue": 114687,
            "revenue_4q": null,
            "common_shares": 956340,
            "book_valuer_per_share": 28.3,
            "book_valuer_per_share_4q_avg": 28.11,
            "equity": 2706849,
            "current_ratio": 153.45,
            "debt_ratio": 76.81,
            "inventory_turnover_ratio": 0.01,
            "account_receivable_turnover_ratio": 103.18,
            "reinvestment_rate": -0.52,
            "research_to_sale_ratio": null,
            "price_fair": 127.52,
            "eps_avg_yearly": 3.64,
            "eps_latest_yearly": 7.2,
            "eps_growth_yearly": 337.18
        },
        "20211": {
            "year_quarter": 20211,
            "year": 2021,
            "quarter": 1,
            "eps": 0.87,
            "eps_growth_year": 123.08,
            "eps_4q": 2.36,
            "eps_4q_growth_year": 6.47,
            "roe": 3.03,
            "roe_4q": 8.459999999999999,
            "gross_profit": 150293,
            "gross_margin": 35.84,
            "gross_margin_4q_avg": 33.78,
            "net_income": 83283,
            "net_income_4q": null,
            "revenue": 419334,
            "revenue_4q": null,
            "common_shares": 956340,
            "book_valuer_per_share": 29.18,
            "book_valuer_per_share_4q_avg": 28.17,
            "equity": 2790934,
            "current_ratio": 136.33,
            "debt_ratio": 76.64,
            "inventory_turnover_ratio": 0.04,
            "account_receivable_turnover_ratio": 369.29,
            "reinvestment_rate": -0.86,
            "research_to_sale_ratio": null,
            "price_fair": 134.02,
            "eps_avg_yearly": 3.83,
            "eps_latest_yearly": 7.2,
            "eps_growth_yearly": 258.74
        },
        "20212": {
            "year_quarter": 20212,
            "year": 2021,
            "quarter": 2,
            "eps": 3.61,
            "eps_growth_year": 1404.17,
            "eps_4q": 5.72,
            "eps_4q_growth_year": 122.97,
            "roe": 11.64,
            "roe_4q": 19.240000000000002,
            "gross_profit": 478171,
            "gross_margin": 33.64,
            "gross_margin_4q_avg": 34.93,
            "net_income": 344836,
            "net_income_4q": null,
            "revenue": 1421457,
            "revenue_4q": null,
            "common_shares": 956340,
            "book_valuer_per_share": 32.79,
            "book_valuer_per_share_4q_avg": 29.69,
            "equity": 3135770,
            "current_ratio": 149.46,
            "debt_ratio": 73.81,
            "inventory_turnover_ratio": 0.12,
            "account_receivable_turnover_ratio": 5206.8,
            "reinvestment_rate": -0.69,
            "research_to_sale_ratio": null,
            "price_fair": 170.16,
            "eps_avg_yearly": 4.86,
            "eps_latest_yearly": 14.44,
            "eps_growth_yearly": 339.63
        },
        "20213": {
            "year_quarter": 20213,
            "year": 2021,
            "quarter": 3,
            "eps": 0.91,
            "eps_growth_year": -49.44,
            "eps_4q": 4.83,
            "eps_4q_growth_year": 5.23,
            "roe": 2.83,
            "roe_4q": 15.56,
            "gross_profit": 175727,
            "gross_margin": 30.16,
            "gross_margin_4q_avg": 34.86,
            "net_income": 87348,
            "net_income_4q": null,
            "revenue": 582644,
            "revenue_4q": null,
            "common_shares": 956340,
            "book_valuer_per_share": 31.72,
            "book_valuer_per_share_4q_avg": 30.5,
            "equity": 3036099,
            "current_ratio": 145.73,
            "debt_ratio": 76.86,
            "inventory_turnover_ratio": 0.05,
            "account_receivable_turnover_ratio": 3963.56,
            "reinvestment_rate": -0.74,
            "research_to_sale_ratio": null,
            "price_fair": 172.2,
            "eps_avg_yearly": 4.92,
            "eps_latest_yearly": 3.64,
            "eps_growth_yearly": 313.37
        },
        "20214": {
            "year_quarter": 20214,
            "year": 2021,
            "quarter": 4,
            "eps": -0.3,
            "eps_growth_year": null,
            "eps_4q": 5.06,
            "eps_4q_growth_year": 169.42,
            "roe": -0.96,
            "roe_4q": 16.540000000000003,
            "gross_profit": 51628,
            "gross_margin": 33.15,
            "gross_margin_4q_avg": 33.2,
            "net_income": -29087,
            "net_income_4q": null,
            "revenue": 155721,
            "revenue_4q": null,
            "common_shares": 957180,
            "book_valuer_per_share": 31.43,
            "book_valuer_per_share_4q_avg": 31.28,
            "equity": 3020688,
            "current_ratio": 142.25,
            "debt_ratio": 77.94,
            "inventory_turnover_ratio": 0.01,
            "account_receivable_turnover_ratio": 225.03,
            "reinvestment_rate": -0.86,
            "research_to_sale_ratio": null,
            "price_fair": 172.2,
            "eps_avg_yearly": 4.92,
            "eps_latest_yearly": 3.64,
            "eps_growth_yearly": 319.11
        },
        "20221": {
            "year_quarter": 20221,
            "year": 2022,
            "quarter": 1,
            "eps": -0.49,
            "eps_growth_year": -156.32,
            "eps_4q": 3.7,
            "eps_4q_growth_year": 57.13,
            "roe": -1.57,
            "roe_4q": 11.940000000000001,
            "gross_profit": 1313,
            "gross_margin": 25.12,
            "gross_margin_4q_avg": 30.52,
            "net_income": -47056,
            "net_income_4q": null,
            "revenue": 5227,
            "revenue_4q": null,
            "common_shares": 961036,
            "book_valuer_per_share": 30.95,
            "book_valuer_per_share_4q_avg": 31.72,
            "equity": 2976930,
            "current_ratio": 123.6,
            "debt_ratio": 78.87,
            "inventory_turnover_ratio": 0,
            "account_receivable_turnover_ratio": 7.21,
            "reinvestment_rate": 1.22,
            "research_to_sale_ratio": null,
            "price_fair": 167.69,
            "eps_avg_yearly": 4.79,
            "eps_latest_yearly": 3.64,
            "eps_growth_yearly": 344.09
        },
        "20222": {
            "year_quarter": 20222,
            "year": 2022,
            "quarter": 2,
            "eps": 1,
            "eps_growth_year": -72.3,
            "eps_4q": 1.12,
            "eps_4q_growth_year": -80.43,
            "roe": 3.42,
            "roe_4q": 3.7199999999999998,
            "gross_profit": 227625,
            "gross_margin": 29.24,
            "gross_margin_4q_avg": 29.42,
            "net_income": 96602,
            "net_income_4q": null,
            "revenue": 778405,
            "revenue_4q": null,
            "common_shares": 961995,
            "book_valuer_per_share": 27.8,
            "book_valuer_per_share_4q_avg": 30.48,
            "equity": 2676636,
            "current_ratio": 119.22,
            "debt_ratio": 81.46,
            "inventory_turnover_ratio": 0.05,
            "account_receivable_turnover_ratio": 570.26,
            "reinvestment_rate": 1.15,
            "research_to_sale_ratio": null,
            "price_fair": 177.1,
            "eps_avg_yearly": 5.06,
            "eps_latest_yearly": 3.64,
            "eps_growth_yearly": 415.39
        },
        "20223": {
            "year_quarter": 20223,
            "year": 2022,
            "quarter": 3,
            "eps": 5.06,
            "eps_growth_year": 456.04,
            "eps_4q": 5.26,
            "eps_4q_growth_year": 8.84,
            "roe": 16.68,
            "roe_4q": 17.57,
            "gross_profit": 785771,
            "gross_margin": 31.95,
            "gross_margin_4q_avg": 29.87,
            "net_income": 487876,
            "net_income_4q": null,
            "revenue": 2459383,
            "revenue_4q": null,
            "common_shares": 962889,
            "book_valuer_per_share": 32.85,
            "book_valuer_per_share_4q_avg": 30.76,
            "equity": 3174099,
            "current_ratio": 126.94,
            "debt_ratio": 75.16,
            "inventory_turnover_ratio": 0.17,
            "account_receivable_turnover_ratio": 865.98,
            "reinvestment_rate": 0.85,
            "research_to_sale_ratio": null,
            "price_fair": 250.78,
            "eps_avg_yearly": 7.17,
            "eps_latest_yearly": 20.24,
            "eps_growth_yearly": 604
        },
        "20224": {
            "year_quarter": 20224,
            "year": 2022,
            "quarter": 4,
            "eps": 0.96,
            "eps_growth_year": null,
            "eps_4q": 6.5,
            "eps_4q_growth_year": 28.5,
            "roe": 2.89,
            "roe_4q": 21.42,
            "gross_profit": 248771,
            "gross_margin": 35.71,
            "gross_margin_4q_avg": 30.51,
            "net_income": 93219,
            "net_income_4q": null,
            "revenue": 696710,
            "revenue_4q": null,
            "common_shares": 966222,
            "book_valuer_per_share": 33.81,
            "book_valuer_per_share_4q_avg": 31.35,
            "equity": 3278938,
            "current_ratio": 127.59,
            "debt_ratio": 74.87,
            "inventory_turnover_ratio": 0.05,
            "account_receivable_turnover_ratio": 243.99,
            "reinvestment_rate": 0.82,
            "research_to_sale_ratio": null,
            "price_fair": 240.28,
            "eps_avg_yearly": 6.87,
            "eps_latest_yearly": 3.84,
            "eps_growth_yearly": 521.72
        },
        "20231": {
            "year_quarter": 20231,
            "year": 2023,
            "quarter": 1,
            "eps": -0.4,
            "eps_growth_year": null,
            "eps_4q": 6.57,
            "eps_4q_growth_year": 77.5,
            "roe": -1.32,
            "roe_4q": 21.67,
            "gross_profit": 10100,
            "gross_margin": 44.16,
            "gross_margin_4q_avg": 35.27,
            "net_income": -40243,
            "net_income_4q": null,
            "revenue": 22872,
            "revenue_4q": null,
            "common_shares": 969688,
            "book_valuer_per_share": 28.29,
            "book_valuer_per_share_4q_avg": 30.69,
            "equity": 2797735,
            "current_ratio": 124.89,
            "debt_ratio": 78.56,
            "inventory_turnover_ratio": 0,
            "account_receivable_turnover_ratio": 11.13,
            "reinvestment_rate": 0.82,
            "research_to_sale_ratio": null,
            "price_fair": 259.4,
            "eps_avg_yearly": 7.41,
            "eps_latest_yearly": 3.84,
            "eps_growth_yearly": 625.55
        },
        "20232": {
            "year_quarter": 20232,
            "year": 2023,
            "quarter": 2,
            "eps": -0.13,
            "eps_growth_year": -113,
            "eps_4q": 5.44,
            "eps_4q_growth_year": 385.63,
            "roe": -0.5,
            "roe_4q": 17.75,
            "gross_profit": 43601,
            "gross_margin": 56.47,
            "gross_margin_4q_avg": 42.07,
            "net_income": -14073,
            "net_income_4q": null,
            "revenue": 77205,
            "revenue_4q": null,
            "common_shares": 972170,
            "book_valuer_per_share": 28.16,
            "book_valuer_per_share_4q_avg": 30.78,
            "equity": 2786020,
            "current_ratio": 126.01,
            "debt_ratio": 79.86,
            "inventory_turnover_ratio": 0,
            "account_receivable_turnover_ratio": 3.3,
            "reinvestment_rate": -0.54,
            "research_to_sale_ratio": null,
            "price_fair": 259.4,
            "eps_avg_yearly": 7.41,
            "eps_latest_yearly": 3.84,
            "eps_growth_yearly": 625.55
        },
        "20233": {
            "year_quarter": 20233,
            "year": 2023,
            "quarter": 3,
            "eps": 0.26,
            "eps_growth_year": -94.86,
            "eps_4q": 0.68,
            "eps_4q_growth_year": -87.05,
            "roe": 0.77,
            "roe_4q": 1.84,
            "gross_profit": 114485,
            "gross_margin": 58.04,
            "gross_margin_4q_avg": 48.6,
            "net_income": 21778,
            "net_income_4q": null,
            "revenue": 197254,
            "revenue_4q": null,
            "common_shares": 972854,
            "book_valuer_per_share": 28.46,
            "book_valuer_per_share_4q_avg": 29.68,
            "equity": 2904899,
            "current_ratio": 160.72,
            "debt_ratio": 79.88,
            "inventory_turnover_ratio": 0.01,
            "account_receivable_turnover_ratio": 7.46,
            "reinvestment_rate": -0.54,
            "research_to_sale_ratio": null,
            "price_fair": 259.4,
            "eps_avg_yearly": 7.41,
            "eps_latest_yearly": 3.84,
            "eps_growth_yearly": 625.55
        }
    },
    "months": {
        "2001-06": {
            "month": "2001-06",
            "price": "5.05",
            "revenue": 7504
        },
        "2001-07": {
            "month": "2001-07",
            "price": "3.09",
            "revenue": 41054
        },
        "2001-08": {
            "month": "2001-08",
            "price": "4.38",
            "revenue": 18278
        },
        "2001-09": {
            "month": "2001-09",
            "price": "4.70",
            "revenue": 14634
        },
        "2001-10": {
            "month": "2001-10",
            "price": "3.99",
            "revenue": 17176
        },
        "2001-11": {
            "month": "2001-11",
            "price": "3.94",
            "revenue": 16102
        },
        "2001-12": {
            "month": "2001-12",
            "price": "4.00",
            "revenue": 9815
        },
        "2002-01": {
            "month": "2002-01",
            "price": "4.68",
            "revenue": 25
        },
        "2002-02": {
            "month": "2002-02",
            "price": "4.84",
            "revenue": 6511
        },
        "2002-03": {
            "month": "2002-03",
            "price": "5.17",
            "revenue": 3339
        },
        "2002-04": {
            "month": "2002-04",
            "price": "5.86",
            "revenue": 7594
        },
        "2002-05": {
            "month": "2002-05",
            "price": "4.86",
            "revenue": 634
        },
        "2002-06": {
            "month": "2002-06",
            "price": "4.70",
            "revenue": 2547
        },
        "2002-07": {
            "month": "2002-07",
            "price": "4.82",
            "revenue": 32
        },
        "2002-08": {
            "month": "2002-08",
            "price": "4.79",
            "revenue": 23
        },
        "2002-09": {
            "month": "2002-09",
            "price": "4.64",
            "revenue": 0
        },
        "2002-10": {
            "month": "2002-10",
            "price": "4.42",
            "revenue": 11312
        },
        "2002-11": {
            "month": "2002-11",
            "price": "4.52",
            "revenue": 196070
        },
        "2002-12": {
            "month": "2002-12",
            "price": "4.21",
            "revenue": 650780
        },
        "2003-01": {
            "month": "2003-01",
            "price": "6.35",
            "revenue": 1292
        },
        "2003-02": {
            "month": "2003-02",
            "price": "6.79",
            "revenue": 883
        },
        "2003-03": {
            "month": "2003-03",
            "price": "7.05",
            "revenue": 68879
        },
        "2003-04": {
            "month": "2003-04",
            "price": "7.27",
            "revenue": 131903
        },
        "2003-05": {
            "month": "2003-05",
            "price": "6.70",
            "revenue": 0
        },
        "2003-06": {
            "month": "2003-06",
            "price": "7.37",
            "revenue": 25691
        },
        "2003-07": {
            "month": "2003-07",
            "price": "8.28",
            "revenue": 142500
        },
        "2003-08": {
            "month": "2003-08",
            "price": "9.23",
            "revenue": 32015
        },
        "2003-09": {
            "month": "2003-09",
            "price": "7.75",
            "revenue": 149842
        },
        "2003-10": {
            "month": "2003-10",
            "price": "7.36",
            "revenue": 28008
        },
        "2003-11": {
            "month": "2003-11",
            "price": "7.50",
            "revenue": 31164
        },
        "2003-12": {
            "month": "2003-12",
            "price": "7.26",
            "revenue": 139311
        },
        "2004-01": {
            "month": "2004-01",
            "price": "7.60",
            "revenue": 25487
        },
        "2004-02": {
            "month": "2004-02",
            "price": "8.72",
            "revenue": 0
        },
        "2004-03": {
            "month": "2004-03",
            "price": "9.02",
            "revenue": 57693
        },
        "2004-04": {
            "month": "2004-04",
            "price": "8.42",
            "revenue": 0
        },
        "2004-05": {
            "month": "2004-05",
            "price": "6.94",
            "revenue": 60157
        },
        "2004-06": {
            "month": "2004-06",
            "price": "6.66",
            "revenue": 192779
        },
        "2004-07": {
            "month": "2004-07",
            "price": "6.61",
            "revenue": 64596
        },
        "2004-08": {
            "month": "2004-08",
            "price": "7.21",
            "revenue": 55129
        },
        "2004-09": {
            "month": "2004-09",
            "price": "7.69",
            "revenue": 159349
        },
        "2004-10": {
            "month": "2004-10",
            "price": "7.45",
            "revenue": 28284
        },
        "2004-11": {
            "month": "2004-11",
            "price": "7.05",
            "revenue": 50986
        },
        "2004-12": {
            "month": "2004-12",
            "price": "7.56",
            "revenue": 53215
        },
        "2005-01": {
            "month": "2005-01",
            "price": "8.19",
            "revenue": 2268
        },
        "2005-02": {
            "month": "2005-02",
            "price": "7.47",
            "revenue": 0
        },
        "2005-03": {
            "month": "2005-03",
            "price": "7.26",
            "revenue": 57051
        },
        "2005-04": {
            "month": "2005-04",
            "price": "7.05",
            "revenue": 2367
        },
        "2005-05": {
            "month": "2005-05",
            "price": "6.15",
            "revenue": 0
        },
        "2005-06": {
            "month": "2005-06",
            "price": "6.23",
            "revenue": 0
        },
        "2005-07": {
            "month": "2005-07",
            "price": "6.19",
            "revenue": 0
        },
        "2005-08": {
            "month": "2005-08",
            "price": "5.95",
            "revenue": 0
        },
        "2005-09": {
            "month": "2005-09",
            "price": "5.71",
            "revenue": 0
        },
        "2005-10": {
            "month": "2005-10",
            "price": "6.90",
            "revenue": 0
        },
        "2005-11": {
            "month": "2005-11",
            "price": "7.05",
            "revenue": 0
        },
        "2005-12": {
            "month": "2005-12",
            "price": "7.19",
            "revenue": 57219
        },
        "2006-01": {
            "month": "2006-01",
            "price": "7.35",
            "revenue": 0
        },
        "2006-02": {
            "month": "2006-02",
            "price": "7.32",
            "revenue": 0
        },
        "2006-03": {
            "month": "2006-03",
            "price": "7.62",
            "revenue": 0
        },
        "2006-04": {
            "month": "2006-04",
            "price": "8.12",
            "revenue": 8254
        },
        "2006-05": {
            "month": "2006-05",
            "price": "9.08",
            "revenue": 30457
        },
        "2006-06": {
            "month": "2006-06",
            "price": "8.40",
            "revenue": 264
        },
        "2006-07": {
            "month": "2006-07",
            "price": "8.27",
            "revenue": 0
        },
        "2006-08": {
            "month": "2006-08",
            "price": "8.22",
            "revenue": -264
        },
        "2006-09": {
            "month": "2006-09",
            "price": "8.93",
            "revenue": 0
        },
        "2006-10": {
            "month": "2006-10",
            "price": "9.24",
            "revenue": 0
        },
        "2006-11": {
            "month": "2006-11",
            "price": "9.58",
            "revenue": 0
        },
        "2006-12": {
            "month": "2006-12",
            "price": "11.18",
            "revenue": 71105
        },
        "2007-01": {
            "month": "2007-01",
            "price": "11.31",
            "revenue": 26
        },
        "2007-02": {
            "month": "2007-02",
            "price": "11.42",
            "revenue": 0
        },
        "2007-03": {
            "month": "2007-03",
            "price": "11.38",
            "revenue": 213
        },
        "2007-04": {
            "month": "2007-04",
            "price": "11.77",
            "revenue": 494
        },
        "2007-05": {
            "month": "2007-05",
            "price": "11.39",
            "revenue": 457
        },
        "2007-06": {
            "month": "2007-06",
            "price": "11.35",
            "revenue": 464
        },
        "2007-07": {
            "month": "2007-07",
            "price": "13.17",
            "revenue": 454
        },
        "2007-08": {
            "month": "2007-08",
            "price": "11.88",
            "revenue": 441
        },
        "2007-09": {
            "month": "2007-09",
            "price": "10.86",
            "revenue": 440
        },
        "2007-10": {
            "month": "2007-10",
            "price": "11.28",
            "revenue": 441
        },
        "2007-11": {
            "month": "2007-11",
            "price": "10.53",
            "revenue": 429
        },
        "2007-12": {
            "month": "2007-12",
            "price": "10.18",
            "revenue": 453
        },
        "2008-01": {
            "month": "2008-01",
            "price": "9.78",
            "revenue": 446
        },
        "2008-02": {
            "month": "2008-02",
            "price": "9.91",
            "revenue": 430
        },
        "2008-03": {
            "month": "2008-03",
            "price": "10.77",
            "revenue": 486
        },
        "2008-04": {
            "month": "2008-04",
            "price": "11.77",
            "revenue": 528
        },
        "2008-05": {
            "month": "2008-05",
            "price": "11.48",
            "revenue": 527
        },
        "2008-06": {
            "month": "2008-06",
            "price": "10.16",
            "revenue": 529
        },
        "2008-07": {
            "month": "2008-07",
            "price": "7.41",
            "revenue": 529
        },
        "2008-08": {
            "month": "2008-08",
            "price": "7.17",
            "revenue": 526
        },
        "2008-09": {
            "month": "2008-09",
            "price": "7.68",
            "revenue": 525
        },
        "2008-10": {
            "month": "2008-10",
            "price": "7.12",
            "revenue": 524
        },
        "2008-11": {
            "month": "2008-11",
            "price": "7.20",
            "revenue": 524
        },
        "2008-12": {
            "month": "2008-12",
            "price": "7.20",
            "revenue": 524
        },
        "2009-01": {
            "month": "2009-01",
            "price": "7.20",
            "revenue": 524
        },
        "2009-02": {
            "month": "2009-02",
            "price": "7.14",
            "revenue": 524
        },
        "2009-03": {
            "month": "2009-03",
            "price": "7.08",
            "revenue": 538
        },
        "2009-04": {
            "month": "2009-04",
            "price": "7.16",
            "revenue": 524
        },
        "2009-05": {
            "month": "2009-05",
            "price": "7.67",
            "revenue": 524
        },
        "2009-06": {
            "month": "2009-06",
            "price": "8.21",
            "revenue": 566
        },
        "2009-07": {
            "month": "2009-07",
            "price": "8.12",
            "revenue": 619
        },
        "2009-08": {
            "month": "2009-08",
            "price": "8.02",
            "revenue": 619
        },
        "2009-09": {
            "month": "2009-09",
            "price": "8.04",
            "revenue": 624
        },
        "2009-10": {
            "month": "2009-10",
            "price": "8.49",
            "revenue": 625
        },
        "2009-11": {
            "month": "2009-11",
            "price": "8.67",
            "revenue": 619
        },
        "2009-12": {
            "month": "2009-12",
            "price": "8.83",
            "revenue": 840
        },
        "2010-01": {
            "month": "2010-01",
            "price": "8.97",
            "revenue": 891
        },
        "2010-02": {
            "month": "2010-02",
            "price": "8.37",
            "revenue": 863
        },
        "2010-03": {
            "month": "2010-03",
            "price": "8.49",
            "revenue": 816
        },
        "2010-04": {
            "month": "2010-04",
            "price": "8.75",
            "revenue": 789
        },
        "2010-05": {
            "month": "2010-05",
            "price": "8.65",
            "revenue": 789
        },
        "2010-06": {
            "month": "2010-06",
            "price": "8.56",
            "revenue": 780
        },
        "2010-07": {
            "month": "2010-07",
            "price": "8.31",
            "revenue": 2957
        },
        "2010-08": {
            "month": "2010-08",
            "price": "8.40",
            "revenue": 1366
        },
        "2010-09": {
            "month": "2010-09",
            "price": "8.49",
            "revenue": 799
        },
        "2010-10": {
            "month": "2010-10",
            "price": "9.10",
            "revenue": 793
        },
        "2010-11": {
            "month": "2010-11",
            "price": "9.38",
            "revenue": 775
        },
        "2010-12": {
            "month": "2010-12",
            "price": "9.24",
            "revenue": 2748
        },
        "2011-01": {
            "month": "2011-01",
            "price": "9.80",
            "revenue": 763
        },
        "2011-02": {
            "month": "2011-02",
            "price": "9.79",
            "revenue": 740
        },
        "2011-03": {
            "month": "2011-03",
            "price": "9.24",
            "revenue": 737
        },
        "2011-04": {
            "month": "2011-04",
            "price": "9.19",
            "revenue": 769
        },
        "2011-05": {
            "month": "2011-05",
            "price": "9.13",
            "revenue": 768
        },
        "2011-06": {
            "month": "2011-06",
            "price": "9.01",
            "revenue": 765
        },
        "2011-07": {
            "month": "2011-07",
            "price": "9.43",
            "revenue": 793
        },
        "2011-08": {
            "month": "2011-08",
            "price": "11.02",
            "revenue": 803
        },
        "2011-09": {
            "month": "2011-09",
            "price": "11.66",
            "revenue": 776
        },
        "2011-10": {
            "month": "2011-10",
            "price": "11.48",
            "revenue": 842
        },
        "2011-11": {
            "month": "2011-11",
            "price": "11.59",
            "revenue": 826
        },
        "2011-12": {
            "month": "2011-12",
            "price": "11.52",
            "revenue": 1374906
        },
        "2012-01": {
            "month": "2012-01",
            "price": "12.22",
            "revenue": 257
        },
        "2012-02": {
            "month": "2012-02",
            "price": "12.74",
            "revenue": 219
        },
        "2012-03": {
            "month": "2012-03",
            "price": "14.69",
            "revenue": 235
        },
        "2012-04": {
            "month": "2012-04",
            "price": "15.07",
            "revenue": 241
        },
        "2012-05": {
            "month": "2012-05",
            "price": "14.51",
            "revenue": 236
        },
        "2012-06": {
            "month": "2012-06",
            "price": "13.89",
            "revenue": 247
        },
        "2012-07": {
            "month": "2012-07",
            "price": "14.87",
            "revenue": 261
        },
        "2012-08": {
            "month": "2012-08",
            "price": "46.83",
            "revenue": 276
        },
        "2012-09": {
            "month": "2012-09",
            "price": "52.60",
            "revenue": 245
        },
        "2012-10": {
            "month": "2012-10",
            "price": "53.28",
            "revenue": 239
        },
        "2012-11": {
            "month": "2012-11",
            "price": "54.20",
            "revenue": 230
        },
        "2012-12": {
            "month": "2012-12",
            "price": "53.29",
            "revenue": 2349
        },
        "2013-01": {
            "month": "2013-01",
            "price": "54.52",
            "revenue": 210
        },
        "2013-02": {
            "month": "2013-02",
            "price": "53.73",
            "revenue": 196
        },
        "2013-03": {
            "month": "2013-03",
            "price": "52.89",
            "revenue": 198
        },
        "2013-04": {
            "month": "2013-04",
            "price": "52.92",
            "revenue": 203
        },
        "2013-05": {
            "month": "2013-05",
            "price": "57.79",
            "revenue": 206
        },
        "2013-06": {
            "month": "2013-06",
            "price": "55.31",
            "revenue": 205
        },
        "2013-07": {
            "month": "2013-07",
            "price": "54.05",
            "revenue": 225
        },
        "2013-08": {
            "month": "2013-08",
            "price": "53.44",
            "revenue": 230
        },
        "2013-09": {
            "month": "2013-09",
            "price": "53.59",
            "revenue": 200
        },
        "2013-10": {
            "month": "2013-10",
            "price": "53.17",
            "revenue": 198
        },
        "2013-11": {
            "month": "2013-11",
            "price": "53.21",
            "revenue": 181
        },
        "2013-12": {
            "month": "2013-12",
            "price": "53.24",
            "revenue": 91016
        },
        "2014-01": {
            "month": "2014-01",
            "price": "53.25",
            "revenue": 24009
        },
        "2014-02": {
            "month": "2014-02",
            "price": "52.40",
            "revenue": 172
        },
        "2014-03": {
            "month": "2014-03",
            "price": "49.41",
            "revenue": 22989
        },
        "2014-04": {
            "month": "2014-04",
            "price": "48.12",
            "revenue": 255071
        },
        "2014-05": {
            "month": "2014-05",
            "price": "47.44",
            "revenue": 162300
        },
        "2014-06": {
            "month": "2014-06",
            "price": "48.30",
            "revenue": 537969
        },
        "2014-07": {
            "month": "2014-07",
            "price": "46.31",
            "revenue": 137805
        },
        "2014-08": {
            "month": "2014-08",
            "price": "48.46",
            "revenue": 114295
        },
        "2014-09": {
            "month": "2014-09",
            "price": "48.81",
            "revenue": 116155
        },
        "2014-10": {
            "month": "2014-10",
            "price": "48.99",
            "revenue": 67740
        },
        "2014-11": {
            "month": "2014-11",
            "price": "48.63",
            "revenue": 115073
        },
        "2014-12": {
            "month": "2014-12",
            "price": "47.91",
            "revenue": 27750
        },
        "2015-01": {
            "month": "2015-01",
            "price": "46.92",
            "revenue": 28473
        },
        "2015-02": {
            "month": "2015-02",
            "price": "46.86",
            "revenue": 603
        },
        "2015-03": {
            "month": "2015-03",
            "price": "46.57",
            "revenue": 20363
        },
        "2015-04": {
            "month": "2015-04",
            "price": "46.65",
            "revenue": 545
        },
        "2015-05": {
            "month": "2015-05",
            "price": "46.45",
            "revenue": 10002
        },
        "2015-06": {
            "month": "2015-06",
            "price": "46.02",
            "revenue": 608
        },
        "2015-07": {
            "month": "2015-07",
            "price": "47.48",
            "revenue": 623
        },
        "2015-08": {
            "month": "2015-08",
            "price": "45.07",
            "revenue": 20958
        },
        "2015-09": {
            "month": "2015-09",
            "price": "40.61",
            "revenue": 18146
        },
        "2015-10": {
            "month": "2015-10",
            "price": "40.91",
            "revenue": 11334
        },
        "2015-11": {
            "month": "2015-11",
            "price": "41.47",
            "revenue": 25944
        },
        "2015-12": {
            "month": "2015-12",
            "price": "40.77",
            "revenue": 130988
        },
        "2016-01": {
            "month": "2016-01",
            "price": "40.45",
            "revenue": 14827
        },
        "2016-02": {
            "month": "2016-02",
            "price": "40.09",
            "revenue": 49647
        },
        "2016-03": {
            "month": "2016-03",
            "price": "40.06",
            "revenue": 11485
        },
        "2016-04": {
            "month": "2016-04",
            "price": "39.95",
            "revenue": 69997
        },
        "2016-05": {
            "month": "2016-05",
            "price": "40.29",
            "revenue": 176209
        },
        "2016-06": {
            "month": "2016-06",
            "price": "40.52",
            "revenue": 172841
        },
        "2016-07": {
            "month": "2016-07",
            "price": "40.54",
            "revenue": 79288
        },
        "2016-08": {
            "month": "2016-08",
            "price": "40.20",
            "revenue": 120994
        },
        "2016-09": {
            "month": "2016-09",
            "price": "40.34",
            "revenue": 177964
        },
        "2016-10": {
            "month": "2016-10",
            "price": "40.52",
            "revenue": 120815
        },
        "2016-11": {
            "month": "2016-11",
            "price": "39.97",
            "revenue": 193946
        },
        "2016-12": {
            "month": "2016-12",
            "price": "39.35",
            "revenue": 118949
        },
        "2017-01": {
            "month": "2017-01",
            "price": "39.31",
            "revenue": 75102
        },
        "2017-02": {
            "month": "2017-02",
            "price": "39.85",
            "revenue": 119368
        },
        "2017-03": {
            "month": "2017-03",
            "price": "38.38",
            "revenue": 212206
        },
        "2017-04": {
            "month": "2017-04",
            "price": "38.79",
            "revenue": 161843
        },
        "2017-05": {
            "month": "2017-05",
            "price": "38.49",
            "revenue": 235489
        },
        "2017-06": {
            "month": "2017-06",
            "price": "38.12",
            "revenue": 177136
        },
        "2017-07": {
            "month": "2017-07",
            "price": "38.37",
            "revenue": 198725
        },
        "2017-08": {
            "month": "2017-08",
            "price": "38.04",
            "revenue": 173748
        },
        "2017-09": {
            "month": "2017-09",
            "price": "37.92",
            "revenue": 124859
        },
        "2017-10": {
            "month": "2017-10",
            "price": "38.70",
            "revenue": 143702
        },
        "2017-11": {
            "month": "2017-11",
            "price": "40.23",
            "revenue": 316593
        },
        "2017-12": {
            "month": "2017-12",
            "price": "40.04",
            "revenue": 289365
        },
        "2018-01": {
            "month": "2018-01",
            "price": "40.11",
            "revenue": 329906
        },
        "2018-02": {
            "month": "2018-02",
            "price": "40.04",
            "revenue": 180738
        },
        "2018-03": {
            "month": "2018-03",
            "price": "39.92",
            "revenue": 120804
        },
        "2018-04": {
            "month": "2018-04",
            "price": "39.71",
            "revenue": 149357
        },
        "2018-05": {
            "month": "2018-05",
            "price": "39.56",
            "revenue": 156572
        },
        "2018-06": {
            "month": "2018-06",
            "price": "39.71",
            "revenue": 90336
        },
        "2018-07": {
            "month": "2018-07",
            "price": "39.19",
            "revenue": 75296
        },
        "2018-08": {
            "month": "2018-08",
            "price": "39.28",
            "revenue": 170522
        },
        "2018-09": {
            "month": "2018-09",
            "price": "37.43",
            "revenue": 390559
        },
        "2018-10": {
            "month": "2018-10",
            "price": "37.11",
            "revenue": 408461
        },
        "2018-11": {
            "month": "2018-11",
            "price": "37.53",
            "revenue": 392082
        },
        "2018-12": {
            "month": "2018-12",
            "price": "36.90",
            "revenue": 156834
        },
        "2019-01": {
            "month": "2019-01",
            "price": "36.70",
            "revenue": 273254
        },
        "2019-02": {
            "month": "2019-02",
            "price": "36.65",
            "revenue": 87388
        },
        "2019-03": {
            "month": "2019-03",
            "price": "38.22",
            "revenue": 144524
        },
        "2019-04": {
            "month": "2019-04",
            "price": "42.56",
            "revenue": 40703
        },
        "2019-05": {
            "month": "2019-05",
            "price": "40.76",
            "revenue": 33977
        },
        "2019-06": {
            "month": "2019-06",
            "price": "40.83",
            "revenue": 42728
        },
        "2019-07": {
            "month": "2019-07",
            "price": "41.94",
            "revenue": 33576
        },
        "2019-08": {
            "month": "2019-08",
            "price": "40.97",
            "revenue": 9890
        },
        "2019-09": {
            "month": "2019-09",
            "price": "35.85",
            "revenue": 58620
        },
        "2019-10": {
            "month": "2019-10",
            "price": "36.89",
            "revenue": 330408
        },
        "2019-11": {
            "month": "2019-11",
            "price": "36.41",
            "revenue": 494240
        },
        "2019-12": {
            "month": "2019-12",
            "price": "37.06",
            "revenue": 525463
        },
        "2020-01": {
            "month": "2020-01",
            "price": "40.91",
            "revenue": 265215
        },
        "2020-02": {
            "month": "2020-02",
            "price": "39.27",
            "revenue": 56395
        },
        "2020-03": {
            "month": "2020-03",
            "price": "36.53",
            "revenue": 69295
        },
        "2020-04": {
            "month": "2020-04",
            "price": "37.11",
            "revenue": 28317
        },
        "2020-05": {
            "month": "2020-05",
            "price": "37.27",
            "revenue": 30993
        },
        "2020-06": {
            "month": "2020-06",
            "price": "38.40",
            "revenue": 220554
        },
        "2020-07": {
            "month": "2020-07",
            "price": "38.57",
            "revenue": 395003
        },
        "2020-08": {
            "month": "2020-08",
            "price": "36.66",
            "revenue": 150705
        },
        "2020-09": {
            "month": "2020-09",
            "price": "37.24",
            "revenue": 300717
        },
        "2020-10": {
            "month": "2020-10",
            "price": "37.69",
            "revenue": 92570
        },
        "2020-11": {
            "month": "2020-11",
            "price": "38.58",
            "revenue": 19566
        },
        "2020-12": {
            "month": "2020-12",
            "price": "38.45",
            "revenue": 2551
        },
        "2021-01": {
            "month": "2021-01",
            "price": "37.96",
            "revenue": 675
        },
        "2021-02": {
            "month": "2021-02",
            "price": "37.89",
            "revenue": 3934
        },
        "2021-03": {
            "month": "2021-03",
            "price": "39.08",
            "revenue": 414725
        },
        "2021-04": {
            "month": "2021-04",
            "price": "39.73",
            "revenue": 387958
        },
        "2021-05": {
            "month": "2021-05",
            "price": "39.56",
            "revenue": 545143
        },
        "2021-06": {
            "month": "2021-06",
            "price": "39.88",
            "revenue": 488356
        },
        "2021-07": {
            "month": "2021-07",
            "price": "40.78",
            "revenue": 374053
        },
        "2021-08": {
            "month": "2021-08",
            "price": "42.51",
            "revenue": 119757
        },
        "2021-09": {
            "month": "2021-09",
            "price": "48.23",
            "revenue": 88834
        },
        "2021-10": {
            "month": "2021-10",
            "price": "51.20",
            "revenue": 86211
        },
        "2021-11": {
            "month": "2021-11",
            "price": "53.40",
            "revenue": 35457
        },
        "2021-12": {
            "month": "2021-12",
            "price": "53.91",
            "revenue": 34053
        },
        "2022-01": {
            "month": "2022-01",
            "price": "55.60",
            "revenue": 511
        },
        "2022-02": {
            "month": "2022-02",
            "price": "57.73",
            "revenue": 4215
        },
        "2022-03": {
            "month": "2022-03",
            "price": "58.48",
            "revenue": 501
        },
        "2022-04": {
            "month": "2022-04",
            "price": "66.54",
            "revenue": 825
        },
        "2022-05": {
            "month": "2022-05",
            "price": "65.43",
            "revenue": 232833
        },
        "2022-06": {
            "month": "2022-06",
            "price": "66.23",
            "revenue": 544747
        },
        "2022-07": {
            "month": "2022-07",
            "price": "61.61",
            "revenue": 655976
        },
        "2022-08": {
            "month": "2022-08",
            "price": "57.06",
            "revenue": 864693
        },
        "2022-09": {
            "month": "2022-09",
            "price": "56.48",
            "revenue": 938714
        },
        "2022-10": {
            "month": "2022-10",
            "price": "55.08",
            "revenue": 413976
        },
        "2022-11": {
            "month": "2022-11",
            "price": "55.25",
            "revenue": 167893
        },
        "2022-12": {
            "month": "2022-12",
            "price": "56.35",
            "revenue": 114841
        },
        "2023-01": {
            "month": "2023-01",
            "price": "55.11",
            "revenue": 1402
        },
        "2023-02": {
            "month": "2023-02",
            "price": "54.54",
            "revenue": 2882
        },
        "2023-03": {
            "month": "2023-03",
            "price": "56.34",
            "revenue": 18588
        },
        "2023-04": {
            "month": "2023-04",
            "price": "57.32",
            "revenue": 25164
        },
        "2023-05": {
            "month": "2023-05",
            "price": "58.64",
            "revenue": 25378
        },
        "2023-06": {
            "month": "2023-06",
            "price": "60.63",
            "revenue": 26663
        },
        "2023-07": {
            "month": "2023-07",
            "price": "65.01",
            "revenue": 37887
        },
        "2023-08": {
            "month": "2023-08",
            "price": "63.98",
            "revenue": 97600
        },
        "2023-09": {
            "month": "2023-09",
            "price": "65.40",
            "revenue": 61767
        },
        "2023-10": {
            "month": "2023-10",
            "price": "65.84",
            "revenue": 860396
        },
        "2023-11": {
            "month": "2023-11",
            "price": "76.41",
            "revenue": 468669
        },
        "2023-12": {
            "month": "2023-12",
            "price": "78.25",
            "revenue": 2015
        }
    }
}
