{
    "summary": {
        "stock_name": "勤益控",
        "stock_id": "1437",
        "category": "其他",
        "main_business": "一般投資業",
        "website_url": "http://www.gtm.com.tw",
        "ceo": "顧立楷",
        "pe_ratio": 13,
        "report_year_from": 2001,
        "report_year_to": 2023,
        "age": 22,
        "eps_negative_percentage": 26,
        "eps_growth_avg": {
            "last_all": -27.63,
            "last_2y": -14.15,
            "last_4y": 7.39,
            "last_8y": 4.22,
            "last_12y": -6.02,
            "last_16y": -16.5,
            "last_20y": -27.63,
            "at_2006_last_3y": -100,
            "at_2007_last_3y": -74.14,
            "at_2008_last_3y": -82.76,
            "at_2009_last_3y": -74.14,
            "at_2010_last_3y": -16.09,
            "at_2011_last_3y": -33.33,
            "at_2012_last_3y": 0,
            "at_2013_last_3y": -33.33,
            "at_2014_last_3y": -100,
            "at_2015_last_3y": -88.1,
            "at_2016_last_3y": -25.4,
            "at_2017_last_3y": -1.04,
            "at_2018_last_3y": -5.94,
            "at_2019_last_3y": 38.11,
            "at_2020_last_3y": -1.73,
            "at_2021_last_3y": 12.11,
            "at_2022_last_3y": 14.39,
            "at_2023_last_3y": 14.39,
            "at_2006_last_all": -100,
            "at_2007_last_all": -82.76,
            "at_2008_last_all": -87.07,
            "at_2009_last_all": -87.07,
            "at_2010_last_all": -49.66,
            "at_2011_last_all": -58.05,
            "at_2012_last_all": -58.05,
            "at_2013_last_all": -64.04,
            "at_2014_last_all": -64.04,
            "at_2015_last_all": -65.56,
            "at_2016_last_all": -47.16,
            "at_2017_last_all": -45.14,
            "at_2018_last_all": -42.91,
            "at_2019_last_all": -31,
            "at_2020_last_all": -33.18,
            "at_2021_last_all": -28.78,
            "at_2022_last_all": -27.63,
            "at_2023_last_all": -27.63
        },
        "latest_eps": 2.21,
        "latest_price": 29,
        "latest_roe": 6.44,
        "latest_gross_margin": 61.99,
        "latest_equity": 7159449,
        "latest_revenue": 172886,
        "latest_gross_profit": 107176,
        "latest_net_income": 125289,
        "latest_debt_ratio": 43.89,
        "latest_current_ratio": 185.65,
        "latest_account_receivable_turnover_ratio": 8.87,
        "latest_inventory_turnover_ratio": 0.85,
        "latest_reinvestment_rate": 38.89,
        "latest_research_to_sale_ratio": null
    },
    "eps_dividends": {
        "1990": {
            "cash": 0,
            "stock": 2,
            "eps": 0
        },
        "1991": {
            "cash": 0,
            "stock": 1,
            "eps": 0
        },
        "1992": {
            "cash": 0.4,
            "stock": 0,
            "eps": 0
        },
        "1993": {
            "cash": 2,
            "stock": 2,
            "eps": 0
        },
        "1994": {
            "cash": 0.2,
            "stock": 0,
            "eps": 0
        },
        "1996": {
            "cash": 0,
            "stock": 1,
            "eps": 0
        },
        "1997": {
            "cash": 0,
            "stock": 1.2,
            "eps": 0
        },
        "1998": {
            "cash": 0,
            "stock": 0.9,
            "eps": 0
        },
        "2001": {
            "cash": 0,
            "stock": 0,
            "eps": -0.86
        },
        "2002": {
            "cash": 0,
            "stock": 0,
            "eps": 0.41
        },
        "2003": {
            "cash": 0,
            "stock": 0,
            "eps": -1.37
        },
        "2004": {
            "cash": 0,
            "stock": 0,
            "eps": 0.99
        },
        "2005": {
            "cash": 0,
            "stock": 0,
            "eps": -2.5
        },
        "2006": {
            "cash": 0,
            "stock": 0,
            "eps": 2.03
        },
        "2007": {
            "cash": 0,
            "stock": 0,
            "eps": 1.05
        },
        "2008": {
            "cash": 0.2,
            "stock": 0,
            "eps": -1.25
        },
        "2009": {
            "cash": 0,
            "stock": 0,
            "eps": 0.23
        },
        "2010": {
            "cash": 0,
            "stock": 0,
            "eps": 0.78
        },
        "2011": {
            "cash": 0.15,
            "stock": 0,
            "eps": -0.63
        },
        "2012": {
            "cash": 0,
            "stock": 0,
            "eps": 0.05
        },
        "2013": {
            "cash": 0,
            "stock": 0,
            "eps": -2.84
        },
        "2014": {
            "cash": 0,
            "stock": 0,
            "eps": 1.05
        },
        "2015": {
            "cash": 0,
            "stock": 0,
            "eps": 0.25
        },
        "2016": {
            "cash": 0,
            "stock": 0,
            "eps": 2.19
        },
        "2017": {
            "cash": 0.5,
            "stock": 0,
            "eps": 1.6
        },
        "2018": {
            "cash": 0.5,
            "stock": 0.5,
            "eps": 1.27
        },
        "2019": {
            "cash": 0.5,
            "stock": 0,
            "eps": 4.33
        },
        "2020": {
            "cash": 1.1,
            "stock": 0,
            "eps": 1.76
        },
        "2021": {
            "cash": 0.7,
            "stock": 0,
            "eps": 2.26
        },
        "2022": {
            "cash": 0.9,
            "stock": 0,
            "eps": 2
        },
        "2023": {
            "cash": 0.8,
            "stock": 0,
            "eps": 0.62
        }
    },
    "dividends": {
        "1990-06-18": {
            "cash": 0,
            "stock": 2
        },
        "1991-06-18": {
            "cash": 0,
            "stock": 1
        },
        "1992-06-16": {
            "cash": 0.4,
            "stock": 0
        },
        "1993-06-21": {
            "cash": 2,
            "stock": 2
        },
        "1994-06-21": {
            "cash": 0.2,
            "stock": 0
        },
        "1996-06-19": {
            "cash": 0,
            "stock": 1
        },
        "1997-06-10": {
            "cash": 0,
            "stock": 1.2
        },
        "1998-06-22": {
            "cash": 0,
            "stock": 0.9
        },
        "2008-04-24": {
            "cash": 0.2,
            "stock": 0
        },
        "2011-03-25": {
            "cash": 0.15,
            "stock": 0
        },
        "2017-07-28": {
            "cash": 0.5,
            "stock": 0
        },
        "2018-07-26": {
            "cash": 0.5,
            "stock": 0.5
        },
        "2019-07-31": {
            "cash": 0.5,
            "stock": 0
        },
        "2020-07-31": {
            "cash": 1.1,
            "stock": 0
        },
        "2021-07-30": {
            "cash": 0.7,
            "stock": 0
        },
        "2022-07-28": {
            "cash": 0.9,
            "stock": 0
        },
        "2023-07-28": {
            "cash": 0.8,
            "stock": 0
        }
    },
    "prices": {
        "200101": "7.30",
        "200102": "8.27",
        "200103": "7.97",
        "200104": "7.58",
        "200105": "6.69",
        "200106": "6.47",
        "200107": "5.61",
        "200108": "5.99",
        "200109": "5.91",
        "200110": "5.40",
        "200111": "5.18",
        "200112": "5.96",
        "200201": "6.65",
        "200202": "6.47",
        "200203": "6.96",
        "200204": "9.94",
        "200205": "8.60",
        "200206": "8.97",
        "200207": "8.63",
        "200208": "7.92",
        "200209": "6.70",
        "200210": "5.77",
        "200211": "6.72",
        "200212": "7.07",
        "200301": "8.26",
        "200302": "8.41",
        "200303": "8.49",
        "200304": "8.53",
        "200305": "8.55",
        "200306": "10.57",
        "200307": "13.72",
        "200308": "12.31",
        "200309": "12.81",
        "200310": "13.77",
        "200311": "14.41",
        "200312": "14.75",
        "200401": "15.95",
        "200402": "18.14",
        "200403": "17.60",
        "200404": "16.03",
        "200405": "14.38",
        "200406": "13.76",
        "200407": "13.26",
        "200408": "12.45",
        "200409": "12.21",
        "200410": "11.68",
        "200411": "11.35",
        "200412": "11.03",
        "200501": "11.70",
        "200502": "10.95",
        "200503": "11.59",
        "200504": "10.74",
        "200505": "9.88",
        "200506": "11.10",
        "200507": "11.61",
        "200508": "10.98",
        "200509": "9.85",
        "200510": "9.28",
        "200511": "8.91",
        "200512": "10.73",
        "200601": "11.76",
        "200602": "11.64",
        "200603": "11.30",
        "200604": "13.61",
        "200605": "20.79",
        "200606": "17.09",
        "200607": "17.30",
        "200608": "16.60",
        "200609": "15.87",
        "200610": "17.88",
        "200611": "21.62",
        "200612": "27.27",
        "200701": "24.75",
        "200702": "23.91",
        "200703": "24.94",
        "200704": "25.56",
        "200705": "23.42",
        "200706": "25.58",
        "200707": "35.45",
        "200708": "27.97",
        "200709": "26.37",
        "200710": "26.64",
        "200711": "20.43",
        "200712": "17.29",
        "200801": "19.80",
        "200802": "23.56",
        "200803": "25.85",
        "200804": "28.29",
        "200805": "26.06",
        "200806": "20.56",
        "200807": "18.06",
        "200808": "17.34",
        "200809": "11.64",
        "200810": "8.35",
        "200811": "8.00",
        "200812": "8.05",
        "200901": "7.51",
        "200902": "7.06",
        "200903": "8.40",
        "200904": "11.49",
        "200905": "13.88",
        "200906": "15.03",
        "200907": "18.93",
        "200908": "20.44",
        "200909": "21.00",
        "200910": "23.14",
        "200911": "21.59",
        "200912": "21.58",
        "201001": "22.52",
        "201002": "18.96",
        "201003": "20.80",
        "201004": "21.09",
        "201005": "19.66",
        "201006": "20.16",
        "201007": "20.51",
        "201008": "21.26",
        "201009": "20.97",
        "201010": "21.84",
        "201011": "23.29",
        "201012": "25.63",
        "201101": "25.29",
        "201102": "22.39",
        "201103": "20.37",
        "201104": "20.48",
        "201105": "19.84",
        "201106": "18.76",
        "201107": "19.57",
        "201108": "18.20",
        "201109": "16.20",
        "201110": "14.90",
        "201111": "14.31",
        "201112": "13.11",
        "201201": "14.01",
        "201202": "15.68",
        "201203": "15.76",
        "201204": "13.43",
        "201205": "12.92",
        "201206": "11.96",
        "201207": "12.02",
        "201208": "13.71",
        "201209": "16.23",
        "201210": "15.70",
        "201211": "14.42",
        "201212": "15.15",
        "201301": "15.93",
        "201302": "15.44",
        "201303": "16.51",
        "201304": "15.82",
        "201305": "16.55",
        "201306": "16.39",
        "201307": "15.37",
        "201308": "14.87",
        "201309": "14.99",
        "201310": "16.08",
        "201311": "15.67",
        "201312": "19.35",
        "201401": "20.92",
        "201402": "22.03",
        "201403": "21.19",
        "201404": "20.66",
        "201405": "19.69",
        "201406": "19.66",
        "201407": "20.88",
        "201408": "21.10",
        "201409": "21.79",
        "201410": "21.96",
        "201411": "21.22",
        "201412": "20.96",
        "201501": "20.37",
        "201502": "19.03",
        "201503": "18.10",
        "201504": "17.26",
        "201505": "16.75",
        "201506": "14.03",
        "201507": "12.98",
        "201508": "11.65",
        "201509": "12.34",
        "201510": "12.25",
        "201511": "12.15",
        "201512": "12.09",
        "201601": "11.52",
        "201602": "11.79",
        "201603": "12.43",
        "201604": "12.39",
        "201605": "13.02",
        "201606": "14.39",
        "201607": "15.22",
        "201608": "15.43",
        "201609": "15.20",
        "201610": "15.32",
        "201611": "15.16",
        "201612": "16.13",
        "201701": "16.80",
        "201702": "19.35",
        "201703": "18.76",
        "201704": "17.69",
        "201705": "17.87",
        "201706": "18.03",
        "201707": "17.35",
        "201708": "17.55",
        "201709": "17.43",
        "201710": "17.16",
        "201711": "17.49",
        "201712": "17.44",
        "201801": "18.03",
        "201802": "17.42",
        "201803": "17.71",
        "201804": "18.49",
        "201805": "19.68",
        "201806": "20.02",
        "201807": "18.87",
        "201808": "18.30",
        "201809": "18.47",
        "201810": "18.09",
        "201811": "17.67",
        "201812": "17.96",
        "201901": "18.43",
        "201902": "19.03",
        "201903": "18.77",
        "201904": "18.56",
        "201905": "19.89",
        "201906": "21.02",
        "201907": "22.02",
        "201908": "22.99",
        "201909": "22.83",
        "201910": "24.43",
        "201911": "25.58",
        "201912": "25.18",
        "202001": "23.84",
        "202002": "22.69",
        "202003": "19.85",
        "202004": "20.20",
        "202005": "20.55",
        "202006": "21.79",
        "202007": "22.58",
        "202008": "22.61",
        "202009": "22.95",
        "202010": "23.77",
        "202011": "23.90",
        "202012": "24.12",
        "202101": "24.03",
        "202102": "23.20",
        "202103": "23.79",
        "202104": "25.17",
        "202105": "24.81",
        "202106": "25.16",
        "202107": "25.09",
        "202108": "24.74",
        "202109": "24.81",
        "202110": "24.86",
        "202111": "25.35",
        "202112": "25.57",
        "202201": "26.92",
        "202202": "27.21",
        "202203": "27.44",
        "202204": "27.80",
        "202205": "25.60",
        "202206": "25.13",
        "202207": "23.64",
        "202208": "24.90",
        "202209": "24.93",
        "202210": "24.29",
        "202211": "24.76",
        "202212": "25.83",
        "202301": "25.62",
        "202302": "28.23",
        "202303": "28.77",
        "202304": "28.81",
        "202305": "28.74",
        "202306": "29.24"
    },
    "quarters": {
        "20011": {
            "year_quarter": 20011,
            "year": 2001,
            "quarter": 1,
            "eps": -0.12,
            "eps_growth_year": -142.86,
            "eps_4q": -0.26,
            "eps_4q_growth_year": -447.1,
            "roe": -0.88,
            "roe_4q": -0.88,
            "gross_profit": -21009,
            "gross_margin": -14.42,
            "gross_margin_4q_avg": -14.42,
            "net_income": -18744,
            "revenue": 145678,
            "common_shares": 1572008,
            "book_valuer_per_share": 13.53,
            "book_valuer_per_share_4q_avg": 13.53,
            "equity": 2126995,
            "current_ratio": 147.96,
            "debt_ratio": 31.95,
            "inventory_turnover_ratio": 0.31,
            "account_receivable_turnover_ratio": null,
            "reinvestment_rate": null,
            "research_to_sale_ratio": null,
            "price_fair": 0,
            "eps_avg_yearly": 0,
            "eps_latest_yearly": 0,
            "eps_growth_yearly": 0
        },
        "20012": {
            "year_quarter": 20012,
            "year": 2001,
            "quarter": 2,
            "eps": -0.39,
            "eps_growth_year": null,
            "eps_4q": -0.47,
            "eps_4q_growth_year": null,
            "roe": -2.9,
            "roe_4q": -3.78,
            "gross_profit": -6828,
            "gross_margin": -3.97,
            "gross_margin_4q_avg": -9.2,
            "net_income": -60825,
            "revenue": 172024,
            "common_shares": 1572008,
            "book_valuer_per_share": 13.17,
            "book_valuer_per_share_4q_avg": 13.35,
            "equity": 2069775,
            "current_ratio": 144.34,
            "debt_ratio": 33.1,
            "inventory_turnover_ratio": 0.36,
            "account_receivable_turnover_ratio": null,
            "reinvestment_rate": null,
            "research_to_sale_ratio": null,
            "price_fair": 0,
            "eps_avg_yearly": 0,
            "eps_latest_yearly": 0,
            "eps_growth_yearly": 0
        },
        "20013": {
            "year_quarter": 20013,
            "year": 2001,
            "quarter": 3,
            "eps": -0.35,
            "eps_growth_year": null,
            "eps_4q": -0.59,
            "eps_4q_growth_year": null,
            "roe": -2.73,
            "roe_4q": -6.51,
            "gross_profit": 7270,
            "gross_margin": 3.5,
            "gross_margin_4q_avg": -4.96,
            "net_income": -55627,
            "revenue": 207973,
            "common_shares": 1572008,
            "book_valuer_per_share": 12.74,
            "book_valuer_per_share_4q_avg": 13.15,
            "equity": 2002645,
            "current_ratio": 126.54,
            "debt_ratio": 35.35,
            "inventory_turnover_ratio": 0.44,
            "account_receivable_turnover_ratio": null,
            "reinvestment_rate": null,
            "research_to_sale_ratio": null,
            "price_fair": 0,
            "eps_avg_yearly": 0,
            "eps_latest_yearly": 0,
            "eps_growth_yearly": 0
        },
        "20014": {
            "year_quarter": 20014,
            "year": 2001,
            "quarter": 4,
            "eps": 0,
            "eps_growth_year": -100,
            "eps_4q": -0.83,
            "eps_4q_growth_year": -693.91,
            "roe": 0.03,
            "roe_4q": -6.4799999999999995,
            "gross_profit": 18402,
            "gross_margin": 8.86,
            "gross_margin_4q_avg": -1.51,
            "net_income": 669,
            "revenue": 207642,
            "common_shares": 1572008,
            "book_valuer_per_share": 12.8,
            "book_valuer_per_share_4q_avg": 13.06,
            "equity": 2045569,
            "current_ratio": 123.12,
            "debt_ratio": 36.18,
            "inventory_turnover_ratio": 0.45,
            "account_receivable_turnover_ratio": null,
            "reinvestment_rate": null,
            "research_to_sale_ratio": null,
            "price_fair": 0,
            "eps_avg_yearly": 0,
            "eps_latest_yearly": 0,
            "eps_growth_yearly": 0
        },
        "20021": {
            "year_quarter": 20021,
            "year": 2002,
            "quarter": 1,
            "eps": -0.05,
            "eps_growth_year": null,
            "eps_4q": -0.73,
            "eps_4q_growth_year": null,
            "roe": -0.42,
            "roe_4q": -6.02,
            "gross_profit": 21453,
            "gross_margin": 11.06,
            "gross_margin_4q_avg": 4.86,
            "net_income": -8477,
            "revenue": 193927,
            "common_shares": 1572008,
            "book_valuer_per_share": 12.72,
            "book_valuer_per_share_4q_avg": 12.86,
            "equity": 1999117,
            "current_ratio": 118.91,
            "debt_ratio": 36.95,
            "inventory_turnover_ratio": 0.43,
            "account_receivable_turnover_ratio": null,
            "reinvestment_rate": null,
            "research_to_sale_ratio": null,
            "price_fair": 0,
            "eps_avg_yearly": 0,
            "eps_latest_yearly": 0,
            "eps_growth_yearly": 0
        },
        "20022": {
            "year_quarter": 20022,
            "year": 2002,
            "quarter": 2,
            "eps": -0.16,
            "eps_growth_year": null,
            "eps_4q": -0.56,
            "eps_4q_growth_year": null,
            "roe": -1.25,
            "roe_4q": -4.37,
            "gross_profit": 17160,
            "gross_margin": 8.17,
            "gross_margin_4q_avg": 7.9,
            "net_income": -24807,
            "revenue": 209921,
            "common_shares": 1572008,
            "book_valuer_per_share": 12.55,
            "book_valuer_per_share_4q_avg": 12.7,
            "equity": 1973634,
            "current_ratio": 109.88,
            "debt_ratio": 39.25,
            "inventory_turnover_ratio": 0.5,
            "account_receivable_turnover_ratio": null,
            "reinvestment_rate": null,
            "research_to_sale_ratio": null,
            "price_fair": 0,
            "eps_avg_yearly": 0,
            "eps_latest_yearly": 0,
            "eps_growth_yearly": 0
        },
        "20023": {
            "year_quarter": 20023,
            "year": 2002,
            "quarter": 3,
            "eps": -0.02,
            "eps_growth_year": null,
            "eps_4q": -0.23,
            "eps_4q_growth_year": null,
            "roe": -0.18,
            "roe_4q": -1.8199999999999998,
            "gross_profit": 26731,
            "gross_margin": 10.04,
            "gross_margin_4q_avg": 9.53,
            "net_income": -3622,
            "revenue": 266353,
            "common_shares": 1572008,
            "book_valuer_per_share": 12.56,
            "book_valuer_per_share_4q_avg": 12.66,
            "equity": 1973808,
            "current_ratio": 100.83,
            "debt_ratio": 42.53,
            "inventory_turnover_ratio": 0.66,
            "account_receivable_turnover_ratio": null,
            "reinvestment_rate": null,
            "research_to_sale_ratio": null,
            "price_fair": 0,
            "eps_avg_yearly": 0,
            "eps_latest_yearly": 0,
            "eps_growth_yearly": 0
        },
        "20024": {
            "year_quarter": 20024,
            "year": 2002,
            "quarter": 4,
            "eps": 0.64,
            "eps_growth_year": null,
            "eps_4q": 0.4,
            "eps_4q_growth_year": null,
            "roe": 4.88,
            "roe_4q": 3.0300000000000002,
            "gross_profit": 49863,
            "gross_margin": 16.75,
            "gross_margin_4q_avg": 11.51,
            "net_income": 99429,
            "revenue": 297758,
            "common_shares": 1572008,
            "book_valuer_per_share": 13.12,
            "book_valuer_per_share_4q_avg": 12.74,
            "equity": 2098649,
            "current_ratio": 113.09,
            "debt_ratio": 46.36,
            "inventory_turnover_ratio": 0.65,
            "account_receivable_turnover_ratio": null,
            "reinvestment_rate": null,
            "research_to_sale_ratio": null,
            "price_fair": 0,
            "eps_avg_yearly": 0,
            "eps_latest_yearly": 0,
            "eps_growth_yearly": 0
        },
        "20031": {
            "year_quarter": 20031,
            "year": 2003,
            "quarter": 1,
            "eps": -0.25,
            "eps_growth_year": null,
            "eps_4q": 0.21,
            "eps_4q_growth_year": null,
            "roe": -1.87,
            "roe_4q": 1.5799999999999996,
            "gross_profit": 3659,
            "gross_margin": 1.38,
            "gross_margin_4q_avg": 9.09,
            "net_income": -38509,
            "revenue": 264983,
            "common_shares": 1572008,
            "book_valuer_per_share": 12.89,
            "book_valuer_per_share_4q_avg": 12.78,
            "equity": 2026786,
            "current_ratio": 104.89,
            "debt_ratio": 46.7,
            "inventory_turnover_ratio": 0.68,
            "account_receivable_turnover_ratio": null,
            "reinvestment_rate": null,
            "research_to_sale_ratio": null,
            "price_fair": 0,
            "eps_avg_yearly": 0,
            "eps_latest_yearly": 0,
            "eps_growth_yearly": 0
        },
        "20032": {
            "year_quarter": 20032,
            "year": 2003,
            "quarter": 2,
            "eps": -0.04,
            "eps_growth_year": null,
            "eps_4q": 0.33,
            "eps_4q_growth_year": null,
            "roe": -0.3,
            "roe_4q": 2.53,
            "gross_profit": 47545,
            "gross_margin": 14.7,
            "gross_margin_4q_avg": 10.72,
            "net_income": -5957,
            "revenue": 323390,
            "common_shares": 1572008,
            "book_valuer_per_share": 12.74,
            "book_valuer_per_share_4q_avg": 12.83,
            "equity": 2002000,
            "current_ratio": 98.34,
            "debt_ratio": 48.89,
            "inventory_turnover_ratio": 0.78,
            "account_receivable_turnover_ratio": null,
            "reinvestment_rate": null,
            "research_to_sale_ratio": null,
            "price_fair": 0,
            "eps_avg_yearly": 0,
            "eps_latest_yearly": 0,
            "eps_growth_yearly": 0
        },
        "20033": {
            "year_quarter": 20033,
            "year": 2003,
            "quarter": 3,
            "eps": -0.11,
            "eps_growth_year": null,
            "eps_4q": 0.24,
            "eps_4q_growth_year": null,
            "roe": -0.78,
            "roe_4q": 1.9299999999999997,
            "gross_profit": 29103,
            "gross_margin": 8.72,
            "gross_margin_4q_avg": 10.39,
            "net_income": -17540,
            "revenue": 333589,
            "common_shares": 1572008,
            "book_valuer_per_share": 15.76,
            "book_valuer_per_share_4q_avg": 13.63,
            "equity": 2477998,
            "current_ratio": 96.16,
            "debt_ratio": 50.5,
            "inventory_turnover_ratio": 0.89,
            "account_receivable_turnover_ratio": null,
            "reinvestment_rate": null,
            "research_to_sale_ratio": null,
            "price_fair": 0,
            "eps_avg_yearly": 0,
            "eps_latest_yearly": 0,
            "eps_growth_yearly": 0
        },
        "20034": {
            "year_quarter": 20034,
            "year": 2003,
            "quarter": 4,
            "eps": -0.97,
            "eps_growth_year": -251.56,
            "eps_4q": -1.33,
            "eps_4q_growth_year": -431.28,
            "roe": -5.71,
            "roe_4q": -8.66,
            "gross_profit": 54948,
            "gross_margin": 12.91,
            "gross_margin_4q_avg": 9.43,
            "net_income": -149909,
            "revenue": 425780,
            "common_shares": 1572008,
            "book_valuer_per_share": 17.43,
            "book_valuer_per_share_4q_avg": 14.71,
            "equity": 2773117,
            "current_ratio": 89.67,
            "debt_ratio": 45.89,
            "inventory_turnover_ratio": 1.09,
            "account_receivable_turnover_ratio": null,
            "reinvestment_rate": null,
            "research_to_sale_ratio": null,
            "price_fair": 0,
            "eps_avg_yearly": 0,
            "eps_latest_yearly": 0,
            "eps_growth_yearly": 0
        },
        "20041": {
            "year_quarter": 20041,
            "year": 2004,
            "quarter": 1,
            "eps": 0.06,
            "eps_growth_year": null,
            "eps_4q": -1.1,
            "eps_4q_growth_year": -621.94,
            "roe": 0.33,
            "roe_4q": -6.46,
            "gross_profit": 40935,
            "gross_margin": 10.65,
            "gross_margin_4q_avg": 11.75,
            "net_income": 8962,
            "revenue": 384384,
            "common_shares": 1572008,
            "book_valuer_per_share": 17.42,
            "book_valuer_per_share_4q_avg": 15.84,
            "equity": 2737734,
            "current_ratio": 95.09,
            "debt_ratio": 38.32,
            "inventory_turnover_ratio": 1.09,
            "account_receivable_turnover_ratio": null,
            "reinvestment_rate": null,
            "research_to_sale_ratio": null,
            "price_fair": 0,
            "eps_avg_yearly": 0,
            "eps_latest_yearly": 0,
            "eps_growth_yearly": 0
        },
        "20042": {
            "year_quarter": 20042,
            "year": 2004,
            "quarter": 2,
            "eps": 0.2,
            "eps_growth_year": null,
            "eps_4q": -0.81,
            "eps_4q_growth_year": -348.61,
            "roe": 1.15,
            "roe_4q": -5.010000000000001,
            "gross_profit": 21093,
            "gross_margin": 5.5,
            "gross_margin_4q_avg": 9.45,
            "net_income": 31323,
            "revenue": 383353,
            "common_shares": 1572008,
            "book_valuer_per_share": 17.34,
            "book_valuer_per_share_4q_avg": 16.99,
            "equity": 2726484,
            "current_ratio": 145.6,
            "debt_ratio": 43.95,
            "inventory_turnover_ratio": 1.33,
            "account_receivable_turnover_ratio": null,
            "reinvestment_rate": null,
            "research_to_sale_ratio": null,
            "price_fair": 28,
            "eps_avg_yearly": 0.8,
            "eps_latest_yearly": 0.8,
            "eps_growth_yearly": 933.33
        },
        "20043": {
            "year_quarter": 20043,
            "year": 2004,
            "quarter": 3,
            "eps": 0.06,
            "eps_growth_year": null,
            "eps_4q": -0.69,
            "eps_4q_growth_year": -391.39,
            "roe": 0.32,
            "roe_4q": -3.91,
            "gross_profit": -6259,
            "gross_margin": -1.9,
            "gross_margin_4q_avg": 6.79,
            "net_income": 8727,
            "revenue": 329801,
            "common_shares": 1573321,
            "book_valuer_per_share": 17.25,
            "book_valuer_per_share_4q_avg": 17.36,
            "equity": 2714539,
            "current_ratio": 135.08,
            "debt_ratio": 43.07,
            "inventory_turnover_ratio": 1.32,
            "account_receivable_turnover_ratio": null,
            "reinvestment_rate": null,
            "research_to_sale_ratio": null,
            "price_fair": 18.2,
            "eps_avg_yearly": 0.52,
            "eps_latest_yearly": 0.24,
            "eps_growth_yearly": 326.67
        },
        "20044": {
            "year_quarter": 20044,
            "year": 2004,
            "quarter": 4,
            "eps": 0.67,
            "eps_growth_year": null,
            "eps_4q": 0.98,
            "eps_4q_growth_year": null,
            "roe": 3.88,
            "roe_4q": 5.68,
            "gross_profit": -6366,
            "gross_margin": -1.78,
            "gross_margin_4q_avg": 3.12,
            "net_income": 105482,
            "revenue": 358626,
            "common_shares": 1573321,
            "book_valuer_per_share": 17.13,
            "book_valuer_per_share_4q_avg": 17.29,
            "equity": 2723887,
            "current_ratio": 108.04,
            "debt_ratio": 51.98,
            "inventory_turnover_ratio": 1.31,
            "account_receivable_turnover_ratio": null,
            "reinvestment_rate": null,
            "research_to_sale_ratio": null,
            "price_fair": 43.4,
            "eps_avg_yearly": 1.24,
            "eps_latest_yearly": 2.68,
            "eps_growth_yearly": 1573.33
        },
        "20051": {
            "year_quarter": 20051,
            "year": 2005,
            "quarter": 1,
            "eps": -1.6,
            "eps_growth_year": -2766.67,
            "eps_4q": -0.66,
            "eps_4q_growth_year": null,
            "roe": -9.58,
            "roe_4q": -4.23,
            "gross_profit": -10037,
            "gross_margin": -3.22,
            "gross_margin_4q_avg": -0.35,
            "net_income": -247676,
            "revenue": 311357,
            "common_shares": 1548349,
            "book_valuer_per_share": 15.79,
            "book_valuer_per_share_4q_avg": 16.88,
            "equity": 2444386,
            "current_ratio": 120.45,
            "debt_ratio": 47.12,
            "inventory_turnover_ratio": 1.32,
            "account_receivable_turnover_ratio": null,
            "reinvestment_rate": null,
            "research_to_sale_ratio": null,
            "price_fair": 43.4,
            "eps_avg_yearly": 1.24,
            "eps_latest_yearly": 2.68,
            "eps_growth_yearly": 1573.33
        },
        "20052": {
            "year_quarter": 20052,
            "year": 2005,
            "quarter": 2,
            "eps": -0.64,
            "eps_growth_year": -420,
            "eps_4q": -1.5,
            "eps_4q_growth_year": null,
            "roe": -4.15,
            "roe_4q": -9.530000000000001,
            "gross_profit": -5404,
            "gross_margin": -1.6,
            "gross_margin_4q_avg": -2.13,
            "net_income": -99362,
            "revenue": 337836,
            "common_shares": 1548495,
            "book_valuer_per_share": 15.12,
            "book_valuer_per_share_4q_avg": 16.32,
            "equity": 2341089,
            "current_ratio": 104.23,
            "debt_ratio": 48.75,
            "inventory_turnover_ratio": 1.96,
            "account_receivable_turnover_ratio": null,
            "reinvestment_rate": null,
            "research_to_sale_ratio": null,
            "price_fair": 43.4,
            "eps_avg_yearly": 1.24,
            "eps_latest_yearly": 2.68,
            "eps_growth_yearly": 1573.33
        },
        "20053": {
            "year_quarter": 20053,
            "year": 2005,
            "quarter": 3,
            "eps": -0.05,
            "eps_growth_year": -183.33,
            "eps_4q": -1.6,
            "eps_4q_growth_year": null,
            "roe": -0.31,
            "roe_4q": -10.16,
            "gross_profit": 384,
            "gross_margin": 0.11,
            "gross_margin_4q_avg": -1.62,
            "net_income": -7325,
            "revenue": 363572,
            "common_shares": 1557173,
            "book_valuer_per_share": 15.24,
            "book_valuer_per_share_4q_avg": 15.82,
            "equity": 2372962,
            "current_ratio": 97,
            "debt_ratio": 47.81,
            "inventory_turnover_ratio": 2.19,
            "account_receivable_turnover_ratio": null,
            "reinvestment_rate": null,
            "research_to_sale_ratio": null,
            "price_fair": 43.4,
            "eps_avg_yearly": 1.24,
            "eps_latest_yearly": 2.68,
            "eps_growth_yearly": 1573.33
        },
        "20054": {
            "year_quarter": 20054,
            "year": 2005,
            "quarter": 4,
            "eps": -0.21,
            "eps_growth_year": -131.34,
            "eps_4q": -2.43,
            "eps_4q_growth_year": -347.66,
            "roe": -1.34,
            "roe_4q": -15.38,
            "gross_profit": 25432,
            "gross_margin": 5.68,
            "gross_margin_4q_avg": 0.24,
            "net_income": -31961,
            "revenue": 448057,
            "common_shares": 1557173,
            "book_valuer_per_share": 15.04,
            "book_valuer_per_share_4q_avg": 15.3,
            "equity": 2394010,
            "current_ratio": 112.58,
            "debt_ratio": 62.21,
            "inventory_turnover_ratio": 1.75,
            "account_receivable_turnover_ratio": null,
            "reinvestment_rate": null,
            "research_to_sale_ratio": null,
            "price_fair": 43.4,
            "eps_avg_yearly": 1.24,
            "eps_latest_yearly": 2.68,
            "eps_growth_yearly": 1573.33
        },
        "20061": {
            "year_quarter": 20061,
            "year": 2006,
            "quarter": 1,
            "eps": 0.28,
            "eps_growth_year": null,
            "eps_4q": -0.61,
            "eps_4q_growth_year": null,
            "roe": 1.83,
            "roe_4q": -3.97,
            "gross_profit": 41431,
            "gross_margin": 8.93,
            "gross_margin_4q_avg": 3.28,
            "net_income": 43835,
            "revenue": 463947,
            "common_shares": 1557917,
            "book_valuer_per_share": 15.3,
            "book_valuer_per_share_4q_avg": 15.18,
            "equity": 2384193,
            "current_ratio": 118.22,
            "debt_ratio": 46.16,
            "inventory_turnover_ratio": 1.69,
            "account_receivable_turnover_ratio": null,
            "reinvestment_rate": null,
            "research_to_sale_ratio": null,
            "price_fair": 43.4,
            "eps_avg_yearly": 1.24,
            "eps_latest_yearly": 2.68,
            "eps_growth_yearly": 1573.33
        },
        "20062": {
            "year_quarter": 20062,
            "year": 2006,
            "quarter": 2,
            "eps": 0.39,
            "eps_growth_year": null,
            "eps_4q": 0.42,
            "eps_4q_growth_year": null,
            "roe": 2.34,
            "roe_4q": 2.52,
            "gross_profit": 27082,
            "gross_margin": 5.6,
            "gross_margin_4q_avg": 5.08,
            "net_income": 60831,
            "revenue": 484020,
            "common_shares": 1869238,
            "book_valuer_per_share": 15.1,
            "book_valuer_per_share_4q_avg": 15.17,
            "equity": 2822079,
            "current_ratio": 118.4,
            "debt_ratio": 37.57,
            "inventory_turnover_ratio": 2.33,
            "account_receivable_turnover_ratio": null,
            "reinvestment_rate": null,
            "research_to_sale_ratio": null,
            "price_fair": 46.2,
            "eps_avg_yearly": 1.32,
            "eps_latest_yearly": 1.56,
            "eps_growth_yearly": 1219.29
        },
        "20063": {
            "year_quarter": 20063,
            "year": 2006,
            "quarter": 3,
            "eps": 0.82,
            "eps_growth_year": null,
            "eps_4q": 1.26,
            "eps_4q_growth_year": null,
            "roe": 4.66,
            "roe_4q": 7.49,
            "gross_profit": 53965,
            "gross_margin": 8.91,
            "gross_margin_4q_avg": 7.28,
            "net_income": 136975,
            "revenue": 605351,
            "common_shares": 1936345,
            "book_valuer_per_share": 15.8,
            "book_valuer_per_share_4q_avg": 15.31,
            "equity": 3058685,
            "current_ratio": 151.86,
            "debt_ratio": 35.81,
            "inventory_turnover_ratio": 2.5,
            "account_receivable_turnover_ratio": null,
            "reinvestment_rate": null,
            "research_to_sale_ratio": null,
            "price_fair": 59.92,
            "eps_avg_yearly": 1.71,
            "eps_latest_yearly": 3.28,
            "eps_growth_yearly": 1063.63
        },
        "20064": {
            "year_quarter": 20064,
            "year": 2006,
            "quarter": 4,
            "eps": 0.54,
            "eps_growth_year": null,
            "eps_4q": 1.93,
            "eps_4q_growth_year": null,
            "roe": 2.96,
            "roe_4q": 11.790000000000001,
            "gross_profit": 20527,
            "gross_margin": 4.15,
            "gross_margin_4q_avg": 6.9,
            "net_income": 93638,
            "revenue": 494700,
            "common_shares": 1979236,
            "book_valuer_per_share": 16.19,
            "book_valuer_per_share_4q_avg": 15.6,
            "equity": 3257662,
            "current_ratio": 142.87,
            "debt_ratio": 54.77,
            "inventory_turnover_ratio": 1.32,
            "account_receivable_turnover_ratio": null,
            "reinvestment_rate": null,
            "research_to_sale_ratio": null,
            "price_fair": 62.53,
            "eps_avg_yearly": 1.79,
            "eps_latest_yearly": 2.16,
            "eps_growth_yearly": 863.6
        },
        "20071": {
            "year_quarter": 20071,
            "year": 2007,
            "quarter": 1,
            "eps": 0.23,
            "eps_growth_year": -17.86,
            "eps_4q": 1.71,
            "eps_4q_growth_year": null,
            "roe": 1.37,
            "roe_4q": 11.33,
            "gross_profit": 24161,
            "gross_margin": 5.16,
            "gross_margin_4q_avg": 5.96,
            "net_income": 45339,
            "revenue": 468499,
            "common_shares": 1984360,
            "book_valuer_per_share": 17.01,
            "book_valuer_per_share_4q_avg": 16.03,
            "equity": 3374680,
            "current_ratio": 231.1,
            "debt_ratio": 30.95,
            "inventory_turnover_ratio": 1.12,
            "account_receivable_turnover_ratio": null,
            "reinvestment_rate": null,
            "research_to_sale_ratio": null,
            "price_fair": 58.2,
            "eps_avg_yearly": 1.66,
            "eps_latest_yearly": 0.92,
            "eps_growth_yearly": 707.42
        },
        "20072": {
            "year_quarter": 20072,
            "year": 2007,
            "quarter": 2,
            "eps": 0.43,
            "eps_growth_year": 10.26,
            "eps_4q": 1.82,
            "eps_4q_growth_year": 334.06,
            "roe": 2.47,
            "roe_4q": 11.46,
            "gross_profit": 24398,
            "gross_margin": 4.87,
            "gross_margin_4q_avg": 5.77,
            "net_income": 85402,
            "revenue": 500746,
            "common_shares": 2032955,
            "book_valuer_per_share": 17.35,
            "book_valuer_per_share_4q_avg": 16.59,
            "equity": 3526709,
            "current_ratio": 236.99,
            "debt_ratio": 28.37,
            "inventory_turnover_ratio": 1.57,
            "account_receivable_turnover_ratio": null,
            "reinvestment_rate": -1408.17,
            "research_to_sale_ratio": null,
            "price_fair": 58.45,
            "eps_avg_yearly": 1.67,
            "eps_latest_yearly": 1.72,
            "eps_growth_yearly": 662.47
        },
        "20073": {
            "year_quarter": 20073,
            "year": 2007,
            "quarter": 3,
            "eps": 0.37,
            "eps_growth_year": -54.88,
            "eps_4q": 1.49,
            "eps_4q_growth_year": 18.86,
            "roe": 2.07,
            "roe_4q": 8.870000000000001,
            "gross_profit": 31466,
            "gross_margin": 5.66,
            "gross_margin_4q_avg": 4.96,
            "net_income": 73995,
            "revenue": 555726,
            "common_shares": 2033947,
            "book_valuer_per_share": 17.73,
            "book_valuer_per_share_4q_avg": 17.07,
            "equity": 3606615,
            "current_ratio": 167.07,
            "debt_ratio": 29.29,
            "inventory_turnover_ratio": 1.7,
            "account_receivable_turnover_ratio": null,
            "reinvestment_rate": -1263.51,
            "research_to_sale_ratio": null,
            "price_fair": 57.71,
            "eps_avg_yearly": 1.65,
            "eps_latest_yearly": 1.48,
            "eps_growth_yearly": 582.66
        },
        "20074": {
            "year_quarter": 20074,
            "year": 2007,
            "quarter": 4,
            "eps": 0.02,
            "eps_growth_year": -96.3,
            "eps_4q": 0.97,
            "eps_4q_growth_year": -50.01,
            "roe": 0.12,
            "roe_4q": 6.03,
            "gross_profit": 11530,
            "gross_margin": 2.17,
            "gross_margin_4q_avg": 4.47,
            "net_income": 4326,
            "revenue": 530577,
            "common_shares": 2039649,
            "book_valuer_per_share": 17.87,
            "book_valuer_per_share_4q_avg": 17.49,
            "equity": 3707589,
            "current_ratio": 150.45,
            "debt_ratio": 50.53,
            "inventory_turnover_ratio": 1.14,
            "account_receivable_turnover_ratio": null,
            "reinvestment_rate": -195.46,
            "research_to_sale_ratio": null,
            "price_fair": 52.22,
            "eps_avg_yearly": 1.49,
            "eps_latest_yearly": 0.08,
            "eps_growth_yearly": 486.56
        },
        "20081": {
            "year_quarter": 20081,
            "year": 2008,
            "quarter": 1,
            "eps": 0.01,
            "eps_growth_year": -95.65,
            "eps_4q": 0.52,
            "eps_4q_growth_year": -69.55,
            "roe": 0.09,
            "roe_4q": 4.75,
            "gross_profit": 79328,
            "gross_margin": 10.38,
            "gross_margin_4q_avg": 5.77,
            "net_income": 3196,
            "revenue": 764141,
            "common_shares": 2039649,
            "book_valuer_per_share": 17.77,
            "book_valuer_per_share_4q_avg": 17.68,
            "equity": 3688744,
            "current_ratio": 142.95,
            "debt_ratio": 50.79,
            "inventory_turnover_ratio": 1.16,
            "account_receivable_turnover_ratio": null,
            "reinvestment_rate": 397.06,
            "research_to_sale_ratio": null,
            "price_fair": 47.6,
            "eps_avg_yearly": 1.36,
            "eps_latest_yearly": 0.04,
            "eps_growth_yearly": 424.14
        },
        "20082": {
            "year_quarter": 20082,
            "year": 2008,
            "quarter": 2,
            "eps": 0.18,
            "eps_growth_year": -58.14,
            "eps_4q": 0.57,
            "eps_4q_growth_year": -68.75,
            "roe": 1.01,
            "roe_4q": 3.29,
            "gross_profit": 97158,
            "gross_margin": 13.19,
            "gross_margin_4q_avg": 7.85,
            "net_income": 37482,
            "revenue": 736422,
            "common_shares": 2039649,
            "book_valuer_per_share": 17.81,
            "book_valuer_per_share_4q_avg": 17.8,
            "equity": 3698210,
            "current_ratio": 143.19,
            "debt_ratio": 51.14,
            "inventory_turnover_ratio": 1.04,
            "account_receivable_turnover_ratio": null,
            "reinvestment_rate": 356.93,
            "research_to_sale_ratio": null,
            "price_fair": 47.35,
            "eps_avg_yearly": 1.35,
            "eps_latest_yearly": 0.72,
            "eps_growth_yearly": 957.48
        },
        "20083": {
            "year_quarter": 20083,
            "year": 2008,
            "quarter": 3,
            "eps": -0.45,
            "eps_growth_year": -221.62,
            "eps_4q": -0.23,
            "eps_4q_growth_year": -115.3,
            "roe": -2.54,
            "roe_4q": -1.3199999999999998,
            "gross_profit": -4086,
            "gross_margin": -0.6,
            "gross_margin_4q_avg": 6.29,
            "net_income": -92880,
            "revenue": 686412,
            "common_shares": 2039649,
            "book_valuer_per_share": 17.47,
            "book_valuer_per_share_4q_avg": 17.73,
            "equity": 3628822,
            "current_ratio": 147.38,
            "debt_ratio": 52.19,
            "inventory_turnover_ratio": 1.15,
            "account_receivable_turnover_ratio": null,
            "reinvestment_rate": 590.95,
            "research_to_sale_ratio": null,
            "price_fair": 51.24,
            "eps_avg_yearly": 1.46,
            "eps_latest_yearly": 0.72,
            "eps_growth_yearly": 1081.23
        },
        "20084": {
            "year_quarter": 20084,
            "year": 2008,
            "quarter": 4,
            "eps": -0.99,
            "eps_growth_year": -5050,
            "eps_4q": -1.21,
            "eps_4q_growth_year": -225.29,
            "roe": -5.77,
            "roe_4q": -7.209999999999999,
            "gross_profit": -105042,
            "gross_margin": -23.33,
            "gross_margin_4q_avg": -0.09,
            "net_income": -205844,
            "revenue": 450301,
            "common_shares": 2039649,
            "book_valuer_per_share": 16.85,
            "book_valuer_per_share_4q_avg": 17.48,
            "equity": 3501228,
            "current_ratio": 163.16,
            "debt_ratio": 49.58,
            "inventory_turnover_ratio": 1.17,
            "account_receivable_turnover_ratio": 2.4,
            "reinvestment_rate": null,
            "research_to_sale_ratio": null,
            "price_fair": 46.51,
            "eps_avg_yearly": 1.33,
            "eps_latest_yearly": 0.72,
            "eps_growth_yearly": 749.51
        },
        "20091": {
            "year_quarter": 20091,
            "year": 2009,
            "quarter": 1,
            "eps": -0.25,
            "eps_growth_year": -2600,
            "eps_4q": -1.5,
            "eps_4q_growth_year": -387.57,
            "roe": -1.5,
            "roe_4q": -8.799999999999999,
            "gross_profit": -19001,
            "gross_margin": -4.09,
            "gross_margin_4q_avg": -3.71,
            "net_income": -52304,
            "revenue": 464202,
            "common_shares": 2039649,
            "book_valuer_per_share": 16.82,
            "book_valuer_per_share_4q_avg": 17.24,
            "equity": 3495925,
            "current_ratio": 165.3,
            "debt_ratio": 48.99,
            "inventory_turnover_ratio": 1.4,
            "account_receivable_turnover_ratio": 1.14,
            "reinvestment_rate": 1176.22,
            "research_to_sale_ratio": null,
            "price_fair": 46.51,
            "eps_avg_yearly": 1.33,
            "eps_latest_yearly": 0.72,
            "eps_growth_yearly": 749.51
        },
        "20092": {
            "year_quarter": 20092,
            "year": 2009,
            "quarter": 2,
            "eps": 0.03,
            "eps_growth_year": -83.33,
            "eps_4q": -1.76,
            "eps_4q_growth_year": -409.8,
            "roe": 0.17,
            "roe_4q": -9.64,
            "gross_profit": 71238,
            "gross_margin": 12.46,
            "gross_margin_4q_avg": -3.89,
            "net_income": 5746,
            "revenue": 571698,
            "common_shares": 2039649,
            "book_valuer_per_share": 16.48,
            "book_valuer_per_share_4q_avg": 16.91,
            "equity": 3424084,
            "current_ratio": 167.03,
            "debt_ratio": 49.7,
            "inventory_turnover_ratio": 1.69,
            "account_receivable_turnover_ratio": 1.2,
            "reinvestment_rate": 538.17,
            "research_to_sale_ratio": null,
            "price_fair": 46.51,
            "eps_avg_yearly": 1.33,
            "eps_latest_yearly": 0.72,
            "eps_growth_yearly": 749.51
        },
        "20093": {
            "year_quarter": 20093,
            "year": 2009,
            "quarter": 3,
            "eps": 0.26,
            "eps_growth_year": null,
            "eps_4q": -0.94,
            "eps_4q_growth_year": null,
            "roe": 1.56,
            "roe_4q": -5.539999999999999,
            "gross_profit": 97228,
            "gross_margin": 13.99,
            "gross_margin_4q_avg": -0.24,
            "net_income": 53697,
            "revenue": 694900,
            "common_shares": 2039649,
            "book_valuer_per_share": 16.63,
            "book_valuer_per_share_4q_avg": 16.7,
            "equity": 3455845,
            "current_ratio": 170.09,
            "debt_ratio": 48.81,
            "inventory_turnover_ratio": 2.03,
            "account_receivable_turnover_ratio": 1.31,
            "reinvestment_rate": 408.86,
            "research_to_sale_ratio": null,
            "price_fair": 45.5,
            "eps_avg_yearly": 1.3,
            "eps_latest_yearly": 1.04,
            "eps_growth_yearly": 981.23
        },
        "20094": {
            "year_quarter": 20094,
            "year": 2009,
            "quarter": 4,
            "eps": 0.19,
            "eps_growth_year": null,
            "eps_4q": 0.22,
            "eps_4q_growth_year": null,
            "roe": 1.12,
            "roe_4q": 1.35,
            "gross_profit": 68386,
            "gross_margin": 10.78,
            "gross_margin_4q_avg": 8.29,
            "net_income": 38858,
            "revenue": 634509,
            "common_shares": 2039649,
            "book_valuer_per_share": 16.8,
            "book_valuer_per_share_4q_avg": 16.68,
            "equity": 3489975,
            "current_ratio": 151.14,
            "debt_ratio": 47.4,
            "inventory_turnover_ratio": 1.84,
            "account_receivable_turnover_ratio": 2.4,
            "reinvestment_rate": -392.77,
            "research_to_sale_ratio": null,
            "price_fair": 43.78,
            "eps_avg_yearly": 1.25,
            "eps_latest_yearly": 0.76,
            "eps_growth_yearly": 882.23
        },
        "20101": {
            "year_quarter": 20101,
            "year": 2010,
            "quarter": 1,
            "eps": 0.13,
            "eps_growth_year": null,
            "eps_4q": 0.6,
            "eps_4q_growth_year": null,
            "roe": 0.73,
            "roe_4q": 3.58,
            "gross_profit": 67205,
            "gross_margin": 10.62,
            "gross_margin_4q_avg": 11.96,
            "net_income": 25559,
            "revenue": 633027,
            "common_shares": 2039649,
            "book_valuer_per_share": 16.9,
            "book_valuer_per_share_4q_avg": 16.7,
            "equity": 3509880,
            "current_ratio": 163.51,
            "debt_ratio": 46.8,
            "inventory_turnover_ratio": 1.78,
            "account_receivable_turnover_ratio": 1.2,
            "reinvestment_rate": 412.38,
            "research_to_sale_ratio": 0.19,
            "price_fair": 41.65,
            "eps_avg_yearly": 1.19,
            "eps_latest_yearly": 0.52,
            "eps_growth_yearly": 798.19
        },
        "20102": {
            "year_quarter": 20102,
            "year": 2010,
            "quarter": 2,
            "eps": 0.37,
            "eps_growth_year": 1148.58,
            "eps_4q": 0.95,
            "eps_4q_growth_year": null,
            "roe": 2.2,
            "roe_4q": 5.610000000000001,
            "gross_profit": 118400,
            "gross_margin": 17.55,
            "gross_margin_4q_avg": 13.24,
            "net_income": 78071,
            "revenue": 674481,
            "common_shares": 2039649,
            "book_valuer_per_share": 17.35,
            "book_valuer_per_share_4q_avg": 16.92,
            "equity": 3603043,
            "current_ratio": 160.13,
            "debt_ratio": 47.06,
            "inventory_turnover_ratio": 1.68,
            "account_receivable_turnover_ratio": 1.16,
            "reinvestment_rate": 431.55,
            "research_to_sale_ratio": 0.22,
            "price_fair": 41.42,
            "eps_avg_yearly": 1.18,
            "eps_latest_yearly": 1.48,
            "eps_growth_yearly": 846.63
        },
        "20103": {
            "year_quarter": 20103,
            "year": 2010,
            "quarter": 3,
            "eps": 0.23,
            "eps_growth_year": -11.77,
            "eps_4q": 0.92,
            "eps_4q_growth_year": null,
            "roe": 1.32,
            "roe_4q": 5.37,
            "gross_profit": 107157,
            "gross_margin": 13.94,
            "gross_margin_4q_avg": 13.22,
            "net_income": 47793,
            "revenue": 768873,
            "common_shares": 2039649,
            "book_valuer_per_share": 17.48,
            "book_valuer_per_share_4q_avg": 17.13,
            "equity": 3629796,
            "current_ratio": 140.3,
            "debt_ratio": 60.99,
            "inventory_turnover_ratio": 1.82,
            "account_receivable_turnover_ratio": 1.19,
            "reinvestment_rate": 1791.65,
            "research_to_sale_ratio": 0.18,
            "price_fair": 34.53,
            "eps_avg_yearly": 0.99,
            "eps_latest_yearly": 0.92,
            "eps_growth_yearly": 797.27
        },
        "20104": {
            "year_quarter": 20104,
            "year": 2010,
            "quarter": 4,
            "eps": 0.05,
            "eps_growth_year": -72.42,
            "eps_4q": 0.78,
            "eps_4q_growth_year": 249.99,
            "roe": 0.28,
            "roe_4q": 4.53,
            "gross_profit": 42747,
            "gross_margin": 7.12,
            "gross_margin_4q_avg": 12.31,
            "net_income": 10418,
            "revenue": 600010,
            "common_shares": 2039649,
            "book_valuer_per_share": 18.19,
            "book_valuer_per_share_4q_avg": 17.48,
            "equity": 3770610,
            "current_ratio": 197.03,
            "debt_ratio": 58.62,
            "inventory_turnover_ratio": 1.62,
            "account_receivable_turnover_ratio": 1.02,
            "reinvestment_rate": 1868.93,
            "research_to_sale_ratio": 0.14,
            "price_fair": 28.82,
            "eps_avg_yearly": 0.82,
            "eps_latest_yearly": 0.2,
            "eps_growth_yearly": 782.56
        },
        "20111": {
            "year_quarter": 20111,
            "year": 2011,
            "quarter": 1,
            "eps": -0.05,
            "eps_growth_year": -138.46,
            "eps_4q": 0.61,
            "eps_4q_growth_year": 2.3,
            "roe": -0.29,
            "roe_4q": 3.5100000000000002,
            "gross_profit": 37348,
            "gross_margin": 7.16,
            "gross_margin_4q_avg": 11.44,
            "net_income": -10990,
            "revenue": 521392,
            "common_shares": 2039649,
            "book_valuer_per_share": 18.15,
            "book_valuer_per_share_4q_avg": 17.79,
            "equity": 3761171,
            "current_ratio": 112.61,
            "debt_ratio": 59.53,
            "inventory_turnover_ratio": 1.58,
            "account_receivable_turnover_ratio": 1.09,
            "reinvestment_rate": 4178.65,
            "research_to_sale_ratio": 0.15,
            "price_fair": 28.51,
            "eps_avg_yearly": 0.81,
            "eps_latest_yearly": 0.2,
            "eps_growth_yearly": 874.58
        },
        "20112": {
            "year_quarter": 20112,
            "year": 2011,
            "quarter": 2,
            "eps": 0.14,
            "eps_growth_year": -61.73,
            "eps_4q": 0.38,
            "eps_4q_growth_year": -59.88,
            "roe": 0.76,
            "roe_4q": 2.0700000000000003,
            "gross_profit": 57967,
            "gross_margin": 10.33,
            "gross_margin_4q_avg": 9.64,
            "net_income": 28561,
            "revenue": 561037,
            "common_shares": 2039649,
            "book_valuer_per_share": 18.02,
            "book_valuer_per_share_4q_avg": 17.96,
            "equity": 3731829,
            "current_ratio": 121.39,
            "debt_ratio": 59.55,
            "inventory_turnover_ratio": 1.65,
            "account_receivable_turnover_ratio": 1.28,
            "reinvestment_rate": 9201.75,
            "research_to_sale_ratio": 0.15,
            "price_fair": 25.34,
            "eps_avg_yearly": 0.72,
            "eps_latest_yearly": 0.2,
            "eps_growth_yearly": 927.25
        },
        "20113": {
            "year_quarter": 20113,
            "year": 2011,
            "quarter": 3,
            "eps": -0.36,
            "eps_growth_year": -255.67,
            "eps_4q": -0.21,
            "eps_4q_growth_year": -122.57,
            "roe": -2.01,
            "roe_4q": -1.2599999999999998,
            "gross_profit": 14788,
            "gross_margin": 2.79,
            "gross_margin_4q_avg": 6.85,
            "net_income": -74368,
            "revenue": 530757,
            "common_shares": 2039649,
            "book_valuer_per_share": 17.8,
            "book_valuer_per_share_4q_avg": 18.04,
            "equity": 3685690,
            "current_ratio": 92.92,
            "debt_ratio": 59.73,
            "inventory_turnover_ratio": 1.81,
            "account_receivable_turnover_ratio": 1.2,
            "reinvestment_rate": null,
            "research_to_sale_ratio": 0.08,
            "price_fair": 22.4,
            "eps_avg_yearly": 0.64,
            "eps_latest_yearly": 0.2,
            "eps_growth_yearly": 1036.48
        },
        "20114": {
            "year_quarter": 20114,
            "year": 2011,
            "quarter": 4,
            "eps": -0.36,
            "eps_growth_year": -794.46,
            "eps_4q": -0.62,
            "eps_4q_growth_year": -179.79,
            "roe": -2.2,
            "roe_4q": -3.74,
            "gross_profit": 2994,
            "gross_margin": 0.74,
            "gross_margin_4q_avg": 5.26,
            "net_income": -80220,
            "revenue": 405841,
            "common_shares": 2039649,
            "book_valuer_per_share": 17.46,
            "book_valuer_per_share_4q_avg": 17.86,
            "equity": 3609189,
            "current_ratio": 120.32,
            "debt_ratio": 59.3,
            "inventory_turnover_ratio": 1.69,
            "account_receivable_turnover_ratio": 1.02,
            "reinvestment_rate": null,
            "research_to_sale_ratio": 0.04,
            "price_fair": 24.85,
            "eps_avg_yearly": 0.71,
            "eps_latest_yearly": 0.2,
            "eps_growth_yearly": 1213.34
        },
        "20121": {
            "year_quarter": 20121,
            "year": 2012,
            "quarter": 1,
            "eps": -0.05,
            "eps_growth_year": null,
            "eps_4q": -0.63,
            "eps_4q_growth_year": -202.62,
            "roe": -0.32,
            "roe_4q": -3.7699999999999996,
            "gross_profit": 27147,
            "gross_margin": 6.76,
            "gross_margin_4q_avg": 5.16,
            "net_income": -11429,
            "revenue": 401565,
            "common_shares": 2039649,
            "book_valuer_per_share": 17.38,
            "book_valuer_per_share_4q_avg": 17.67,
            "equity": 3590551,
            "current_ratio": 117.59,
            "debt_ratio": 59.18,
            "inventory_turnover_ratio": 1.76,
            "account_receivable_turnover_ratio": 1.15,
            "reinvestment_rate": null,
            "research_to_sale_ratio": 0.09,
            "price_fair": 28.2,
            "eps_avg_yearly": 0.81,
            "eps_latest_yearly": 0.2,
            "eps_growth_yearly": 1415.25
        },
        "20122": {
            "year_quarter": 20122,
            "year": 2012,
            "quarter": 2,
            "eps": 0.02,
            "eps_growth_year": -86.76,
            "eps_4q": -0.75,
            "eps_4q_growth_year": -298.02,
            "roe": 0.09,
            "roe_4q": -4.4399999999999995,
            "gross_profit": 40084,
            "gross_margin": 9.27,
            "gross_margin_4q_avg": 4.89,
            "net_income": 3135,
            "revenue": 432186,
            "common_shares": 2039649,
            "book_valuer_per_share": 17.37,
            "book_valuer_per_share_4q_avg": 17.5,
            "equity": 3589006,
            "current_ratio": 145.52,
            "debt_ratio": 59.48,
            "inventory_turnover_ratio": 1.71,
            "account_receivable_turnover_ratio": 1.19,
            "reinvestment_rate": null,
            "research_to_sale_ratio": 0.05,
            "price_fair": 28.7,
            "eps_avg_yearly": 0.82,
            "eps_latest_yearly": 0.2,
            "eps_growth_yearly": 517.79
        },
        "20123": {
            "year_quarter": 20123,
            "year": 2012,
            "quarter": 3,
            "eps": -0.14,
            "eps_growth_year": null,
            "eps_4q": -0.53,
            "eps_4q_growth_year": null,
            "roe": -0.82,
            "roe_4q": -3.25,
            "gross_profit": 7191,
            "gross_margin": 1.76,
            "gross_margin_4q_avg": 4.63,
            "net_income": -29301,
            "revenue": 409738,
            "common_shares": 2039649,
            "book_valuer_per_share": 17.16,
            "book_valuer_per_share_4q_avg": 17.34,
            "equity": 3543726,
            "current_ratio": 122.2,
            "debt_ratio": 59.43,
            "inventory_turnover_ratio": 1.67,
            "account_receivable_turnover_ratio": 1.11,
            "reinvestment_rate": null,
            "research_to_sale_ratio": 0.05,
            "price_fair": 28.7,
            "eps_avg_yearly": 0.82,
            "eps_latest_yearly": 0.2,
            "eps_growth_yearly": 517.79
        },
        "20124": {
            "year_quarter": 20124,
            "year": 2012,
            "quarter": 4,
            "eps": 0.22,
            "eps_growth_year": null,
            "eps_4q": 0.06,
            "eps_4q_growth_year": null,
            "roe": 1.32,
            "roe_4q": 0.2700000000000001,
            "gross_profit": 23694,
            "gross_margin": 6.36,
            "gross_margin_4q_avg": 6.04,
            "net_income": 47025,
            "revenue": 372375,
            "common_shares": 2039649,
            "book_valuer_per_share": 17.42,
            "book_valuer_per_share_4q_avg": 17.33,
            "equity": 3598087,
            "current_ratio": 143.88,
            "debt_ratio": 58.61,
            "inventory_turnover_ratio": 1.63,
            "account_receivable_turnover_ratio": 1.14,
            "reinvestment_rate": -879.75,
            "research_to_sale_ratio": 0.08,
            "price_fair": 28.7,
            "eps_avg_yearly": 0.82,
            "eps_latest_yearly": 0.2,
            "eps_growth_yearly": 517.79
        },
        "20131": {
            "year_quarter": 20131,
            "year": 2013,
            "quarter": 1,
            "eps": -0.18,
            "eps_growth_year": null,
            "eps_4q": -0.07,
            "eps_4q_growth_year": null,
            "roe": -0.88,
            "roe_4q": -0.2899999999999999,
            "gross_profit": 3226,
            "gross_margin": 0.99,
            "gross_margin_4q_avg": 4.6,
            "net_income": -37950,
            "revenue": 326321,
            "common_shares": 2039649,
            "book_valuer_per_share": 24.36,
            "book_valuer_per_share_4q_avg": 19.08,
            "equity": 5011248,
            "current_ratio": 132.78,
            "debt_ratio": 50.41,
            "inventory_turnover_ratio": 1.61,
            "account_receivable_turnover_ratio": 1.17,
            "reinvestment_rate": -670.75,
            "research_to_sale_ratio": 0.07,
            "price_fair": 28.7,
            "eps_avg_yearly": 0.82,
            "eps_latest_yearly": 0.2,
            "eps_growth_yearly": 517.79
        },
        "20132": {
            "year_quarter": 20132,
            "year": 2013,
            "quarter": 2,
            "eps": -0.08,
            "eps_growth_year": -521.32,
            "eps_4q": -0.18,
            "eps_4q_growth_year": null,
            "roe": -0.37,
            "roe_4q": -0.7499999999999999,
            "gross_profit": 18568,
            "gross_margin": 5.17,
            "gross_margin_4q_avg": 3.57,
            "net_income": -18364,
            "revenue": 358837,
            "common_shares": 2039649,
            "book_valuer_per_share": 24.4,
            "book_valuer_per_share_4q_avg": 20.84,
            "equity": 5019452,
            "current_ratio": 70.84,
            "debt_ratio": 50,
            "inventory_turnover_ratio": 1.64,
            "account_receivable_turnover_ratio": 1.33,
            "reinvestment_rate": -870.22,
            "research_to_sale_ratio": 0.06,
            "price_fair": 28.7,
            "eps_avg_yearly": 0.82,
            "eps_latest_yearly": 0.2,
            "eps_growth_yearly": 517.79
        },
        "20133": {
            "year_quarter": 20133,
            "year": 2013,
            "quarter": 3,
            "eps": -0.4,
            "eps_growth_year": null,
            "eps_4q": -0.44,
            "eps_4q_growth_year": null,
            "roe": -1.69,
            "roe_4q": -1.6199999999999999,
            "gross_profit": -3265,
            "gross_margin": -0.99,
            "gross_margin_4q_avg": 2.88,
            "net_income": -84034,
            "revenue": 331226,
            "common_shares": 2039649,
            "book_valuer_per_share": 23.95,
            "book_valuer_per_share_4q_avg": 22.53,
            "equity": 4923793,
            "current_ratio": 76.74,
            "debt_ratio": 50.03,
            "inventory_turnover_ratio": 1.71,
            "account_receivable_turnover_ratio": 1.25,
            "reinvestment_rate": null,
            "research_to_sale_ratio": 0.07,
            "price_fair": 13.98,
            "eps_avg_yearly": 0.78,
            "eps_latest_yearly": 0.2,
            "eps_growth_yearly": 8.01
        },
        "20134": {
            "year_quarter": 20134,
            "year": 2013,
            "quarter": 4,
            "eps": -2.18,
            "eps_growth_year": -1085.97,
            "eps_4q": -2.84,
            "eps_4q_growth_year": -5244.14,
            "roe": -9.64,
            "roe_4q": -12.58,
            "gross_profit": 7420,
            "gross_margin": 2.21,
            "gross_margin_4q_avg": 1.85,
            "net_income": -454114,
            "revenue": 336278,
            "common_shares": 2039649,
            "book_valuer_per_share": 21.89,
            "book_valuer_per_share_4q_avg": 23.65,
            "equity": 4495092,
            "current_ratio": 72.02,
            "debt_ratio": 52.17,
            "inventory_turnover_ratio": 2.15,
            "account_receivable_turnover_ratio": 1.4,
            "reinvestment_rate": null,
            "research_to_sale_ratio": 0.07,
            "price_fair": 27.3,
            "eps_avg_yearly": 0.78,
            "eps_latest_yearly": 0.2,
            "eps_growth_yearly": 36.94
        },
        "20141": {
            "year_quarter": 20141,
            "year": 2014,
            "quarter": 1,
            "eps": 0.48,
            "eps_growth_year": null,
            "eps_4q": -2.18,
            "eps_4q_growth_year": null,
            "roe": 2.14,
            "roe_4q": -9.559999999999999,
            "gross_profit": 59472,
            "gross_margin": 18.68,
            "gross_margin_4q_avg": 6.27,
            "net_income": 97146,
            "revenue": 318423,
            "common_shares": 2039649,
            "book_valuer_per_share": 22.42,
            "book_valuer_per_share_4q_avg": 23.17,
            "equity": 4600670,
            "current_ratio": 78.62,
            "debt_ratio": 51.38,
            "inventory_turnover_ratio": 2.22,
            "account_receivable_turnover_ratio": 1.38,
            "reinvestment_rate": null,
            "research_to_sale_ratio": 0.19,
            "price_fair": 30.33,
            "eps_avg_yearly": 0.87,
            "eps_latest_yearly": 0.2,
            "eps_growth_yearly": 91.36
        },
        "20142": {
            "year_quarter": 20142,
            "year": 2014,
            "quarter": 2,
            "eps": 0.46,
            "eps_growth_year": null,
            "eps_4q": -1.64,
            "eps_4q_growth_year": null,
            "roe": 2.07,
            "roe_4q": -7.120000000000001,
            "gross_profit": 61118,
            "gross_margin": 20.82,
            "gross_margin_4q_avg": 10.18,
            "net_income": 95874,
            "revenue": 293565,
            "common_shares": 2039649,
            "book_valuer_per_share": 22.88,
            "book_valuer_per_share_4q_avg": 22.79,
            "equity": 4672472,
            "current_ratio": 212.55,
            "debt_ratio": 50.58,
            "inventory_turnover_ratio": 2.43,
            "account_receivable_turnover_ratio": 1.2,
            "reinvestment_rate": null,
            "research_to_sale_ratio": 0.22,
            "price_fair": 2.96,
            "eps_avg_yearly": 0.99,
            "eps_latest_yearly": 1.84,
            "eps_growth_yearly": -160.35
        },
        "20143": {
            "year_quarter": 20143,
            "year": 2014,
            "quarter": 3,
            "eps": 0.07,
            "eps_growth_year": null,
            "eps_4q": -1.17,
            "eps_4q_growth_year": null,
            "roe": 0.3,
            "roe_4q": -5.130000000000001,
            "gross_profit": 58613,
            "gross_margin": 22.25,
            "gross_margin_4q_avg": 15.99,
            "net_income": 14223,
            "revenue": 263471,
            "common_shares": 2028899,
            "book_valuer_per_share": 22.95,
            "book_valuer_per_share_4q_avg": 22.54,
            "equity": 4685515,
            "current_ratio": 187.43,
            "debt_ratio": 50.25,
            "inventory_turnover_ratio": 2.52,
            "account_receivable_turnover_ratio": 1.16,
            "reinvestment_rate": null,
            "research_to_sale_ratio": 0.25,
            "price_fair": 2.32,
            "eps_avg_yearly": 0.77,
            "eps_latest_yearly": 0.28,
            "eps_growth_yearly": -222.95
        },
        "20144": {
            "year_quarter": 20144,
            "year": 2014,
            "quarter": 4,
            "eps": 0.04,
            "eps_growth_year": null,
            "eps_4q": 1.06,
            "eps_4q_growth_year": null,
            "roe": 0.19,
            "roe_4q": 4.699999999999999,
            "gross_profit": 51310,
            "gross_margin": 23.73,
            "gross_margin_4q_avg": 21.37,
            "net_income": 8948,
            "revenue": 216211,
            "common_shares": 2026899,
            "book_valuer_per_share": 23.13,
            "book_valuer_per_share_4q_avg": 22.85,
            "equity": 4724366,
            "current_ratio": 224.83,
            "debt_ratio": 49.31,
            "inventory_turnover_ratio": 1.98,
            "account_receivable_turnover_ratio": 1.28,
            "reinvestment_rate": null,
            "research_to_sale_ratio": 0.27,
            "price_fair": 2.28,
            "eps_avg_yearly": 0.76,
            "eps_latest_yearly": 0.16,
            "eps_growth_yearly": -175.74
        },
        "20151": {
            "year_quarter": 20151,
            "year": 2015,
            "quarter": 1,
            "eps": 0.17,
            "eps_growth_year": -64.58,
            "eps_4q": 0.76,
            "eps_4q_growth_year": null,
            "roe": 0.73,
            "roe_4q": 3.29,
            "gross_profit": 81180,
            "gross_margin": 32.18,
            "gross_margin_4q_avg": 24.75,
            "net_income": 34610,
            "revenue": 252243,
            "common_shares": 2026899,
            "book_valuer_per_share": 23.36,
            "book_valuer_per_share_4q_avg": 23.08,
            "equity": 4715634,
            "current_ratio": 201.55,
            "debt_ratio": 49.75,
            "inventory_turnover_ratio": 2,
            "account_receivable_turnover_ratio": 1.83,
            "reinvestment_rate": null,
            "research_to_sale_ratio": 0.2,
            "price_fair": 25.9,
            "eps_avg_yearly": 0.74,
            "eps_latest_yearly": 0.68,
            "eps_growth_yearly": 193.19
        },
        "20152": {
            "year_quarter": 20152,
            "year": 2015,
            "quarter": 2,
            "eps": 0.08,
            "eps_growth_year": -82.61,
            "eps_4q": 0.37,
            "eps_4q_growth_year": null,
            "roe": 0.35,
            "roe_4q": 1.57,
            "gross_profit": 29862,
            "gross_margin": 16.64,
            "gross_margin_4q_avg": 23.7,
            "net_income": 16561,
            "revenue": 179495,
            "common_shares": 2026899,
            "book_valuer_per_share": 23.47,
            "book_valuer_per_share_4q_avg": 23.23,
            "equity": 4714817,
            "current_ratio": 186.38,
            "debt_ratio": 49.91,
            "inventory_turnover_ratio": 1.86,
            "account_receivable_turnover_ratio": 1.51,
            "reinvestment_rate": null,
            "research_to_sale_ratio": 0.28,
            "price_fair": 22.96,
            "eps_avg_yearly": 0.66,
            "eps_latest_yearly": 0.32,
            "eps_growth_yearly": 112.2
        },
        "20153": {
            "year_quarter": 20153,
            "year": 2015,
            "quarter": 3,
            "eps": 0.11,
            "eps_growth_year": 57.14,
            "eps_4q": 0.41,
            "eps_4q_growth_year": null,
            "roe": 0.46,
            "roe_4q": 1.73,
            "gross_profit": 45350,
            "gross_margin": 24.22,
            "gross_margin_4q_avg": 24.19,
            "net_income": 21923,
            "revenue": 187257,
            "common_shares": 2026899,
            "book_valuer_per_share": 23.7,
            "book_valuer_per_share_4q_avg": 23.42,
            "equity": 4727577,
            "current_ratio": 245.73,
            "debt_ratio": 49.53,
            "inventory_turnover_ratio": 1.95,
            "account_receivable_turnover_ratio": 2.02,
            "reinvestment_rate": null,
            "research_to_sale_ratio": 0.1,
            "price_fair": 21.7,
            "eps_avg_yearly": 0.62,
            "eps_latest_yearly": 0.44,
            "eps_growth_yearly": 118.5
        },
        "20154": {
            "year_quarter": 20154,
            "year": 2015,
            "quarter": 4,
            "eps": -0.11,
            "eps_growth_year": -352.6,
            "eps_4q": 0.26,
            "eps_4q_growth_year": -75.54,
            "roe": -0.44,
            "roe_4q": 1.1,
            "gross_profit": 42836,
            "gross_margin": 25.23,
            "gross_margin_4q_avg": 24.57,
            "net_income": -20551,
            "revenue": 169749,
            "common_shares": 2001899,
            "book_valuer_per_share": 23.58,
            "book_valuer_per_share_4q_avg": 23.53,
            "equity": 4697147,
            "current_ratio": 333.16,
            "debt_ratio": 49.48,
            "inventory_turnover_ratio": 2.07,
            "account_receivable_turnover_ratio": 2.17,
            "reinvestment_rate": null,
            "research_to_sale_ratio": 0,
            "price_fair": 21.7,
            "eps_avg_yearly": 0.62,
            "eps_latest_yearly": 0.44,
            "eps_growth_yearly": 118.5
        },
        "20161": {
            "year_quarter": 20161,
            "year": 2016,
            "quarter": 1,
            "eps": 0.31,
            "eps_growth_year": 82.35,
            "eps_4q": 0.4,
            "eps_4q_growth_year": -47.6,
            "roe": 1.32,
            "roe_4q": 1.69,
            "gross_profit": 126640,
            "gross_margin": 76.11,
            "gross_margin_4q_avg": 35.55,
            "net_income": 61674,
            "revenue": 166401,
            "common_shares": 2001899,
            "book_valuer_per_share": 23.62,
            "book_valuer_per_share_4q_avg": 23.59,
            "equity": 4680639,
            "current_ratio": 265.3,
            "debt_ratio": 49.01,
            "inventory_turnover_ratio": 0.69,
            "account_receivable_turnover_ratio": 3.14,
            "reinvestment_rate": null,
            "research_to_sale_ratio": 0,
            "price_fair": 21.7,
            "eps_avg_yearly": 0.62,
            "eps_latest_yearly": 0.44,
            "eps_growth_yearly": 118.5
        },
        "20162": {
            "year_quarter": 20162,
            "year": 2016,
            "quarter": 2,
            "eps": 1.37,
            "eps_growth_year": 1612.5,
            "eps_4q": 1.7,
            "eps_4q_growth_year": 359.8,
            "roe": 5.6,
            "roe_4q": 6.9399999999999995,
            "gross_profit": 77905,
            "gross_margin": 55.09,
            "gross_margin_4q_avg": 45.16,
            "net_income": 269918,
            "revenue": 141418,
            "common_shares": 1981899,
            "book_valuer_per_share": 25.2,
            "book_valuer_per_share_4q_avg": 24.03,
            "equity": 4965456,
            "current_ratio": 302.95,
            "debt_ratio": 46.91,
            "inventory_turnover_ratio": 1.22,
            "account_receivable_turnover_ratio": 3.86,
            "reinvestment_rate": -11412.55,
            "research_to_sale_ratio": 0,
            "price_fair": 46,
            "eps_avg_yearly": 1.31,
            "eps_latest_yearly": 5.48,
            "eps_growth_yearly": 296.96
        },
        "20163": {
            "year_quarter": 20163,
            "year": 2016,
            "quarter": 3,
            "eps": 0.31,
            "eps_growth_year": 181.82,
            "eps_4q": 1.89,
            "eps_4q_growth_year": 361.83,
            "roe": 1.21,
            "roe_4q": 7.689999999999999,
            "gross_profit": 83127,
            "gross_margin": 64.6,
            "gross_margin_4q_avg": 55.26,
            "net_income": 60272,
            "revenue": 128676,
            "common_shares": 1981899,
            "book_valuer_per_share": 25.45,
            "book_valuer_per_share_4q_avg": 24.46,
            "equity": 5012596,
            "current_ratio": 57.72,
            "debt_ratio": 46.12,
            "inventory_turnover_ratio": 1.05,
            "account_receivable_turnover_ratio": 4.48,
            "reinvestment_rate": -3258.1,
            "research_to_sale_ratio": 0,
            "price_fair": 45.68,
            "eps_avg_yearly": 1.31,
            "eps_latest_yearly": 1.24,
            "eps_growth_yearly": 221.16
        },
        "20164": {
            "year_quarter": 20164,
            "year": 2016,
            "quarter": 4,
            "eps": 0.2,
            "eps_growth_year": null,
            "eps_4q": 2.2,
            "eps_4q_growth_year": 747.75,
            "roe": 0.77,
            "roe_4q": 8.9,
            "gross_profit": 83624,
            "gross_margin": 58.93,
            "gross_margin_4q_avg": 63.68,
            "net_income": 38641,
            "revenue": 141899,
            "common_shares": 1981899,
            "book_valuer_per_share": 25.71,
            "book_valuer_per_share_4q_avg": 25,
            "equity": 5055461,
            "current_ratio": 51.61,
            "debt_ratio": 46.12,
            "inventory_turnover_ratio": 1.43,
            "account_receivable_turnover_ratio": 5.29,
            "reinvestment_rate": -755.43,
            "research_to_sale_ratio": 0,
            "price_fair": 43.71,
            "eps_avg_yearly": 1.25,
            "eps_latest_yearly": 0.8,
            "eps_growth_yearly": 180.81
        },
        "20171": {
            "year_quarter": 20171,
            "year": 2017,
            "quarter": 1,
            "eps": 0.69,
            "eps_growth_year": 122.58,
            "eps_4q": 2.58,
            "eps_4q_growth_year": 550.56,
            "roe": 2.62,
            "roe_4q": 10.2,
            "gross_profit": 128893,
            "gross_margin": 74.31,
            "gross_margin_4q_avg": 63.23,
            "net_income": 134220,
            "revenue": 173458,
            "common_shares": 1969899,
            "book_valuer_per_share": 26.43,
            "book_valuer_per_share_4q_avg": 25.7,
            "equity": 5172239,
            "current_ratio": 56.41,
            "debt_ratio": 44.75,
            "inventory_turnover_ratio": 1.14,
            "account_receivable_turnover_ratio": 6.36,
            "reinvestment_rate": -317.02,
            "research_to_sale_ratio": 0,
            "price_fair": 49,
            "eps_avg_yearly": 1.4,
            "eps_latest_yearly": 2.76,
            "eps_growth_yearly": 260.73
        },
        "20172": {
            "year_quarter": 20172,
            "year": 2017,
            "quarter": 2,
            "eps": 0.25,
            "eps_growth_year": -81.75,
            "eps_4q": 1.45,
            "eps_4q_growth_year": -14.71,
            "roe": 0.93,
            "roe_4q": 5.53,
            "gross_profit": 83613,
            "gross_margin": 66.44,
            "gross_margin_4q_avg": 66.07,
            "net_income": 48206,
            "revenue": 125850,
            "common_shares": 1969899,
            "book_valuer_per_share": 26.27,
            "book_valuer_per_share_4q_avg": 25.97,
            "equity": 5140045,
            "current_ratio": 55.12,
            "debt_ratio": 45.24,
            "inventory_turnover_ratio": 1.1,
            "account_receivable_turnover_ratio": 5.59,
            "reinvestment_rate": -219.82,
            "research_to_sale_ratio": null,
            "price_fair": 47.73,
            "eps_avg_yearly": 1.36,
            "eps_latest_yearly": 1,
            "eps_growth_yearly": 213.84
        },
        "20173": {
            "year_quarter": 20173,
            "year": 2017,
            "quarter": 3,
            "eps": 0.37,
            "eps_growth_year": 19.35,
            "eps_4q": 1.51,
            "eps_4q_growth_year": -20.02,
            "roe": 1.4,
            "roe_4q": 5.720000000000001,
            "gross_profit": 83072,
            "gross_margin": 68.72,
            "gross_margin_4q_avg": 67.1,
            "net_income": 72110,
            "revenue": 120893,
            "common_shares": 1969899,
            "book_valuer_per_share": 26.66,
            "book_valuer_per_share_4q_avg": 26.27,
            "equity": 5192849,
            "current_ratio": 201.58,
            "debt_ratio": 45.1,
            "inventory_turnover_ratio": 0.94,
            "account_receivable_turnover_ratio": 6.09,
            "reinvestment_rate": -141.88,
            "research_to_sale_ratio": null,
            "price_fair": 48.07,
            "eps_avg_yearly": 1.37,
            "eps_latest_yearly": 1.48,
            "eps_growth_yearly": 212.02
        },
        "20174": {
            "year_quarter": 20174,
            "year": 2017,
            "quarter": 4,
            "eps": 0.29,
            "eps_growth_year": 46.18,
            "eps_4q": 1.6,
            "eps_4q_growth_year": -27.18,
            "roe": 1.05,
            "roe_4q": 6,
            "gross_profit": 87942,
            "gross_margin": 68.64,
            "gross_margin_4q_avg": 69.53,
            "net_income": 55610,
            "revenue": 128128,
            "common_shares": 1936869,
            "book_valuer_per_share": 27.72,
            "book_valuer_per_share_4q_avg": 26.77,
            "equity": 5395822,
            "current_ratio": 199.89,
            "debt_ratio": 43.81,
            "inventory_turnover_ratio": 0.97,
            "account_receivable_turnover_ratio": 6.49,
            "reinvestment_rate": -20.16,
            "research_to_sale_ratio": null,
            "price_fair": 47.49,
            "eps_avg_yearly": 1.36,
            "eps_latest_yearly": 1.16,
            "eps_growth_yearly": 189.06
        },
        "20181": {
            "year_quarter": 20181,
            "year": 2018,
            "quarter": 1,
            "eps": 0.44,
            "eps_growth_year": -36.23,
            "eps_4q": 1.35,
            "eps_4q_growth_year": -47.76,
            "roe": 1.57,
            "roe_4q": 4.949999999999999,
            "gross_profit": 140984,
            "gross_margin": 79.79,
            "gross_margin_4q_avg": 70.9,
            "net_income": 85092,
            "revenue": 176684,
            "common_shares": 1936869,
            "book_valuer_per_share": 28.05,
            "book_valuer_per_share_4q_avg": 27.18,
            "equity": 5458339,
            "current_ratio": 221.98,
            "debt_ratio": 43.14,
            "inventory_turnover_ratio": 0.81,
            "account_receivable_turnover_ratio": 9.43,
            "reinvestment_rate": -56.33,
            "research_to_sale_ratio": null,
            "price_fair": 48.5,
            "eps_avg_yearly": 1.39,
            "eps_latest_yearly": 1.76,
            "eps_growth_yearly": 190.33
        },
        "20182": {
            "year_quarter": 20182,
            "year": 2018,
            "quarter": 2,
            "eps": 0.32,
            "eps_growth_year": 28,
            "eps_4q": 1.35,
            "eps_4q_growth_year": -6.59,
            "roe": 1.12,
            "roe_4q": 5.140000000000001,
            "gross_profit": 87919,
            "gross_margin": 66.82,
            "gross_margin_4q_avg": 70.99,
            "net_income": 61267,
            "revenue": 131577,
            "common_shares": 1936869,
            "book_valuer_per_share": 27.92,
            "book_valuer_per_share_4q_avg": 27.59,
            "equity": 5434504,
            "current_ratio": 200.21,
            "debt_ratio": 43.63,
            "inventory_turnover_ratio": 0.99,
            "account_receivable_turnover_ratio": 5.32,
            "reinvestment_rate": -51.18,
            "research_to_sale_ratio": null,
            "price_fair": 47.1,
            "eps_avg_yearly": 1.35,
            "eps_latest_yearly": 1.28,
            "eps_growth_yearly": 183.73
        },
        "20183": {
            "year_quarter": 20183,
            "year": 2018,
            "quarter": 3,
            "eps": 0.33,
            "eps_growth_year": -10.81,
            "eps_4q": 1.33,
            "eps_4q_growth_year": -12.4,
            "roe": 1.22,
            "roe_4q": 4.96,
            "gross_profit": 88777,
            "gross_margin": 70.21,
            "gross_margin_4q_avg": 71.37,
            "net_income": 66977,
            "revenue": 126446,
            "common_shares": 2033713,
            "book_valuer_per_share": 27,
            "book_valuer_per_share_4q_avg": 27.67,
            "equity": 5516381,
            "current_ratio": 796.69,
            "debt_ratio": 45.4,
            "inventory_turnover_ratio": 0.9,
            "account_receivable_turnover_ratio": 4.85,
            "reinvestment_rate": -45.84,
            "research_to_sale_ratio": null,
            "price_fair": 49.7,
            "eps_avg_yearly": 1.42,
            "eps_latest_yearly": 1.32,
            "eps_growth_yearly": 208.85
        },
        "20184": {
            "year_quarter": 20184,
            "year": 2018,
            "quarter": 4,
            "eps": 0.18,
            "eps_growth_year": -39.19,
            "eps_4q": 1.23,
            "eps_4q_growth_year": -23.57,
            "roe": 0.64,
            "roe_4q": 4.55,
            "gross_profit": 91476,
            "gross_margin": 61.66,
            "gross_margin_4q_avg": 69.62,
            "net_income": 36274,
            "revenue": 148363,
            "common_shares": 2033713,
            "book_valuer_per_share": 28.36,
            "book_valuer_per_share_4q_avg": 27.83,
            "equity": 5794526,
            "current_ratio": 799.21,
            "debt_ratio": 43.99,
            "inventory_turnover_ratio": 1.22,
            "account_receivable_turnover_ratio": 6.65,
            "reinvestment_rate": -13.93,
            "research_to_sale_ratio": null,
            "price_fair": 51.1,
            "eps_avg_yearly": 1.46,
            "eps_latest_yearly": 0.72,
            "eps_growth_yearly": 208.11
        },
        "20191": {
            "year_quarter": 20191,
            "year": 2019,
            "quarter": 1,
            "eps": 0.64,
            "eps_growth_year": 45.45,
            "eps_4q": 1.45,
            "eps_4q_growth_year": 7.54,
            "roe": 2.21,
            "roe_4q": 5.19,
            "gross_profit": 149367,
            "gross_margin": 76.69,
            "gross_margin_4q_avg": 68.85,
            "net_income": 130796,
            "revenue": 194765,
            "common_shares": 2033713,
            "book_valuer_per_share": 29.67,
            "book_valuer_per_share_4q_avg": 28.24,
            "equity": 6059589,
            "current_ratio": 703.66,
            "debt_ratio": 42.98,
            "inventory_turnover_ratio": 0.86,
            "account_receivable_turnover_ratio": 7.57,
            "reinvestment_rate": -10.43,
            "research_to_sale_ratio": null,
            "price_fair": 55.8,
            "eps_avg_yearly": 1.59,
            "eps_latest_yearly": 2.56,
            "eps_growth_yearly": 188.26
        },
        "20192": {
            "year_quarter": 20192,
            "year": 2019,
            "quarter": 2,
            "eps": 3.04,
            "eps_growth_year": 850,
            "eps_4q": 4.19,
            "eps_4q_growth_year": 210.34,
            "roe": 10.17,
            "roe_4q": 14.24,
            "gross_profit": 86994,
            "gross_margin": 68,
            "gross_margin_4q_avg": 69.14,
            "net_income": 636146,
            "revenue": 127924,
            "common_shares": 2033713,
            "book_valuer_per_share": 31.56,
            "book_valuer_per_share_4q_avg": 29.15,
            "equity": 6455972,
            "current_ratio": 561.48,
            "debt_ratio": 41.96,
            "inventory_turnover_ratio": 0.75,
            "account_receivable_turnover_ratio": 6.64,
            "reinvestment_rate": -9.57,
            "research_to_sale_ratio": null,
            "price_fair": 85.4,
            "eps_avg_yearly": 2.44,
            "eps_latest_yearly": 12.16,
            "eps_growth_yearly": 310.53
        },
        "20193": {
            "year_quarter": 20193,
            "year": 2019,
            "quarter": 3,
            "eps": 0.36,
            "eps_growth_year": 9.09,
            "eps_4q": 4.22,
            "eps_4q_growth_year": 218.39,
            "roe": 1.13,
            "roe_4q": 14.150000000000002,
            "gross_profit": 86712,
            "gross_margin": 67.78,
            "gross_margin_4q_avg": 68.53,
            "net_income": 73248,
            "revenue": 127926,
            "common_shares": 2033713,
            "book_valuer_per_share": 31.61,
            "book_valuer_per_share_4q_avg": 30.3,
            "equity": 6465081,
            "current_ratio": 579.84,
            "debt_ratio": 41.31,
            "inventory_turnover_ratio": 0.79,
            "account_receivable_turnover_ratio": 10.19,
            "reinvestment_rate": 0.47,
            "research_to_sale_ratio": null,
            "price_fair": 87.9,
            "eps_avg_yearly": 2.51,
            "eps_latest_yearly": 1.44,
            "eps_growth_yearly": 274.63
        },
        "20194": {
            "year_quarter": 20194,
            "year": 2019,
            "quarter": 4,
            "eps": 0.29,
            "eps_growth_year": 63.97,
            "eps_4q": 4.33,
            "eps_4q_growth_year": 253.56,
            "roe": 0.89,
            "roe_4q": 14.399999999999999,
            "gross_profit": 63031,
            "gross_margin": 48.23,
            "gross_margin_4q_avg": 65.18,
            "net_income": 57948,
            "revenue": 130677,
            "common_shares": 2033713,
            "book_valuer_per_share": 31.87,
            "book_valuer_per_share_4q_avg": 31.18,
            "equity": 6516780,
            "current_ratio": 536.67,
            "debt_ratio": 40.95,
            "inventory_turnover_ratio": 1.91,
            "account_receivable_turnover_ratio": 11.27,
            "reinvestment_rate": 8,
            "research_to_sale_ratio": null,
            "price_fair": 84.75,
            "eps_avg_yearly": 2.42,
            "eps_latest_yearly": 1.16,
            "eps_growth_yearly": 251.14
        },
        "20201": {
            "year_quarter": 20201,
            "year": 2020,
            "quarter": 1,
            "eps": 0.17,
            "eps_growth_year": -73.44,
            "eps_4q": 3.86,
            "eps_4q_growth_year": 165.96,
            "roe": 0.53,
            "roe_4q": 12.719999999999999,
            "gross_profit": 142795,
            "gross_margin": 81,
            "gross_margin_4q_avg": 66.25,
            "net_income": 34124,
            "revenue": 176296,
            "common_shares": 2033713,
            "book_valuer_per_share": 31.05,
            "book_valuer_per_share_4q_avg": 31.52,
            "equity": 6347812,
            "current_ratio": 739.36,
            "debt_ratio": 43.65,
            "inventory_turnover_ratio": 1.64,
            "account_receivable_turnover_ratio": 20.19,
            "reinvestment_rate": 12,
            "research_to_sale_ratio": null,
            "price_fair": 80.94,
            "eps_avg_yearly": 2.31,
            "eps_latest_yearly": 0.68,
            "eps_growth_yearly": 225.1
        },
        "20202": {
            "year_quarter": 20202,
            "year": 2020,
            "quarter": 2,
            "eps": 0.5,
            "eps_growth_year": -83.55,
            "eps_4q": 1.32,
            "eps_4q_growth_year": -68.4,
            "roe": 1.62,
            "roe_4q": 4.17,
            "gross_profit": 87152,
            "gross_margin": 70.5,
            "gross_margin_4q_avg": 66.88,
            "net_income": 102592,
            "revenue": 123623,
            "common_shares": 2033713,
            "book_valuer_per_share": 30.87,
            "book_valuer_per_share_4q_avg": 31.35,
            "equity": 6288639,
            "current_ratio": 299.59,
            "debt_ratio": 44.28,
            "inventory_turnover_ratio": 2.01,
            "account_receivable_turnover_ratio": 13.89,
            "reinvestment_rate": 15.21,
            "research_to_sale_ratio": null,
            "price_fair": 73.33,
            "eps_avg_yearly": 2.1,
            "eps_latest_yearly": 2,
            "eps_growth_yearly": 188.14
        },
        "20203": {
            "year_quarter": 20203,
            "year": 2020,
            "quarter": 3,
            "eps": 0.49,
            "eps_growth_year": 36.11,
            "eps_4q": 1.45,
            "eps_4q_growth_year": -65.58,
            "roe": 1.58,
            "roe_4q": 4.62,
            "gross_profit": 87972,
            "gross_margin": 69.7,
            "gross_margin_4q_avg": 67.36,
            "net_income": 99375,
            "revenue": 126221,
            "common_shares": 2033713,
            "book_valuer_per_share": 30.76,
            "book_valuer_per_share_4q_avg": 31.14,
            "equity": 6265947,
            "current_ratio": 323.27,
            "debt_ratio": 44.08,
            "inventory_turnover_ratio": 2.38,
            "account_receivable_turnover_ratio": 12.26,
            "reinvestment_rate": 15.46,
            "research_to_sale_ratio": null,
            "price_fair": 74.9,
            "eps_avg_yearly": 2.14,
            "eps_latest_yearly": 1.96,
            "eps_growth_yearly": 206.98
        },
        "20204": {
            "year_quarter": 20204,
            "year": 2020,
            "quarter": 4,
            "eps": 0.6,
            "eps_growth_year": 106.14,
            "eps_4q": 1.76,
            "eps_4q_growth_year": -59.39,
            "roe": 1.91,
            "roe_4q": 5.640000000000001,
            "gross_profit": 131036,
            "gross_margin": 73.1,
            "gross_margin_4q_avg": 73.58,
            "net_income": 120886,
            "revenue": 179244,
            "common_shares": 2033713,
            "book_valuer_per_share": 31.46,
            "book_valuer_per_share_4q_avg": 31.04,
            "equity": 6397640,
            "current_ratio": 371.73,
            "debt_ratio": 43.07,
            "inventory_turnover_ratio": 4.16,
            "account_receivable_turnover_ratio": 19.18,
            "reinvestment_rate": 13.07,
            "research_to_sale_ratio": null,
            "price_fair": 78.4,
            "eps_avg_yearly": 2.24,
            "eps_latest_yearly": 2.4,
            "eps_growth_yearly": 221.47
        },
        "20211": {
            "year_quarter": 20211,
            "year": 2021,
            "quarter": 1,
            "eps": 0.67,
            "eps_growth_year": 294.12,
            "eps_4q": 2.26,
            "eps_4q_growth_year": -41.52,
            "roe": 2.12,
            "roe_4q": 7.23,
            "gross_profit": 137519,
            "gross_margin": 76.98,
            "gross_margin_4q_avg": 72.57,
            "net_income": 135644,
            "revenue": 178650,
            "common_shares": 2033713,
            "book_valuer_per_share": 31.5,
            "book_valuer_per_share_4q_avg": 31.15,
            "equity": 6405403,
            "current_ratio": 352.09,
            "debt_ratio": 43.05,
            "inventory_turnover_ratio": 4.26,
            "account_receivable_turnover_ratio": 25.06,
            "reinvestment_rate": 12.87,
            "research_to_sale_ratio": null,
            "price_fair": 78.23,
            "eps_avg_yearly": 2.24,
            "eps_latest_yearly": 2.68,
            "eps_growth_yearly": 163.13
        },
        "20212": {
            "year_quarter": 20212,
            "year": 2021,
            "quarter": 2,
            "eps": 0.49,
            "eps_growth_year": -2,
            "eps_4q": 2.24,
            "eps_4q_growth_year": 69.43,
            "roe": 1.54,
            "roe_4q": 7.15,
            "gross_profit": 97124,
            "gross_margin": 69.16,
            "gross_margin_4q_avg": 72.24,
            "net_income": 99737,
            "revenue": 140441,
            "common_shares": 2033713,
            "book_valuer_per_share": 32.16,
            "book_valuer_per_share_4q_avg": 31.47,
            "equity": 6542134,
            "current_ratio": 342.49,
            "debt_ratio": 42.19,
            "inventory_turnover_ratio": 3.53,
            "account_receivable_turnover_ratio": 14.02,
            "reinvestment_rate": 12.71,
            "research_to_sale_ratio": null,
            "price_fair": 80.33,
            "eps_avg_yearly": 2.3,
            "eps_latest_yearly": 1.96,
            "eps_growth_yearly": 172.36
        },
        "20213": {
            "year_quarter": 20213,
            "year": 2021,
            "quarter": 3,
            "eps": 0.5,
            "eps_growth_year": 2.04,
            "eps_4q": 2.26,
            "eps_4q_growth_year": 55.23,
            "roe": 1.54,
            "roe_4q": 7.11,
            "gross_profit": 134722,
            "gross_margin": 74.29,
            "gross_margin_4q_avg": 73.38,
            "net_income": 101757,
            "revenue": 181354,
            "common_shares": 2033713,
            "book_valuer_per_share": 32.59,
            "book_valuer_per_share_4q_avg": 31.93,
            "equity": 6629876,
            "current_ratio": 327.77,
            "debt_ratio": 41.83,
            "inventory_turnover_ratio": 0.85,
            "account_receivable_turnover_ratio": 12.46,
            "reinvestment_rate": 15.87,
            "research_to_sale_ratio": null,
            "price_fair": 81.46,
            "eps_avg_yearly": 2.33,
            "eps_latest_yearly": 2,
            "eps_growth_yearly": 160.87
        },
        "20214": {
            "year_quarter": 20214,
            "year": 2021,
            "quarter": 4,
            "eps": 0.6,
            "eps_growth_year": -0.26,
            "eps_4q": 2.25,
            "eps_4q_growth_year": 28.05,
            "roe": 1.81,
            "roe_4q": 7.010000000000001,
            "gross_profit": 106347,
            "gross_margin": 53.82,
            "gross_margin_4q_avg": 68.56,
            "net_income": 121140,
            "revenue": 197596,
            "common_shares": 2033713,
            "book_valuer_per_share": 33.39,
            "book_valuer_per_share_4q_avg": 32.41,
            "equity": 6792389,
            "current_ratio": 299.44,
            "debt_ratio": 43.15,
            "inventory_turnover_ratio": 0.62,
            "account_receivable_turnover_ratio": 13.09,
            "reinvestment_rate": 11.28,
            "research_to_sale_ratio": null,
            "price_fair": 84.18,
            "eps_avg_yearly": 2.41,
            "eps_latest_yearly": 2.4,
            "eps_growth_yearly": 171.28
        },
        "20221": {
            "year_quarter": 20221,
            "year": 2022,
            "quarter": 1,
            "eps": 0.41,
            "eps_growth_year": -38.81,
            "eps_4q": 2,
            "eps_4q_growth_year": -11.53,
            "roe": 1.23,
            "roe_4q": 6.12,
            "gross_profit": 119289,
            "gross_margin": 65.9,
            "gross_margin_4q_avg": 65.79,
            "net_income": 83671,
            "revenue": 181015,
            "common_shares": 2033713,
            "book_valuer_per_share": 33.27,
            "book_valuer_per_share_4q_avg": 32.85,
            "equity": 6767970,
            "current_ratio": 227.36,
            "debt_ratio": 43.86,
            "inventory_turnover_ratio": 0.31,
            "account_receivable_turnover_ratio": 13.71,
            "reinvestment_rate": 33.56,
            "research_to_sale_ratio": null,
            "price_fair": 83.91,
            "eps_avg_yearly": 2.4,
            "eps_latest_yearly": 1.64,
            "eps_growth_yearly": 150.43
        },
        "20222": {
            "year_quarter": 20222,
            "year": 2022,
            "quarter": 2,
            "eps": 0.46,
            "eps_growth_year": -6.12,
            "eps_4q": 1.97,
            "eps_4q_growth_year": -12.37,
            "roe": 1.36,
            "roe_4q": 5.94,
            "gross_profit": 101578,
            "gross_margin": 59.02,
            "gross_margin_4q_avg": 63.26,
            "net_income": 93024,
            "revenue": 172103,
            "common_shares": 2033713,
            "book_valuer_per_share": 34.06,
            "book_valuer_per_share_4q_avg": 33.33,
            "equity": 6928591,
            "current_ratio": 179.65,
            "debt_ratio": 45.35,
            "inventory_turnover_ratio": 0.39,
            "account_receivable_turnover_ratio": 14.02,
            "reinvestment_rate": 34.99,
            "research_to_sale_ratio": null,
            "price_fair": 85.14,
            "eps_avg_yearly": 2.43,
            "eps_latest_yearly": 1.84,
            "eps_growth_yearly": 160.3
        },
        "20223": {
            "year_quarter": 20223,
            "year": 2022,
            "quarter": 3,
            "eps": 0.57,
            "eps_growth_year": 14,
            "eps_4q": 2.03,
            "eps_4q_growth_year": -9.79,
            "roe": 1.65,
            "roe_4q": 6.050000000000001,
            "gross_profit": 156353,
            "gross_margin": 61.89,
            "gross_margin_4q_avg": 60.16,
            "net_income": 114941,
            "revenue": 252642,
            "common_shares": 2033713,
            "book_valuer_per_share": 34.5,
            "book_valuer_per_share_4q_avg": 33.81,
            "equity": 7016338,
            "current_ratio": 201.23,
            "debt_ratio": 44.19,
            "inventory_turnover_ratio": 0.67,
            "account_receivable_turnover_ratio": 15.1,
            "reinvestment_rate": 35.6,
            "research_to_sale_ratio": null,
            "price_fair": 87.24,
            "eps_avg_yearly": 2.49,
            "eps_latest_yearly": 2.28,
            "eps_growth_yearly": 165.49
        },
        "20224": {
            "year_quarter": 20224,
            "year": 2022,
            "quarter": 4,
            "eps": 0.56,
            "eps_growth_year": -5.17,
            "eps_4q": 2,
            "eps_4q_growth_year": -11.09,
            "roe": 1.63,
            "roe_4q": 5.869999999999999,
            "gross_profit": 108936,
            "gross_margin": 55.55,
            "gross_margin_4q_avg": 60.59,
            "net_income": 115131,
            "revenue": 196108,
            "common_shares": 2033713,
            "book_valuer_per_share": 34.95,
            "book_valuer_per_share_4q_avg": 34.2,
            "equity": 7107748,
            "current_ratio": 215.09,
            "debt_ratio": 43.5,
            "inventory_turnover_ratio": 0.87,
            "account_receivable_turnover_ratio": 10.41,
            "reinvestment_rate": 34.5,
            "research_to_sale_ratio": null,
            "price_fair": 90.56,
            "eps_avg_yearly": 2.59,
            "eps_latest_yearly": 2.24,
            "eps_growth_yearly": 176.42
        },
        "20231": {
            "year_quarter": 20231,
            "year": 2023,
            "quarter": 1,
            "eps": 0.62,
            "eps_growth_year": 51.22,
            "eps_4q": 2.21,
            "eps_4q_growth_year": 10.54,
            "roe": 1.76,
            "roe_4q": 6.3999999999999995,
            "gross_profit": 107176,
            "gross_margin": 61.99,
            "gross_margin_4q_avg": 59.61,
            "net_income": 125289,
            "revenue": 172886,
            "common_shares": 2033713,
            "book_valuer_per_share": 35.2,
            "book_valuer_per_share_4q_avg": 34.68,
            "equity": 7159449,
            "current_ratio": 185.65,
            "debt_ratio": 43.89,
            "inventory_turnover_ratio": 0.85,
            "account_receivable_turnover_ratio": 8.87,
            "reinvestment_rate": 38.89,
            "research_to_sale_ratio": null,
            "price_fair": 90.39,
            "eps_avg_yearly": 2.58,
            "eps_latest_yearly": 2.48,
            "eps_growth_yearly": 115.21
        }
    },
    "months": {
        "2001-06": {
            "month": "2001-06",
            "price": "6.47",
            "revenue": 48662
        },
        "2001-07": {
            "month": "2001-07",
            "price": "5.61",
            "revenue": 62729
        },
        "2001-08": {
            "month": "2001-08",
            "price": "5.99",
            "revenue": 71032
        },
        "2001-09": {
            "month": "2001-09",
            "price": "5.91",
            "revenue": 75594
        },
        "2001-10": {
            "month": "2001-10",
            "price": "5.40",
            "revenue": 68604
        },
        "2001-11": {
            "month": "2001-11",
            "price": "5.18",
            "revenue": 65172
        },
        "2001-12": {
            "month": "2001-12",
            "price": "5.96",
            "revenue": 73650
        },
        "2002-01": {
            "month": "2002-01",
            "price": "6.65",
            "revenue": 58774
        },
        "2002-02": {
            "month": "2002-02",
            "price": "6.47",
            "revenue": 57860
        },
        "2002-03": {
            "month": "2002-03",
            "price": "6.96",
            "revenue": 77289
        },
        "2002-04": {
            "month": "2002-04",
            "price": "9.94",
            "revenue": 60531
        },
        "2002-05": {
            "month": "2002-05",
            "price": "8.60",
            "revenue": 77605
        },
        "2002-06": {
            "month": "2002-06",
            "price": "8.97",
            "revenue": 71790
        },
        "2002-07": {
            "month": "2002-07",
            "price": "8.63",
            "revenue": 73690
        },
        "2002-08": {
            "month": "2002-08",
            "price": "7.92",
            "revenue": 100874
        },
        "2002-09": {
            "month": "2002-09",
            "price": "6.70",
            "revenue": 92107
        },
        "2002-10": {
            "month": "2002-10",
            "price": "5.77",
            "revenue": 80070
        },
        "2002-11": {
            "month": "2002-11",
            "price": "6.72",
            "revenue": 114810
        },
        "2002-12": {
            "month": "2002-12",
            "price": "7.07",
            "revenue": 102559
        },
        "2003-01": {
            "month": "2003-01",
            "price": "8.26",
            "revenue": 90350
        },
        "2003-02": {
            "month": "2003-02",
            "price": "8.41",
            "revenue": 82310
        },
        "2003-03": {
            "month": "2003-03",
            "price": "8.49",
            "revenue": 92324
        },
        "2003-04": {
            "month": "2003-04",
            "price": "8.53",
            "revenue": 109323
        },
        "2003-05": {
            "month": "2003-05",
            "price": "8.55",
            "revenue": 116726
        },
        "2003-06": {
            "month": "2003-06",
            "price": "10.57",
            "revenue": 98841
        },
        "2003-07": {
            "month": "2003-07",
            "price": "13.72",
            "revenue": 101907
        },
        "2003-08": {
            "month": "2003-08",
            "price": "12.31",
            "revenue": 107726
        },
        "2003-09": {
            "month": "2003-09",
            "price": "12.81",
            "revenue": 122456
        },
        "2003-10": {
            "month": "2003-10",
            "price": "13.77",
            "revenue": 136029
        },
        "2003-11": {
            "month": "2003-11",
            "price": "14.41",
            "revenue": 144942
        },
        "2003-12": {
            "month": "2003-12",
            "price": "14.75",
            "revenue": 144820
        },
        "2004-01": {
            "month": "2004-01",
            "price": "15.95",
            "revenue": 111186
        },
        "2004-02": {
            "month": "2004-02",
            "price": "18.14",
            "revenue": 139773
        },
        "2004-03": {
            "month": "2004-03",
            "price": "17.60",
            "revenue": 133425
        },
        "2004-04": {
            "month": "2004-04",
            "price": "16.03",
            "revenue": 149299
        },
        "2004-05": {
            "month": "2004-05",
            "price": "14.38",
            "revenue": 126614
        },
        "2004-06": {
            "month": "2004-06",
            "price": "13.76",
            "revenue": 110256
        },
        "2004-07": {
            "month": "2004-07",
            "price": "13.26",
            "revenue": 123407
        },
        "2004-08": {
            "month": "2004-08",
            "price": "12.45",
            "revenue": 117103
        },
        "2004-09": {
            "month": "2004-09",
            "price": "12.21",
            "revenue": 97257
        },
        "2004-10": {
            "month": "2004-10",
            "price": "11.68",
            "revenue": 111581
        },
        "2004-11": {
            "month": "2004-11",
            "price": "11.35",
            "revenue": 118345
        },
        "2004-12": {
            "month": "2004-12",
            "price": "11.03",
            "revenue": 117917
        },
        "2005-01": {
            "month": "2005-01",
            "price": "11.70",
            "revenue": 96935
        },
        "2005-02": {
            "month": "2005-02",
            "price": "10.95",
            "revenue": 78889
        },
        "2005-03": {
            "month": "2005-03",
            "price": "11.59",
            "revenue": 135534
        },
        "2005-04": {
            "month": "2005-04",
            "price": "10.74",
            "revenue": 125465
        },
        "2005-05": {
            "month": "2005-05",
            "price": "9.88",
            "revenue": 129900
        },
        "2005-06": {
            "month": "2005-06",
            "price": "11.10",
            "revenue": 105658
        },
        "2005-07": {
            "month": "2005-07",
            "price": "11.61",
            "revenue": 105052
        },
        "2005-08": {
            "month": "2005-08",
            "price": "10.98",
            "revenue": 107268
        },
        "2005-09": {
            "month": "2005-09",
            "price": "9.85",
            "revenue": 128063
        },
        "2005-10": {
            "month": "2005-10",
            "price": "9.28",
            "revenue": 128993
        },
        "2005-11": {
            "month": "2005-11",
            "price": "8.91",
            "revenue": 170510
        },
        "2005-12": {
            "month": "2005-12",
            "price": "10.73",
            "revenue": 148550
        },
        "2006-01": {
            "month": "2006-01",
            "price": "11.76",
            "revenue": 148704
        },
        "2006-02": {
            "month": "2006-02",
            "price": "11.64",
            "revenue": 142571
        },
        "2006-03": {
            "month": "2006-03",
            "price": "11.30",
            "revenue": 172672
        },
        "2006-04": {
            "month": "2006-04",
            "price": "13.61",
            "revenue": 179823
        },
        "2006-05": {
            "month": "2006-05",
            "price": "20.79",
            "revenue": 210617
        },
        "2006-06": {
            "month": "2006-06",
            "price": "17.09",
            "revenue": 219873
        },
        "2006-07": {
            "month": "2006-07",
            "price": "17.30",
            "revenue": 223181
        },
        "2006-08": {
            "month": "2006-08",
            "price": "16.60",
            "revenue": 255303
        },
        "2006-09": {
            "month": "2006-09",
            "price": "15.87",
            "revenue": 269673
        },
        "2006-10": {
            "month": "2006-10",
            "price": "17.88",
            "revenue": 260130
        },
        "2006-11": {
            "month": "2006-11",
            "price": "21.62",
            "revenue": 235777
        },
        "2006-12": {
            "month": "2006-12",
            "price": "27.27",
            "revenue": 168295
        },
        "2007-01": {
            "month": "2007-01",
            "price": "24.75",
            "revenue": 213838
        },
        "2007-02": {
            "month": "2007-02",
            "price": "23.91",
            "revenue": 181470
        },
        "2007-03": {
            "month": "2007-03",
            "price": "24.94",
            "revenue": 240628
        },
        "2007-04": {
            "month": "2007-04",
            "price": "25.56",
            "revenue": 219724
        },
        "2007-05": {
            "month": "2007-05",
            "price": "23.42",
            "revenue": 237722
        },
        "2007-06": {
            "month": "2007-06",
            "price": "25.58",
            "revenue": 219811
        },
        "2007-07": {
            "month": "2007-07",
            "price": "35.45",
            "revenue": 241657
        },
        "2007-08": {
            "month": "2007-08",
            "price": "27.97",
            "revenue": 272323
        },
        "2007-09": {
            "month": "2007-09",
            "price": "26.37",
            "revenue": 274107
        },
        "2007-10": {
            "month": "2007-10",
            "price": "26.64",
            "revenue": 262835
        },
        "2007-11": {
            "month": "2007-11",
            "price": "20.43",
            "revenue": 243517
        },
        "2007-12": {
            "month": "2007-12",
            "price": "17.29",
            "revenue": 236824
        },
        "2008-01": {
            "month": "2008-01",
            "price": "19.80",
            "revenue": 276315
        },
        "2008-02": {
            "month": "2008-02",
            "price": "23.56",
            "revenue": 199934
        },
        "2008-03": {
            "month": "2008-03",
            "price": "25.85",
            "revenue": 268023
        },
        "2008-04": {
            "month": "2008-04",
            "price": "28.29",
            "revenue": 248246
        },
        "2008-05": {
            "month": "2008-05",
            "price": "26.06",
            "revenue": 244967
        },
        "2008-06": {
            "month": "2008-06",
            "price": "20.56",
            "revenue": 244957
        },
        "2008-07": {
            "month": "2008-07",
            "price": "18.06",
            "revenue": 255670
        },
        "2008-08": {
            "month": "2008-08",
            "price": "17.34",
            "revenue": 234643
        },
        "2008-09": {
            "month": "2008-09",
            "price": "11.64",
            "revenue": 206767
        },
        "2008-10": {
            "month": "2008-10",
            "price": "8.35",
            "revenue": 212526
        },
        "2008-11": {
            "month": "2008-11",
            "price": "8.00",
            "revenue": 135648
        },
        "2008-12": {
            "month": "2008-12",
            "price": "8.05",
            "revenue": 109901
        },
        "2009-01": {
            "month": "2009-01",
            "price": "7.51",
            "revenue": 97371
        },
        "2009-02": {
            "month": "2009-02",
            "price": "7.06",
            "revenue": 152319
        },
        "2009-03": {
            "month": "2009-03",
            "price": "8.40",
            "revenue": 210974
        },
        "2009-04": {
            "month": "2009-04",
            "price": "11.49",
            "revenue": 198375
        },
        "2009-05": {
            "month": "2009-05",
            "price": "13.88",
            "revenue": 188050
        },
        "2009-06": {
            "month": "2009-06",
            "price": "15.03",
            "revenue": 221050
        },
        "2009-07": {
            "month": "2009-07",
            "price": "18.93",
            "revenue": 225703
        },
        "2009-08": {
            "month": "2009-08",
            "price": "20.44",
            "revenue": 199675
        },
        "2009-09": {
            "month": "2009-09",
            "price": "21.00",
            "revenue": 234442
        },
        "2009-10": {
            "month": "2009-10",
            "price": "23.14",
            "revenue": 203612
        },
        "2009-11": {
            "month": "2009-11",
            "price": "21.59",
            "revenue": 224673
        },
        "2009-12": {
            "month": "2009-12",
            "price": "21.58",
            "revenue": 206947
        },
        "2010-01": {
            "month": "2010-01",
            "price": "22.52",
            "revenue": 225071
        },
        "2010-02": {
            "month": "2010-02",
            "price": "18.96",
            "revenue": 179877
        },
        "2010-03": {
            "month": "2010-03",
            "price": "20.80",
            "revenue": 227957
        },
        "2010-04": {
            "month": "2010-04",
            "price": "21.09",
            "revenue": 233373
        },
        "2010-05": {
            "month": "2010-05",
            "price": "19.66",
            "revenue": 237584
        },
        "2010-06": {
            "month": "2010-06",
            "price": "20.16",
            "revenue": 235457
        },
        "2010-07": {
            "month": "2010-07",
            "price": "20.51",
            "revenue": 250835
        },
        "2010-08": {
            "month": "2010-08",
            "price": "21.26",
            "revenue": 249760
        },
        "2010-09": {
            "month": "2010-09",
            "price": "20.97",
            "revenue": 227991
        },
        "2010-10": {
            "month": "2010-10",
            "price": "21.84",
            "revenue": 201282
        },
        "2010-11": {
            "month": "2010-11",
            "price": "23.29",
            "revenue": 203949
        },
        "2010-12": {
            "month": "2010-12",
            "price": "25.63",
            "revenue": 190954
        },
        "2011-01": {
            "month": "2011-01",
            "price": "25.29",
            "revenue": 177335
        },
        "2011-02": {
            "month": "2011-02",
            "price": "22.39",
            "revenue": 149408
        },
        "2011-03": {
            "month": "2011-03",
            "price": "20.37",
            "revenue": 192050
        },
        "2011-04": {
            "month": "2011-04",
            "price": "20.48",
            "revenue": 185569
        },
        "2011-05": {
            "month": "2011-05",
            "price": "19.84",
            "revenue": 190695
        },
        "2011-06": {
            "month": "2011-06",
            "price": "18.76",
            "revenue": 177787
        },
        "2011-07": {
            "month": "2011-07",
            "price": "19.57",
            "revenue": 182574
        },
        "2011-08": {
            "month": "2011-08",
            "price": "18.20",
            "revenue": 188086
        },
        "2011-09": {
            "month": "2011-09",
            "price": "16.20",
            "revenue": 168943
        },
        "2011-10": {
            "month": "2011-10",
            "price": "14.90",
            "revenue": 133073
        },
        "2011-11": {
            "month": "2011-11",
            "price": "14.31",
            "revenue": 137395
        },
        "2011-12": {
            "month": "2011-12",
            "price": "13.11",
            "revenue": 132013
        },
        "2012-01": {
            "month": "2012-01",
            "price": "14.01",
            "revenue": 104398
        },
        "2012-02": {
            "month": "2012-02",
            "price": "15.68",
            "revenue": 136986
        },
        "2012-03": {
            "month": "2012-03",
            "price": "15.76",
            "revenue": 160734
        },
        "2012-04": {
            "month": "2012-04",
            "price": "13.43",
            "revenue": 142716
        },
        "2012-05": {
            "month": "2012-05",
            "price": "12.92",
            "revenue": 152649
        },
        "2012-06": {
            "month": "2012-06",
            "price": "11.96",
            "revenue": 143850
        },
        "2012-07": {
            "month": "2012-07",
            "price": "12.02",
            "revenue": 143033
        },
        "2012-08": {
            "month": "2012-08",
            "price": "13.71",
            "revenue": 141273
        },
        "2012-09": {
            "month": "2012-09",
            "price": "16.23",
            "revenue": 131397
        },
        "2012-10": {
            "month": "2012-10",
            "price": "15.70",
            "revenue": 123952
        },
        "2012-11": {
            "month": "2012-11",
            "price": "14.42",
            "revenue": 126850
        },
        "2012-12": {
            "month": "2012-12",
            "price": "15.15",
            "revenue": 119871
        },
        "2013-01": {
            "month": "2013-01",
            "price": "15.93",
            "revenue": 125599
        },
        "2013-02": {
            "month": "2013-02",
            "price": "15.44",
            "revenue": 87593
        },
        "2013-03": {
            "month": "2013-03",
            "price": "16.51",
            "revenue": 116630
        },
        "2013-04": {
            "month": "2013-04",
            "price": "15.82",
            "revenue": 129740
        },
        "2013-05": {
            "month": "2013-05",
            "price": "16.55",
            "revenue": 119477
        },
        "2013-06": {
            "month": "2013-06",
            "price": "16.39",
            "revenue": 107980
        },
        "2013-07": {
            "month": "2013-07",
            "price": "15.37",
            "revenue": 108157
        },
        "2013-08": {
            "month": "2013-08",
            "price": "14.87",
            "revenue": 114171
        },
        "2013-09": {
            "month": "2013-09",
            "price": "14.99",
            "revenue": 109566
        },
        "2013-10": {
            "month": "2013-10",
            "price": "16.08",
            "revenue": 124280
        },
        "2013-11": {
            "month": "2013-11",
            "price": "15.67",
            "revenue": 113126
        },
        "2013-12": {
            "month": "2013-12",
            "price": "19.35",
            "revenue": 94669
        },
        "2014-01": {
            "month": "2014-01",
            "price": "20.92",
            "revenue": 97611
        },
        "2014-02": {
            "month": "2014-02",
            "price": "22.03",
            "revenue": 107021
        },
        "2014-03": {
            "month": "2014-03",
            "price": "21.19",
            "revenue": 113490
        },
        "2014-04": {
            "month": "2014-04",
            "price": "20.66",
            "revenue": 100638
        },
        "2014-05": {
            "month": "2014-05",
            "price": "19.69",
            "revenue": 95880
        },
        "2014-06": {
            "month": "2014-06",
            "price": "19.66",
            "revenue": 96849
        },
        "2014-07": {
            "month": "2014-07",
            "price": "20.88",
            "revenue": 91618
        },
        "2014-08": {
            "month": "2014-08",
            "price": "21.10",
            "revenue": 83043
        },
        "2014-09": {
            "month": "2014-09",
            "price": "21.79",
            "revenue": 88925
        },
        "2014-10": {
            "month": "2014-10",
            "price": "21.96",
            "revenue": 72026
        },
        "2014-11": {
            "month": "2014-11",
            "price": "21.22",
            "revenue": 69383
        },
        "2014-12": {
            "month": "2014-12",
            "price": "20.96",
            "revenue": 74115
        },
        "2015-01": {
            "month": "2015-01",
            "price": "20.37",
            "revenue": 79705
        },
        "2015-02": {
            "month": "2015-02",
            "price": "19.03",
            "revenue": 94389
        },
        "2015-03": {
            "month": "2015-03",
            "price": "18.10",
            "revenue": 78003
        },
        "2015-04": {
            "month": "2015-04",
            "price": "17.26",
            "revenue": 72849
        },
        "2015-05": {
            "month": "2015-05",
            "price": "16.75",
            "revenue": 54409
        },
        "2015-06": {
            "month": "2015-06",
            "price": "14.03",
            "revenue": 52300
        },
        "2015-07": {
            "month": "2015-07",
            "price": "12.98",
            "revenue": 60741
        },
        "2015-08": {
            "month": "2015-08",
            "price": "11.65",
            "revenue": 64461
        },
        "2015-09": {
            "month": "2015-09",
            "price": "12.34",
            "revenue": 62003
        },
        "2015-10": {
            "month": "2015-10",
            "price": "12.25",
            "revenue": 54907
        },
        "2015-11": {
            "month": "2015-11",
            "price": "12.15",
            "revenue": 62357
        },
        "2015-12": {
            "month": "2015-12",
            "price": "12.09",
            "revenue": 50129
        },
        "2016-01": {
            "month": "2016-01",
            "price": "11.52",
            "revenue": 78790
        },
        "2016-02": {
            "month": "2016-02",
            "price": "11.79",
            "revenue": 42876
        },
        "2016-03": {
            "month": "2016-03",
            "price": "12.43",
            "revenue": 44819
        },
        "2016-04": {
            "month": "2016-04",
            "price": "12.39",
            "revenue": 41804
        },
        "2016-05": {
            "month": "2016-05",
            "price": "13.02",
            "revenue": 56915
        },
        "2016-06": {
            "month": "2016-06",
            "price": "14.39",
            "revenue": 42699
        },
        "2016-07": {
            "month": "2016-07",
            "price": "15.22",
            "revenue": 43214
        },
        "2016-08": {
            "month": "2016-08",
            "price": "15.43",
            "revenue": 41129
        },
        "2016-09": {
            "month": "2016-09",
            "price": "15.20",
            "revenue": 45292
        },
        "2016-10": {
            "month": "2016-10",
            "price": "15.32",
            "revenue": 41685
        },
        "2016-11": {
            "month": "2016-11",
            "price": "15.16",
            "revenue": 47832
        },
        "2016-12": {
            "month": "2016-12",
            "price": "16.13",
            "revenue": 48603
        },
        "2017-01": {
            "month": "2017-01",
            "price": "16.80",
            "revenue": 90559
        },
        "2017-02": {
            "month": "2017-02",
            "price": "19.35",
            "revenue": 40188
        },
        "2017-03": {
            "month": "2017-03",
            "price": "18.76",
            "revenue": 42674
        },
        "2017-04": {
            "month": "2017-04",
            "price": "17.69",
            "revenue": 40739
        },
        "2017-05": {
            "month": "2017-05",
            "price": "17.87",
            "revenue": 42698
        },
        "2017-06": {
            "month": "2017-06",
            "price": "18.03",
            "revenue": 42419
        },
        "2017-07": {
            "month": "2017-07",
            "price": "17.35",
            "revenue": 40276
        },
        "2017-08": {
            "month": "2017-08",
            "price": "17.55",
            "revenue": 40613
        },
        "2017-09": {
            "month": "2017-09",
            "price": "17.43",
            "revenue": 40018
        },
        "2017-10": {
            "month": "2017-10",
            "price": "17.16",
            "revenue": 41045
        },
        "2017-11": {
            "month": "2017-11",
            "price": "17.49",
            "revenue": 44548
        },
        "2017-12": {
            "month": "2017-12",
            "price": "17.44",
            "revenue": 39029
        },
        "2018-01": {
            "month": "2018-01",
            "price": "18.03",
            "revenue": 94695
        },
        "2018-02": {
            "month": "2018-02",
            "price": "17.42",
            "revenue": 37505
        },
        "2018-03": {
            "month": "2018-03",
            "price": "17.71",
            "revenue": 44481
        },
        "2018-04": {
            "month": "2018-04",
            "price": "18.49",
            "revenue": 45443
        },
        "2018-05": {
            "month": "2018-05",
            "price": "19.68",
            "revenue": 43288
        },
        "2018-06": {
            "month": "2018-06",
            "price": "20.02",
            "revenue": 42790
        },
        "2018-07": {
            "month": "2018-07",
            "price": "18.87",
            "revenue": 43023
        },
        "2018-08": {
            "month": "2018-08",
            "price": "18.30",
            "revenue": 40076
        },
        "2018-09": {
            "month": "2018-09",
            "price": "18.47",
            "revenue": 43484
        },
        "2018-10": {
            "month": "2018-10",
            "price": "18.09",
            "revenue": 47785
        },
        "2018-11": {
            "month": "2018-11",
            "price": "17.67",
            "revenue": 45261
        },
        "2018-12": {
            "month": "2018-12",
            "price": "17.96",
            "revenue": 54234
        },
        "2019-01": {
            "month": "2019-01",
            "price": "18.43",
            "revenue": 107333
        },
        "2019-02": {
            "month": "2019-02",
            "price": "19.03",
            "revenue": 41382
        },
        "2019-03": {
            "month": "2019-03",
            "price": "18.77",
            "revenue": 46061
        },
        "2019-04": {
            "month": "2019-04",
            "price": "18.56",
            "revenue": 42797
        },
        "2019-05": {
            "month": "2019-05",
            "price": "19.89",
            "revenue": 43836
        },
        "2019-06": {
            "month": "2019-06",
            "price": "21.02",
            "revenue": 41198
        },
        "2019-07": {
            "month": "2019-07",
            "price": "22.02",
            "revenue": 43964
        },
        "2019-08": {
            "month": "2019-08",
            "price": "22.99",
            "revenue": 41186
        },
        "2019-09": {
            "month": "2019-09",
            "price": "22.83",
            "revenue": 42740
        },
        "2019-10": {
            "month": "2019-10",
            "price": "24.43",
            "revenue": 41724
        },
        "2019-11": {
            "month": "2019-11",
            "price": "25.58",
            "revenue": 43711
        },
        "2019-12": {
            "month": "2019-12",
            "price": "25.18",
            "revenue": 42755
        },
        "2020-01": {
            "month": "2020-01",
            "price": "23.84",
            "revenue": 94623
        },
        "2020-02": {
            "month": "2020-02",
            "price": "22.69",
            "revenue": 39775
        },
        "2020-03": {
            "month": "2020-03",
            "price": "19.85",
            "revenue": 41894
        },
        "2020-04": {
            "month": "2020-04",
            "price": "20.20",
            "revenue": 39674
        },
        "2020-05": {
            "month": "2020-05",
            "price": "20.55",
            "revenue": 43993
        },
        "2020-06": {
            "month": "2020-06",
            "price": "21.79",
            "revenue": 39973
        },
        "2020-07": {
            "month": "2020-07",
            "price": "22.58",
            "revenue": 40790
        },
        "2020-08": {
            "month": "2020-08",
            "price": "22.61",
            "revenue": 42076
        },
        "2020-09": {
            "month": "2020-09",
            "price": "22.95",
            "revenue": 43413
        },
        "2020-10": {
            "month": "2020-10",
            "price": "23.77",
            "revenue": 45203
        },
        "2020-11": {
            "month": "2020-11",
            "price": "23.90",
            "revenue": 44647
        },
        "2020-12": {
            "month": "2020-12",
            "price": "24.12",
            "revenue": 48204
        },
        "2021-01": {
            "month": "2021-01",
            "price": "24.03",
            "revenue": 90279
        },
        "2021-02": {
            "month": "2021-02",
            "price": "23.20",
            "revenue": 41961
        },
        "2021-03": {
            "month": "2021-03",
            "price": "23.79",
            "revenue": 46409
        },
        "2021-04": {
            "month": "2021-04",
            "price": "25.17",
            "revenue": 44945
        },
        "2021-05": {
            "month": "2021-05",
            "price": "24.81",
            "revenue": 52195
        },
        "2021-06": {
            "month": "2021-06",
            "price": "25.16",
            "revenue": 49178
        },
        "2021-07": {
            "month": "2021-07",
            "price": "25.09",
            "revenue": 78640
        },
        "2021-08": {
            "month": "2021-08",
            "price": "24.74",
            "revenue": 48060
        },
        "2021-09": {
            "month": "2021-09",
            "price": "24.81",
            "revenue": 52406
        },
        "2021-10": {
            "month": "2021-10",
            "price": "24.86",
            "revenue": 71924
        },
        "2021-11": {
            "month": "2021-11",
            "price": "25.35",
            "revenue": 70252
        },
        "2021-12": {
            "month": "2021-12",
            "price": "25.57",
            "revenue": 56477
        },
        "2022-01": {
            "month": "2022-01",
            "price": "26.92",
            "revenue": 66588
        },
        "2022-02": {
            "month": "2022-02",
            "price": "27.21",
            "revenue": 59661
        },
        "2022-03": {
            "month": "2022-03",
            "price": "27.44",
            "revenue": 54764
        },
        "2022-04": {
            "month": "2022-04",
            "price": "27.80",
            "revenue": 55103
        },
        "2022-05": {
            "month": "2022-05",
            "price": "25.60",
            "revenue": 55074
        },
        "2022-06": {
            "month": "2022-06",
            "price": "25.13",
            "revenue": 61957
        },
        "2022-07": {
            "month": "2022-07",
            "price": "23.64",
            "revenue": 123460
        },
        "2022-08": {
            "month": "2022-08",
            "price": "24.90",
            "revenue": 67184
        },
        "2022-09": {
            "month": "2022-09",
            "price": "24.93",
            "revenue": 61981
        },
        "2022-10": {
            "month": "2022-10",
            "price": "24.29",
            "revenue": 57437
        },
        "2022-11": {
            "month": "2022-11",
            "price": "24.76",
            "revenue": 87251
        },
        "2022-12": {
            "month": "2022-12",
            "price": "25.83",
            "revenue": 51382
        },
        "2023-01": {
            "month": "2023-01",
            "price": "25.62",
            "revenue": 51610
        },
        "2023-02": {
            "month": "2023-02",
            "price": "28.23",
            "revenue": 60985
        },
        "2023-03": {
            "month": "2023-03",
            "price": "28.77",
            "revenue": 60297
        },
        "2023-04": {
            "month": "2023-04",
            "price": "28.81",
            "revenue": 54917
        },
        "2023-05": {
            "month": "2023-05",
            "price": "28.74",
            "revenue": 55198
        }
    }
}
