{
    "summary": {
        "stock_name": "三地開發",
        "stock_id": "1438",
        "category": "建材營造",
        "main_business": "委託營造廠商興建商業大樓、工業大樓及住宅出租出售業務。<br>紡織工業之產銷及其附屬事業暨投資金融與其他經濟事業。",
        "website_url": "http://www.sandirealestate.com.tw/",
        "ceo": "莊峻宇",
        "pe_ratio": 7,
        "report_year_from": 2001,
        "report_year_to": 2023,
        "age": 22,
        "eps_negative_percentage": 57,
        "eps_growth_avg": {
            "last_all": -18.63,
            "last_2y": 0,
            "last_4y": 0,
            "last_8y": -17.24,
            "last_12y": -18.63,
            "last_16y": -18.63,
            "last_20y": -18.63,
            "at_2006_last_3y": null,
            "at_2007_last_3y": null,
            "at_2008_last_3y": null,
            "at_2009_last_3y": null,
            "at_2010_last_3y": null,
            "at_2011_last_3y": -92.82,
            "at_2012_last_3y": -81.41,
            "at_2013_last_3y": -20.94,
            "at_2014_last_3y": -37.26,
            "at_2015_last_3y": 10.95,
            "at_2016_last_3y": 3.45,
            "at_2017_last_3y": -28.74,
            "at_2018_last_3y": 0,
            "at_2019_last_3y": -100,
            "at_2020_last_3y": null,
            "at_2021_last_3y": -100,
            "at_2022_last_3y": 0,
            "at_2023_last_3y": 0,
            "at_2006_last_all": null,
            "at_2007_last_all": null,
            "at_2008_last_all": null,
            "at_2009_last_all": null,
            "at_2010_last_all": null,
            "at_2011_last_all": -92.82,
            "at_2012_last_all": -81.41,
            "at_2013_last_all": -20.94,
            "at_2014_last_all": -37.26,
            "at_2015_last_all": -9.81,
            "at_2016_last_all": -24.84,
            "at_2017_last_all": -24.84,
            "at_2018_last_all": -24.84,
            "at_2019_last_all": -24.84,
            "at_2020_last_all": -24.84,
            "at_2021_last_all": -35.58,
            "at_2022_last_all": -18.63,
            "at_2023_last_all": -18.63
        },
        "latest_eps": 4.31,
        "latest_price": 30.7,
        "latest_roe": 25.01,
        "latest_gross_margin": 18.29,
        "latest_equity": 2034989,
        "latest_revenue": 272237,
        "latest_gross_profit": 49783,
        "latest_net_income": 21055,
        "latest_debt_ratio": 75.37,
        "latest_current_ratio": 209.93,
        "latest_account_receivable_turnover_ratio": 45.07,
        "latest_inventory_turnover_ratio": 0.07,
        "latest_reinvestment_rate": -6.98,
        "latest_research_to_sale_ratio": null
    },
    "eps_dividends": {
        "1998": {
            "cash": 0,
            "stock": 1,
            "eps": 0
        },
        "1999": {
            "cash": 0,
            "stock": 1,
            "eps": 0
        },
        "2001": {
            "cash": 0,
            "stock": 0,
            "eps": -1.95
        },
        "2002": {
            "cash": 0,
            "stock": 0,
            "eps": -0.52
        },
        "2003": {
            "cash": 0,
            "stock": 0,
            "eps": -2.96
        },
        "2004": {
            "cash": 0,
            "stock": 0,
            "eps": -1.31
        },
        "2005": {
            "cash": 0,
            "stock": 0,
            "eps": -0.63
        },
        "2006": {
            "cash": 0,
            "stock": 0,
            "eps": -0.58
        },
        "2007": {
            "cash": 0,
            "stock": 0,
            "eps": -0.69
        },
        "2008": {
            "cash": 0,
            "stock": 0,
            "eps": -0.6
        },
        "2009": {
            "cash": 0,
            "stock": 0,
            "eps": -0.4
        },
        "2010": {
            "cash": 0,
            "stock": 0,
            "eps": 5.57
        },
        "2011": {
            "cash": 0,
            "stock": 0,
            "eps": 0.4
        },
        "2012": {
            "cash": 0,
            "stock": 0,
            "eps": 0.12
        },
        "2013": {
            "cash": 0,
            "stock": 0,
            "eps": 0.29
        },
        "2014": {
            "cash": 0,
            "stock": 0,
            "eps": 0.04
        },
        "2015": {
            "cash": 0,
            "stock": 0,
            "eps": 0.1
        },
        "2016": {
            "cash": 0,
            "stock": 0,
            "eps": -0.06
        },
        "2017": {
            "cash": 0,
            "stock": 0,
            "eps": -0.06
        },
        "2018": {
            "cash": 0,
            "stock": 0,
            "eps": -0.12
        },
        "2019": {
            "cash": 0,
            "stock": 0,
            "eps": -0.1
        },
        "2020": {
            "cash": 0,
            "stock": 0,
            "eps": 201167.15
        },
        "2021": {
            "cash": 0,
            "stock": 0,
            "eps": 0.48
        },
        "2022": {
            "cash": 0,
            "stock": 0,
            "eps": 5.27
        },
        "2023": {
            "cash": 1,
            "stock": 0,
            "eps": 0.23
        }
    },
    "dividends": {
        "1998-05-27": {
            "cash": 0,
            "stock": 1
        },
        "1999-06-24": {
            "cash": 0,
            "stock": 1
        },
        "2023-03-10": {
            "cash": 1,
            "stock": 0
        }
    },
    "prices": {
        "200101": "3.87",
        "200102": "4.09",
        "200103": "3.64",
        "200104": "3.17",
        "200105": "2.81",
        "200106": "2.34",
        "200107": "1.77",
        "200108": "2.07",
        "200109": "2.25",
        "200110": "2.68",
        "200111": "1.83",
        "200112": "0.87",
        "200201": "0.90",
        "200202": "0.98",
        "200203": "1.16",
        "200204": "1.55",
        "200205": "1.90",
        "200206": "1.81",
        "200207": "1.60",
        "200208": "1.45",
        "200209": "1.49",
        "200210": "1.23",
        "200211": "0.94",
        "200212": "1.27",
        "200301": "1.06",
        "200302": "1.18",
        "200303": "1.34",
        "200304": "1.48",
        "200305": "1.49",
        "200306": "1.09",
        "200307": "1.06",
        "200308": "1.19",
        "200309": "1.02",
        "200310": "0.98",
        "200311": "1.00",
        "200312": "1.25",
        "200401": "1.29",
        "200402": "2.48",
        "200403": "3.14",
        "200404": "3.56",
        "200405": "2.72",
        "200406": "2.31",
        "200407": "1.78",
        "200408": "2.14",
        "200409": "2.04",
        "200410": "1.84",
        "200411": "1.10",
        "200412": "1.03",
        "200501": "1.14",
        "200502": "1.12",
        "200503": "1.15",
        "200504": "1.66",
        "200505": "2.09",
        "200506": "1.25",
        "200507": "1.62",
        "200508": "1.36",
        "200509": "1.20",
        "200510": "1.85",
        "200511": "1.41",
        "200512": "1.44",
        "200601": "0.89",
        "200602": "1.05",
        "200603": "1.14",
        "200604": "0.62",
        "200605": "0.56",
        "200606": "0.94",
        "200607": "1.55",
        "200608": "0.93",
        "200609": "0.93",
        "200610": "0.88",
        "200611": "0.88",
        "200612": "1.35",
        "200701": "2.35",
        "200702": "1.72",
        "200703": "1.96",
        "200704": "2.08",
        "200705": "1.60",
        "200706": "1.57",
        "200707": "1.98",
        "200708": "2.33",
        "200709": "2.09",
        "200710": "1.79",
        "200711": "1.58",
        "200712": "1.87",
        "200801": "1.76",
        "200802": "1.94",
        "200803": "1.77",
        "200804": "1.69",
        "200805": "1.83",
        "200806": "2.70",
        "200807": "2.21",
        "200808": "1.65",
        "200809": "1.37",
        "200810": "無",
        "200811": "1.05",
        "200812": "0.92",
        "200901": "無",
        "200902": "無",
        "200903": "0.78",
        "200904": "1.11",
        "200905": "1.09",
        "200906": "0.96",
        "200907": "0.93",
        "200908": "0.83",
        "200909": "1.10",
        "200910": "1.18",
        "200911": "1.60",
        "200912": "1.44",
        "201001": "1.98",
        "201002": "2.33",
        "201003": "2.01",
        "201004": "1.98",
        "201005": "2.02",
        "201006": "1.98",
        "201007": "1.68",
        "201008": "1.73",
        "201009": "2.12",
        "201010": "2.07",
        "201011": "3.10",
        "201012": "3.26",
        "201101": "3.04",
        "201102": "2.70",
        "201103": "2.54",
        "201104": "2.49",
        "201105": "3.77",
        "201106": "3.45",
        "201107": "3.01",
        "201108": "2.63",
        "201109": "2.27",
        "201110": "2.42",
        "201111": "2.19",
        "201112": "1.91",
        "201201": "1.79",
        "201202": "2.04",
        "201203": "2.35",
        "201204": "2.24",
        "201205": "2.10",
        "201206": "2.11",
        "201207": "2.13",
        "201208": "2.08",
        "201209": "2.32",
        "201210": "2.74",
        "201211": "2.90",
        "201212": "3.19",
        "201301": "3.35",
        "201302": "3.86",
        "201303": "4.01",
        "201304": "3.74",
        "201305": "3.85",
        "201306": "4.59",
        "201307": "5.00",
        "201308": "4.94",
        "201309": "5.72",
        "201310": "5.49",
        "201311": "5.45",
        "201312": "5.09",
        "201401": "5.05",
        "201402": "5.03",
        "201403": "6.21",
        "201404": "6.90",
        "201405": "6.49",
        "201406": "6.46",
        "201407": "7.06",
        "201408": "6.77",
        "201409": "6.69",
        "201410": "6.15",
        "201411": "5.45",
        "201412": "6.16",
        "201501": "6.46",
        "201502": "6.46",
        "201503": "6.40",
        "201504": "6.45",
        "201505": "6.15",
        "201506": "5.67",
        "201507": "5.03",
        "201508": "4.43",
        "201509": "4.68",
        "201510": "4.94",
        "201511": "4.80",
        "201512": "4.74",
        "201601": "4.57",
        "201602": "4.33",
        "201603": "4.38",
        "201604": "4.22",
        "201605": "4.07",
        "201606": "4.06",
        "201607": "4.09",
        "201608": "4.06",
        "201609": "4.19",
        "201610": "4.10",
        "201611": "3.90",
        "201612": "3.97",
        "201701": "4.38",
        "201702": "4.96",
        "201703": "4.93",
        "201704": "4.78",
        "201705": "4.93",
        "201706": "5.02",
        "201707": "5.01",
        "201708": "5.00",
        "201709": "5.03",
        "201710": "5.08",
        "201711": "5.08",
        "201712": "5.08",
        "201801": "5.13",
        "201802": "5.12",
        "201803": "6.88",
        "201804": "7.41",
        "201805": "6.91",
        "201806": "7.18",
        "201807": "7.77",
        "201808": "7.68",
        "201809": "7.61",
        "201810": "7.25",
        "201811": "7.34",
        "201812": "7.59",
        "201901": "7.55",
        "201902": "8.10",
        "201903": "10.70",
        "201904": "10.35",
        "201905": "9.84",
        "201906": "10.20",
        "201907": "12.29",
        "201908": "12.73",
        "201909": "12.99",
        "201910": "12.67",
        "201911": "13.01",
        "201912": "13.20",
        "202001": "13.10",
        "202002": "12.50",
        "202003": "11.01",
        "202004": "10.96",
        "202005": "11.97",
        "202006": "12.28",
        "202007": "12.87",
        "202008": "12.84",
        "202009": "13.83",
        "202010": "13.24",
        "202011": "12.49",
        "202012": "12.27",
        "202101": "11.91",
        "202102": "11.55",
        "202103": "14.92",
        "202104": "34.70",
        "202105": "29.74",
        "202106": "30.64",
        "202107": "30.20",
        "202108": "29.55",
        "202109": "30.96",
        "202110": "32.22",
        "202111": "33.51",
        "202112": "30.39",
        "202201": "29.95",
        "202202": "30.53",
        "202203": "30.45",
        "202204": "31.86",
        "202205": "32.37",
        "202206": "31.63",
        "202207": "32.17",
        "202208": "32.86",
        "202209": "32.25",
        "202210": "30.16",
        "202211": "29.08",
        "202212": "31.50",
        "202301": "31.78",
        "202302": "32.11",
        "202303": "33.69",
        "202304": "31.80",
        "202305": "30.95",
        "202306": "30.70"
    },
    "quarters": {
        "20011": {
            "year_quarter": 20011,
            "year": 2001,
            "quarter": 1,
            "eps": -0.25,
            "eps_growth_year": null,
            "eps_4q": -4.73,
            "eps_4q_growth_year": -1407.23,
            "roe": -4.26,
            "roe_4q": -4.26,
            "gross_profit": -25397,
            "gross_margin": -18.23,
            "gross_margin_4q_avg": -18.23,
            "net_income": -25263,
            "revenue": 139318,
            "common_shares": 1024115,
            "book_valuer_per_share": 5.72,
            "book_valuer_per_share_4q_avg": 5.72,
            "equity": 585886,
            "current_ratio": 61.34,
            "debt_ratio": 69.39,
            "inventory_turnover_ratio": 0.58,
            "account_receivable_turnover_ratio": null,
            "reinvestment_rate": null,
            "research_to_sale_ratio": null,
            "price_fair": 0,
            "eps_avg_yearly": 0,
            "eps_latest_yearly": 0,
            "eps_growth_yearly": 0
        },
        "20012": {
            "year_quarter": 20012,
            "year": 2001,
            "quarter": 2,
            "eps": -0.54,
            "eps_growth_year": null,
            "eps_4q": -3.35,
            "eps_4q_growth_year": null,
            "roe": -10.06,
            "roe_4q": -14.32,
            "gross_profit": -19879,
            "gross_margin": -15.8,
            "gross_margin_4q_avg": -17.02,
            "net_income": -55533,
            "revenue": 125793,
            "common_shares": 1024115,
            "book_valuer_per_share": 5.06,
            "book_valuer_per_share_4q_avg": 5.39,
            "equity": 518407,
            "current_ratio": 52.89,
            "debt_ratio": 70.5,
            "inventory_turnover_ratio": 0.53,
            "account_receivable_turnover_ratio": null,
            "reinvestment_rate": null,
            "research_to_sale_ratio": null,
            "price_fair": 0,
            "eps_avg_yearly": 0,
            "eps_latest_yearly": 0,
            "eps_growth_yearly": 0
        },
        "20013": {
            "year_quarter": 20013,
            "year": 2001,
            "quarter": 3,
            "eps": -0.34,
            "eps_growth_year": null,
            "eps_4q": -2.26,
            "eps_4q_growth_year": null,
            "roe": -7.03,
            "roe_4q": -21.35,
            "gross_profit": -13752,
            "gross_margin": -14.15,
            "gross_margin_4q_avg": -16.06,
            "net_income": -35040,
            "revenue": 97166,
            "common_shares": 1024115,
            "book_valuer_per_share": 4.67,
            "book_valuer_per_share_4q_avg": 5.15,
            "equity": 477810,
            "current_ratio": 51.45,
            "debt_ratio": 72.51,
            "inventory_turnover_ratio": 0.4,
            "account_receivable_turnover_ratio": null,
            "reinvestment_rate": null,
            "research_to_sale_ratio": null,
            "price_fair": 0,
            "eps_avg_yearly": 0,
            "eps_latest_yearly": 0,
            "eps_growth_yearly": 0
        },
        "20014": {
            "year_quarter": 20014,
            "year": 2001,
            "quarter": 4,
            "eps": -0.82,
            "eps_growth_year": null,
            "eps_4q": -1.95,
            "eps_4q_growth_year": null,
            "roe": -19.25,
            "roe_4q": -40.6,
            "gross_profit": -3478,
            "gross_margin": 9.09,
            "gross_margin_4q_avg": -9.77,
            "net_income": -83819,
            "revenue": -38269,
            "common_shares": 1024115,
            "book_valuer_per_share": 3.84,
            "book_valuer_per_share_4q_avg": 4.82,
            "equity": 393113,
            "current_ratio": 51,
            "debt_ratio": 76.71,
            "inventory_turnover_ratio": -0.12,
            "account_receivable_turnover_ratio": null,
            "reinvestment_rate": null,
            "research_to_sale_ratio": null,
            "price_fair": 0,
            "eps_avg_yearly": 0,
            "eps_latest_yearly": 0,
            "eps_growth_yearly": 0
        },
        "20021": {
            "year_quarter": 20021,
            "year": 2002,
            "quarter": 1,
            "eps": 0.11,
            "eps_growth_year": null,
            "eps_4q": -1.79,
            "eps_4q_growth_year": null,
            "roe": 2.55,
            "roe_4q": -33.79,
            "gross_profit": 28429,
            "gross_margin": 12.42,
            "gross_margin_4q_avg": -2.11,
            "net_income": 10074,
            "revenue": 228906,
            "common_shares": 1024115,
            "book_valuer_per_share": 3.89,
            "book_valuer_per_share_4q_avg": 4.37,
            "equity": 398352,
            "current_ratio": 50.36,
            "debt_ratio": 76.03,
            "inventory_turnover_ratio": 0.78,
            "account_receivable_turnover_ratio": null,
            "reinvestment_rate": null,
            "research_to_sale_ratio": null,
            "price_fair": 0,
            "eps_avg_yearly": 0,
            "eps_latest_yearly": 0,
            "eps_growth_yearly": 0
        },
        "20022": {
            "year_quarter": 20022,
            "year": 2002,
            "quarter": 2,
            "eps": -0.16,
            "eps_growth_year": null,
            "eps_4q": -1.2,
            "eps_4q_growth_year": null,
            "roe": -3.59,
            "roe_4q": -27.32,
            "gross_profit": 10680,
            "gross_margin": 7.08,
            "gross_margin_4q_avg": 3.61,
            "net_income": -14249,
            "revenue": 150757,
            "common_shares": 1024115,
            "book_valuer_per_share": 3.87,
            "book_valuer_per_share_4q_avg": 4.07,
            "equity": 396465,
            "current_ratio": 40.34,
            "debt_ratio": 74.88,
            "inventory_turnover_ratio": 0.73,
            "account_receivable_turnover_ratio": null,
            "reinvestment_rate": null,
            "research_to_sale_ratio": null,
            "price_fair": 0,
            "eps_avg_yearly": 0,
            "eps_latest_yearly": 0,
            "eps_growth_yearly": 0
        },
        "20023": {
            "year_quarter": 20023,
            "year": 2002,
            "quarter": 3,
            "eps": -0.3,
            "eps_growth_year": null,
            "eps_4q": -1.12,
            "eps_4q_growth_year": null,
            "roe": -6.93,
            "roe_4q": -27.22,
            "gross_profit": -12315,
            "gross_margin": -9.46,
            "gross_margin_4q_avg": 4.78,
            "net_income": -26263,
            "revenue": 130181,
            "common_shares": 1024115,
            "book_valuer_per_share": 3.53,
            "book_valuer_per_share_4q_avg": 3.78,
            "equity": 361451,
            "current_ratio": 40.36,
            "debt_ratio": 75.88,
            "inventory_turnover_ratio": 0.87,
            "account_receivable_turnover_ratio": null,
            "reinvestment_rate": null,
            "research_to_sale_ratio": null,
            "price_fair": 0,
            "eps_avg_yearly": 0,
            "eps_latest_yearly": 0,
            "eps_growth_yearly": 0
        },
        "20024": {
            "year_quarter": 20024,
            "year": 2002,
            "quarter": 4,
            "eps": -0.17,
            "eps_growth_year": null,
            "eps_4q": -0.47,
            "eps_4q_growth_year": null,
            "roe": -4.97,
            "roe_4q": -12.939999999999998,
            "gross_profit": -2014,
            "gross_margin": 72.97,
            "gross_margin_4q_avg": 20.75,
            "net_income": -17539,
            "revenue": -2760,
            "common_shares": 1024115,
            "book_valuer_per_share": 3.36,
            "book_valuer_per_share_4q_avg": 3.66,
            "equity": 343935,
            "current_ratio": 37.26,
            "debt_ratio": 76.34,
            "inventory_turnover_ratio": -0.01,
            "account_receivable_turnover_ratio": null,
            "reinvestment_rate": null,
            "research_to_sale_ratio": null,
            "price_fair": 0,
            "eps_avg_yearly": 0,
            "eps_latest_yearly": 0,
            "eps_growth_yearly": 0
        },
        "20031": {
            "year_quarter": 20031,
            "year": 2003,
            "quarter": 1,
            "eps": -0.19,
            "eps_growth_year": -272.73,
            "eps_4q": -0.83,
            "eps_4q_growth_year": null,
            "roe": -5.11,
            "roe_4q": -20.599999999999998,
            "gross_profit": 8826,
            "gross_margin": 8.54,
            "gross_margin_4q_avg": 19.78,
            "net_income": -17346,
            "revenue": 103403,
            "common_shares": 1024115,
            "book_valuer_per_share": 3.27,
            "book_valuer_per_share_4q_avg": 3.51,
            "equity": 334869,
            "current_ratio": 34.71,
            "debt_ratio": 76.84,
            "inventory_turnover_ratio": 0.69,
            "account_receivable_turnover_ratio": null,
            "reinvestment_rate": null,
            "research_to_sale_ratio": null,
            "price_fair": 0,
            "eps_avg_yearly": 0,
            "eps_latest_yearly": 0,
            "eps_growth_yearly": 0
        },
        "20032": {
            "year_quarter": 20032,
            "year": 2003,
            "quarter": 2,
            "eps": -0.32,
            "eps_growth_year": null,
            "eps_4q": -0.88,
            "eps_4q_growth_year": null,
            "roe": -8.33,
            "roe_4q": -25.34,
            "gross_profit": 16517,
            "gross_margin": -223.5,
            "gross_margin_4q_avg": -37.86,
            "net_income": -28791,
            "revenue": -7390,
            "common_shares": 1024115,
            "book_valuer_per_share": 3.48,
            "book_valuer_per_share_4q_avg": 3.41,
            "equity": 356282,
            "current_ratio": 25.46,
            "debt_ratio": 74.75,
            "inventory_turnover_ratio": -0.27,
            "account_receivable_turnover_ratio": null,
            "reinvestment_rate": null,
            "research_to_sale_ratio": null,
            "price_fair": 0,
            "eps_avg_yearly": 0,
            "eps_latest_yearly": 0,
            "eps_growth_yearly": 0
        },
        "20033": {
            "year_quarter": 20033,
            "year": 2003,
            "quarter": 3,
            "eps": -0.48,
            "eps_growth_year": null,
            "eps_4q": -1.04,
            "eps_4q_growth_year": null,
            "roe": -12.88,
            "roe_4q": -31.29,
            "gross_profit": 2255,
            "gross_margin": 10.51,
            "gross_margin_4q_avg": -32.87,
            "net_income": -42513,
            "revenue": 21447,
            "common_shares": 1024115,
            "book_valuer_per_share": 2.97,
            "book_valuer_per_share_4q_avg": 3.27,
            "equity": 303837,
            "current_ratio": 17,
            "debt_ratio": 77.36,
            "inventory_turnover_ratio": 0.82,
            "account_receivable_turnover_ratio": null,
            "reinvestment_rate": null,
            "research_to_sale_ratio": null,
            "price_fair": 0,
            "eps_avg_yearly": 0,
            "eps_latest_yearly": 0,
            "eps_growth_yearly": 0
        },
        "20034": {
            "year_quarter": 20034,
            "year": 2003,
            "quarter": 4,
            "eps": -1.97,
            "eps_growth_year": null,
            "eps_4q": -2.97,
            "eps_4q_growth_year": null,
            "roe": -62.43,
            "roe_4q": -88.75,
            "gross_profit": -318,
            "gross_margin": -7.24,
            "gross_margin_4q_avg": -52.92,
            "net_income": -175287,
            "revenue": 4394,
            "common_shares": 1024115,
            "book_valuer_per_share": 2.52,
            "book_valuer_per_share_4q_avg": 3.06,
            "equity": 257699,
            "current_ratio": 26.14,
            "debt_ratio": 79.87,
            "inventory_turnover_ratio": 1.12,
            "account_receivable_turnover_ratio": null,
            "reinvestment_rate": null,
            "research_to_sale_ratio": null,
            "price_fair": 0,
            "eps_avg_yearly": 0,
            "eps_latest_yearly": 0,
            "eps_growth_yearly": 0
        },
        "20041": {
            "year_quarter": 20041,
            "year": 2004,
            "quarter": 1,
            "eps": 0.05,
            "eps_growth_year": null,
            "eps_4q": -2.73,
            "eps_4q_growth_year": null,
            "roe": 1.71,
            "roe_4q": -81.92999999999999,
            "gross_profit": 68,
            "gross_margin": 2.18,
            "gross_margin_4q_avg": -54.51,
            "net_income": 4443,
            "revenue": 3114,
            "common_shares": 1024115,
            "book_valuer_per_share": 2.56,
            "book_valuer_per_share_4q_avg": 2.88,
            "equity": 262142,
            "current_ratio": 21.9,
            "debt_ratio": 78.63,
            "inventory_turnover_ratio": 1.06,
            "account_receivable_turnover_ratio": null,
            "reinvestment_rate": null,
            "research_to_sale_ratio": null,
            "price_fair": 0,
            "eps_avg_yearly": 0,
            "eps_latest_yearly": 0,
            "eps_growth_yearly": 0
        },
        "20042": {
            "year_quarter": 20042,
            "year": 2004,
            "quarter": 2,
            "eps": -0.37,
            "eps_growth_year": null,
            "eps_4q": -2.4,
            "eps_4q_growth_year": null,
            "roe": -13.36,
            "roe_4q": -86.96,
            "gross_profit": 457,
            "gross_margin": 1.35,
            "gross_margin_4q_avg": 1.7,
            "net_income": -32836,
            "revenue": 33974,
            "common_shares": 1024115,
            "book_valuer_per_share": 2.24,
            "book_valuer_per_share_4q_avg": 2.57,
            "equity": 229306,
            "current_ratio": 39.22,
            "debt_ratio": 80.6,
            "inventory_turnover_ratio": 0.47,
            "account_receivable_turnover_ratio": null,
            "reinvestment_rate": null,
            "research_to_sale_ratio": null,
            "price_fair": 0,
            "eps_avg_yearly": 0,
            "eps_latest_yearly": 0,
            "eps_growth_yearly": 0
        },
        "20043": {
            "year_quarter": 20043,
            "year": 2004,
            "quarter": 3,
            "eps": -0.16,
            "eps_growth_year": null,
            "eps_4q": -2.13,
            "eps_4q_growth_year": null,
            "roe": -6.45,
            "roe_4q": -80.53,
            "gross_profit": 512,
            "gross_margin": 1.02,
            "gross_margin_4q_avg": -0.67,
            "net_income": -14337,
            "revenue": 50005,
            "common_shares": 1024115,
            "book_valuer_per_share": 2.1,
            "book_valuer_per_share_4q_avg": 2.36,
            "equity": 214970,
            "current_ratio": 36.37,
            "debt_ratio": 81.49,
            "inventory_turnover_ratio": 0.37,
            "account_receivable_turnover_ratio": null,
            "reinvestment_rate": null,
            "research_to_sale_ratio": null,
            "price_fair": 0,
            "eps_avg_yearly": 0,
            "eps_latest_yearly": 0,
            "eps_growth_yearly": 0
        },
        "20044": {
            "year_quarter": 20044,
            "year": 2004,
            "quarter": 4,
            "eps": -0.83,
            "eps_growth_year": null,
            "eps_4q": -1.28,
            "eps_4q_growth_year": null,
            "roe": -31.63,
            "roe_4q": -49.73,
            "gross_profit": 532,
            "gross_margin": 0.92,
            "gross_margin_4q_avg": 1.37,
            "net_income": -78583,
            "revenue": 58008,
            "common_shares": 1024115,
            "book_valuer_per_share": 2.75,
            "book_valuer_per_share_4q_avg": 2.41,
            "equity": 281858,
            "current_ratio": 36.85,
            "debt_ratio": 74.11,
            "inventory_turnover_ratio": 0.44,
            "account_receivable_turnover_ratio": null,
            "reinvestment_rate": null,
            "research_to_sale_ratio": null,
            "price_fair": 0,
            "eps_avg_yearly": 0,
            "eps_latest_yearly": 0,
            "eps_growth_yearly": 0
        },
        "20051": {
            "year_quarter": 20051,
            "year": 2005,
            "quarter": 1,
            "eps": -0.15,
            "eps_growth_year": -400,
            "eps_4q": -1.46,
            "eps_4q_growth_year": null,
            "roe": -5.24,
            "roe_4q": -56.68,
            "gross_profit": 1363,
            "gross_margin": 2.6,
            "gross_margin_4q_avg": 1.47,
            "net_income": -14405,
            "revenue": 52417,
            "common_shares": 1024115,
            "book_valuer_per_share": 2.61,
            "book_valuer_per_share_4q_avg": 2.43,
            "equity": 267453,
            "current_ratio": 33.35,
            "debt_ratio": 74.77,
            "inventory_turnover_ratio": 0.41,
            "account_receivable_turnover_ratio": null,
            "reinvestment_rate": null,
            "research_to_sale_ratio": null,
            "price_fair": 0,
            "eps_avg_yearly": 0,
            "eps_latest_yearly": 0,
            "eps_growth_yearly": 0
        },
        "20052": {
            "year_quarter": 20052,
            "year": 2005,
            "quarter": 2,
            "eps": -0.07,
            "eps_growth_year": null,
            "eps_4q": -1.11,
            "eps_4q_growth_year": null,
            "roe": -2.41,
            "roe_4q": -45.730000000000004,
            "gross_profit": 395,
            "gross_margin": 0.95,
            "gross_margin_4q_avg": 1.37,
            "net_income": -6363,
            "revenue": 41772,
            "common_shares": 1024115,
            "book_valuer_per_share": 2.55,
            "book_valuer_per_share_4q_avg": 2.5,
            "equity": 261091,
            "current_ratio": 36.19,
            "debt_ratio": 75.23,
            "inventory_turnover_ratio": 0.31,
            "account_receivable_turnover_ratio": null,
            "reinvestment_rate": null,
            "research_to_sale_ratio": null,
            "price_fair": 0,
            "eps_avg_yearly": 0,
            "eps_latest_yearly": 0,
            "eps_growth_yearly": 0
        },
        "20053": {
            "year_quarter": 20053,
            "year": 2005,
            "quarter": 3,
            "eps": -0.13,
            "eps_growth_year": null,
            "eps_4q": -1.09,
            "eps_4q_growth_year": null,
            "roe": -4.8,
            "roe_4q": -44.08,
            "gross_profit": 191,
            "gross_margin": 0.76,
            "gross_margin_4q_avg": 1.31,
            "net_income": -12230,
            "revenue": 25237,
            "common_shares": 1024115,
            "book_valuer_per_share": 2.43,
            "book_valuer_per_share_4q_avg": 2.59,
            "equity": 248861,
            "current_ratio": 35.02,
            "debt_ratio": 76.1,
            "inventory_turnover_ratio": 0.18,
            "account_receivable_turnover_ratio": null,
            "reinvestment_rate": null,
            "research_to_sale_ratio": null,
            "price_fair": 0,
            "eps_avg_yearly": 0,
            "eps_latest_yearly": 0,
            "eps_growth_yearly": 0
        },
        "20054": {
            "year_quarter": 20054,
            "year": 2005,
            "quarter": 4,
            "eps": -0.28,
            "eps_growth_year": null,
            "eps_4q": -0.63,
            "eps_4q_growth_year": null,
            "roe": -11.26,
            "roe_4q": -23.71,
            "gross_profit": 145,
            "gross_margin": 0.91,
            "gross_margin_4q_avg": 1.31,
            "net_income": -26718,
            "revenue": 15864,
            "common_shares": 1024115,
            "book_valuer_per_share": 2.2,
            "book_valuer_per_share_4q_avg": 2.45,
            "equity": 225579,
            "current_ratio": 43.97,
            "debt_ratio": 77.98,
            "inventory_turnover_ratio": 0.11,
            "account_receivable_turnover_ratio": null,
            "reinvestment_rate": null,
            "research_to_sale_ratio": null,
            "price_fair": 0,
            "eps_avg_yearly": 0,
            "eps_latest_yearly": 0,
            "eps_growth_yearly": 0
        },
        "20061": {
            "year_quarter": 20061,
            "year": 2006,
            "quarter": 1,
            "eps": -0.17,
            "eps_growth_year": null,
            "eps_4q": -0.64,
            "eps_4q_growth_year": null,
            "roe": -7.51,
            "roe_4q": -25.98,
            "gross_profit": 38,
            "gross_margin": 0.43,
            "gross_margin_4q_avg": 0.76,
            "net_income": -16457,
            "revenue": 8827,
            "common_shares": 1024115,
            "book_valuer_per_share": 2.08,
            "book_valuer_per_share_4q_avg": 2.32,
            "equity": 212584,
            "current_ratio": 40.7,
            "debt_ratio": 78.56,
            "inventory_turnover_ratio": 0.06,
            "account_receivable_turnover_ratio": null,
            "reinvestment_rate": null,
            "research_to_sale_ratio": null,
            "price_fair": 0,
            "eps_avg_yearly": 0,
            "eps_latest_yearly": 0,
            "eps_growth_yearly": 0
        },
        "20062": {
            "year_quarter": 20062,
            "year": 2006,
            "quarter": 2,
            "eps": -0.14,
            "eps_growth_year": null,
            "eps_4q": -0.67,
            "eps_4q_growth_year": null,
            "roe": -6.29,
            "roe_4q": -29.860000000000003,
            "gross_profit": 37,
            "gross_margin": 0.31,
            "gross_margin_4q_avg": 0.6,
            "net_income": -12957,
            "revenue": 11985,
            "common_shares": 1024115,
            "book_valuer_per_share": 1.95,
            "book_valuer_per_share_4q_avg": 2.17,
            "equity": 199627,
            "current_ratio": 37.79,
            "debt_ratio": 79.46,
            "inventory_turnover_ratio": 0.08,
            "account_receivable_turnover_ratio": null,
            "reinvestment_rate": null,
            "research_to_sale_ratio": null,
            "price_fair": 0,
            "eps_avg_yearly": 0,
            "eps_latest_yearly": 0,
            "eps_growth_yearly": 0
        },
        "20063": {
            "year_quarter": 20063,
            "year": 2006,
            "quarter": 3,
            "eps": -0.29,
            "eps_growth_year": null,
            "eps_4q": -0.82,
            "eps_4q_growth_year": null,
            "roe": -14.97,
            "roe_4q": -40.03,
            "gross_profit": 27,
            "gross_margin": 0.23,
            "gross_margin_4q_avg": 0.47,
            "net_income": -27809,
            "revenue": 11712,
            "common_shares": 1024115,
            "book_valuer_per_share": 1.68,
            "book_valuer_per_share_4q_avg": 1.98,
            "equity": 171818,
            "current_ratio": 36.16,
            "debt_ratio": 82.17,
            "inventory_turnover_ratio": 0.07,
            "account_receivable_turnover_ratio": null,
            "reinvestment_rate": null,
            "research_to_sale_ratio": null,
            "price_fair": 0,
            "eps_avg_yearly": 0,
            "eps_latest_yearly": 0,
            "eps_growth_yearly": 0
        },
        "20064": {
            "year_quarter": 20064,
            "year": 2006,
            "quarter": 4,
            "eps": 0.02,
            "eps_growth_year": null,
            "eps_4q": -0.54,
            "eps_4q_growth_year": null,
            "roe": 1.17,
            "roe_4q": -27.6,
            "gross_profit": 40,
            "gross_margin": 0.74,
            "gross_margin_4q_avg": 0.43,
            "net_income": 2053,
            "revenue": 5405,
            "common_shares": 1024115,
            "book_valuer_per_share": 1.75,
            "book_valuer_per_share_4q_avg": 1.87,
            "equity": 179537,
            "current_ratio": 33.07,
            "debt_ratio": 80.97,
            "inventory_turnover_ratio": 0.03,
            "account_receivable_turnover_ratio": null,
            "reinvestment_rate": null,
            "research_to_sale_ratio": null,
            "price_fair": 0,
            "eps_avg_yearly": 0,
            "eps_latest_yearly": 0,
            "eps_growth_yearly": 0
        },
        "20071": {
            "year_quarter": 20071,
            "year": 2007,
            "quarter": 1,
            "eps": -0.11,
            "eps_growth_year": null,
            "eps_4q": -0.5,
            "eps_4q_growth_year": null,
            "roe": -6.29,
            "roe_4q": -26.38,
            "gross_profit": 23,
            "gross_margin": 0.48,
            "gross_margin_4q_avg": 0.44,
            "net_income": -10944,
            "revenue": 4787,
            "common_shares": 1024115,
            "book_valuer_per_share": 1.65,
            "book_valuer_per_share_4q_avg": 1.76,
            "equity": 168486,
            "current_ratio": 32.66,
            "debt_ratio": 82.08,
            "inventory_turnover_ratio": 0.03,
            "account_receivable_turnover_ratio": null,
            "reinvestment_rate": null,
            "research_to_sale_ratio": null,
            "price_fair": 0,
            "eps_avg_yearly": 0,
            "eps_latest_yearly": 0,
            "eps_growth_yearly": 0
        },
        "20072": {
            "year_quarter": 20072,
            "year": 2007,
            "quarter": 2,
            "eps": -0.37,
            "eps_growth_year": null,
            "eps_4q": -0.72,
            "eps_4q_growth_year": null,
            "roe": -25.03,
            "roe_4q": -45.12,
            "gross_profit": 24,
            "gross_margin": 0.44,
            "gross_margin_4q_avg": 0.47,
            "net_income": -37477,
            "revenue": 5461,
            "common_shares": 1024115,
            "book_valuer_per_share": 1.28,
            "book_valuer_per_share_4q_avg": 1.59,
            "equity": 131009,
            "current_ratio": 60.84,
            "debt_ratio": 85.76,
            "inventory_turnover_ratio": 0.03,
            "account_receivable_turnover_ratio": null,
            "reinvestment_rate": null,
            "research_to_sale_ratio": null,
            "price_fair": 0,
            "eps_avg_yearly": 0,
            "eps_latest_yearly": 0,
            "eps_growth_yearly": 0
        },
        "20073": {
            "year_quarter": 20073,
            "year": 2007,
            "quarter": 3,
            "eps": -0.11,
            "eps_growth_year": null,
            "eps_4q": -0.56,
            "eps_4q_growth_year": null,
            "roe": -8.64,
            "roe_4q": -38.79,
            "gross_profit": 158,
            "gross_margin": 2.53,
            "gross_margin_4q_avg": 1.05,
            "net_income": -10847,
            "revenue": 6248,
            "common_shares": 1024115,
            "book_valuer_per_share": 1.17,
            "book_valuer_per_share_4q_avg": 1.46,
            "equity": 120162,
            "current_ratio": 51.84,
            "debt_ratio": 85.48,
            "inventory_turnover_ratio": 0.04,
            "account_receivable_turnover_ratio": null,
            "reinvestment_rate": null,
            "research_to_sale_ratio": null,
            "price_fair": 0,
            "eps_avg_yearly": 0,
            "eps_latest_yearly": 0,
            "eps_growth_yearly": 0
        },
        "20074": {
            "year_quarter": 20074,
            "year": 2007,
            "quarter": 4,
            "eps": -0.1,
            "eps_growth_year": -600,
            "eps_4q": -0.68,
            "eps_4q_growth_year": null,
            "roe": -9.35,
            "roe_4q": -49.31,
            "gross_profit": 22,
            "gross_margin": 0.41,
            "gross_margin_4q_avg": 0.97,
            "net_income": -10728,
            "revenue": 5422,
            "common_shares": 1024115,
            "book_valuer_per_share": 1.07,
            "book_valuer_per_share_4q_avg": 1.29,
            "equity": 109434,
            "current_ratio": 49.45,
            "debt_ratio": 86.6,
            "inventory_turnover_ratio": 0.03,
            "account_receivable_turnover_ratio": null,
            "reinvestment_rate": null,
            "research_to_sale_ratio": null,
            "price_fair": 0,
            "eps_avg_yearly": 0,
            "eps_latest_yearly": 0,
            "eps_growth_yearly": 0
        },
        "20081": {
            "year_quarter": 20081,
            "year": 2008,
            "quarter": 1,
            "eps": -0.11,
            "eps_growth_year": null,
            "eps_4q": -0.66,
            "eps_4q_growth_year": null,
            "roe": -11.32,
            "roe_4q": -54.34,
            "gross_profit": 25,
            "gross_margin": 0.54,
            "gross_margin_4q_avg": 0.98,
            "net_income": -11720,
            "revenue": 4645,
            "common_shares": 1024115,
            "book_valuer_per_share": 0.95,
            "book_valuer_per_share_4q_avg": 1.12,
            "equity": 97714,
            "current_ratio": 47.3,
            "debt_ratio": 87.9,
            "inventory_turnover_ratio": 0.03,
            "account_receivable_turnover_ratio": null,
            "reinvestment_rate": null,
            "research_to_sale_ratio": null,
            "price_fair": 0,
            "eps_avg_yearly": 0,
            "eps_latest_yearly": 0,
            "eps_growth_yearly": 0
        },
        "20082": {
            "year_quarter": 20082,
            "year": 2008,
            "quarter": 2,
            "eps": -0.23,
            "eps_growth_year": null,
            "eps_4q": -0.55,
            "eps_4q_growth_year": null,
            "roe": -27.21,
            "roe_4q": -56.52,
            "gross_profit": 23,
            "gross_margin": 0.51,
            "gross_margin_4q_avg": 1,
            "net_income": -23407,
            "revenue": 4490,
            "common_shares": 1024115,
            "book_valuer_per_share": 0.73,
            "book_valuer_per_share_4q_avg": 0.98,
            "equity": 74307,
            "current_ratio": 43.13,
            "debt_ratio": 91.1,
            "inventory_turnover_ratio": 0.03,
            "account_receivable_turnover_ratio": null,
            "reinvestment_rate": null,
            "research_to_sale_ratio": null,
            "price_fair": 0,
            "eps_avg_yearly": 0,
            "eps_latest_yearly": 0,
            "eps_growth_yearly": 0
        },
        "20083": {
            "year_quarter": 20083,
            "year": 2008,
            "quarter": 3,
            "eps": -0.14,
            "eps_growth_year": null,
            "eps_4q": -0.58,
            "eps_4q_growth_year": null,
            "roe": -20.58,
            "roe_4q": -68.46,
            "gross_profit": 15,
            "gross_margin": 0.43,
            "gross_margin_4q_avg": 0.47,
            "net_income": -13865,
            "revenue": 3502,
            "common_shares": 1024115,
            "book_valuer_per_share": 0.59,
            "book_valuer_per_share_4q_avg": 0.84,
            "equity": 60442,
            "current_ratio": 36.73,
            "debt_ratio": 91.86,
            "inventory_turnover_ratio": 0.02,
            "account_receivable_turnover_ratio": null,
            "reinvestment_rate": null,
            "research_to_sale_ratio": null,
            "price_fair": 0,
            "eps_avg_yearly": 0,
            "eps_latest_yearly": 0,
            "eps_growth_yearly": 0
        },
        "20084": {
            "year_quarter": 20084,
            "year": 2008,
            "quarter": 4,
            "eps": -0.12,
            "eps_growth_year": null,
            "eps_4q": -0.6,
            "eps_4q_growth_year": null,
            "roe": -22.95,
            "roe_4q": -82.06,
            "gross_profit": 28,
            "gross_margin": 0.84,
            "gross_margin_4q_avg": 0.58,
            "net_income": -12462,
            "revenue": 3336,
            "common_shares": 1024115,
            "book_valuer_per_share": 0.47,
            "book_valuer_per_share_4q_avg": 0.69,
            "equity": 48139,
            "current_ratio": 35.34,
            "debt_ratio": 93.48,
            "inventory_turnover_ratio": 0.02,
            "account_receivable_turnover_ratio": 3.47,
            "reinvestment_rate": null,
            "research_to_sale_ratio": null,
            "price_fair": 0,
            "eps_avg_yearly": 0,
            "eps_latest_yearly": 0,
            "eps_growth_yearly": 0
        },
        "20091": {
            "year_quarter": 20091,
            "year": 2009,
            "quarter": 1,
            "eps": -0.11,
            "eps_growth_year": null,
            "eps_4q": -0.6,
            "eps_4q_growth_year": null,
            "roe": -26.46,
            "roe_4q": -97.19999999999999,
            "gross_profit": 20,
            "gross_margin": 0.74,
            "gross_margin_4q_avg": 0.63,
            "net_income": -11250,
            "revenue": 2691,
            "common_shares": 1024115,
            "book_valuer_per_share": 0.36,
            "book_valuer_per_share_4q_avg": 0.54,
            "equity": 36889,
            "current_ratio": 34.8,
            "debt_ratio": 95.02,
            "inventory_turnover_ratio": 0.02,
            "account_receivable_turnover_ratio": 1.39,
            "reinvestment_rate": null,
            "research_to_sale_ratio": null,
            "price_fair": 0,
            "eps_avg_yearly": 0,
            "eps_latest_yearly": 0,
            "eps_growth_yearly": 0
        },
        "20092": {
            "year_quarter": 20092,
            "year": 2009,
            "quarter": 2,
            "eps": -0.14,
            "eps_growth_year": null,
            "eps_4q": -0.51,
            "eps_4q_growth_year": null,
            "roe": -47.86,
            "roe_4q": -117.85,
            "gross_profit": 22,
            "gross_margin": 0.7,
            "gross_margin_4q_avg": 0.68,
            "net_income": -14255,
            "revenue": 3135,
            "common_shares": 1024115,
            "book_valuer_per_share": 0.22,
            "book_valuer_per_share_4q_avg": 0.41,
            "equity": 22686,
            "current_ratio": 34.02,
            "debt_ratio": 96.91,
            "inventory_turnover_ratio": 0.02,
            "account_receivable_turnover_ratio": 1.55,
            "reinvestment_rate": null,
            "research_to_sale_ratio": null,
            "price_fair": 0,
            "eps_avg_yearly": 0,
            "eps_latest_yearly": 0,
            "eps_growth_yearly": 0
        },
        "20093": {
            "year_quarter": 20093,
            "year": 2009,
            "quarter": 3,
            "eps": -0.1,
            "eps_growth_year": null,
            "eps_4q": -0.47,
            "eps_4q_growth_year": null,
            "roe": -59.69,
            "roe_4q": -156.95999999999998,
            "gross_profit": 25,
            "gross_margin": 0.82,
            "gross_margin_4q_avg": 0.78,
            "net_income": -10429,
            "revenue": 3038,
            "common_shares": 1024115,
            "book_valuer_per_share": 0.12,
            "book_valuer_per_share_4q_avg": 0.29,
            "equity": 12258,
            "current_ratio": 39.5,
            "debt_ratio": 98.44,
            "inventory_turnover_ratio": 0.02,
            "account_receivable_turnover_ratio": 1.41,
            "reinvestment_rate": null,
            "research_to_sale_ratio": null,
            "price_fair": 0,
            "eps_avg_yearly": 0,
            "eps_latest_yearly": 0,
            "eps_growth_yearly": 0
        },
        "20094": {
            "year_quarter": 20094,
            "year": 2009,
            "quarter": 4,
            "eps": -0.05,
            "eps_growth_year": null,
            "eps_4q": -0.4,
            "eps_4q_growth_year": null,
            "roe": -49.29,
            "roe_4q": -183.29999999999998,
            "gross_profit": 5621,
            "gross_margin": 36.42,
            "gross_margin_4q_avg": 9.67,
            "net_income": -4700,
            "revenue": 15434,
            "common_shares": 1024115,
            "book_valuer_per_share": 0.07,
            "book_valuer_per_share_4q_avg": 0.19,
            "equity": 6811,
            "current_ratio": 46.7,
            "debt_ratio": 99.13,
            "inventory_turnover_ratio": 0.05,
            "account_receivable_turnover_ratio": 2.37,
            "reinvestment_rate": null,
            "research_to_sale_ratio": null,
            "price_fair": 0,
            "eps_avg_yearly": 0,
            "eps_latest_yearly": 0,
            "eps_growth_yearly": 0
        },
        "20101": {
            "year_quarter": 20101,
            "year": 2010,
            "quarter": 1,
            "eps": -0.03,
            "eps_growth_year": null,
            "eps_4q": -0.32,
            "eps_4q_growth_year": null,
            "roe": -75.55,
            "roe_4q": -232.39,
            "gross_profit": 9009,
            "gross_margin": 46.04,
            "gross_margin_4q_avg": 21,
            "net_income": -3052,
            "revenue": 19568,
            "common_shares": 1024115,
            "book_valuer_per_share": 0.01,
            "book_valuer_per_share_4q_avg": 0.11,
            "equity": 1268,
            "current_ratio": 43.51,
            "debt_ratio": 99.83,
            "inventory_turnover_ratio": 0.05,
            "account_receivable_turnover_ratio": 2.34,
            "reinvestment_rate": null,
            "research_to_sale_ratio": null,
            "price_fair": 0,
            "eps_avg_yearly": 0,
            "eps_latest_yearly": 0,
            "eps_growth_yearly": 0
        },
        "20102": {
            "year_quarter": 20102,
            "year": 2010,
            "quarter": 2,
            "eps": 0.04,
            "eps_growth_year": null,
            "eps_4q": -0.14,
            "eps_4q_growth_year": null,
            "roe": 171.75,
            "roe_4q": -12.779999999999994,
            "gross_profit": 12251,
            "gross_margin": 41.8,
            "gross_margin_4q_avg": 31.27,
            "net_income": 4262,
            "revenue": 29312,
            "common_shares": 1024115,
            "book_valuer_per_share": 0.04,
            "book_valuer_per_share_4q_avg": 0.06,
            "equity": 3695,
            "current_ratio": 42.73,
            "debt_ratio": 99.5,
            "inventory_turnover_ratio": 0.08,
            "account_receivable_turnover_ratio": 15.67,
            "reinvestment_rate": null,
            "research_to_sale_ratio": null,
            "price_fair": 0,
            "eps_avg_yearly": 0,
            "eps_latest_yearly": 0,
            "eps_growth_yearly": 0
        },
        "20103": {
            "year_quarter": 20103,
            "year": 2010,
            "quarter": 3,
            "eps": 0.16,
            "eps_growth_year": null,
            "eps_4q": 0.13,
            "eps_4q_growth_year": null,
            "roe": 146.64,
            "roe_4q": 193.54999999999998,
            "gross_profit": 27045,
            "gross_margin": 76.4,
            "gross_margin_4q_avg": 50.17,
            "net_income": 16456,
            "revenue": 35400,
            "common_shares": 1024115,
            "book_valuer_per_share": 0.18,
            "book_valuer_per_share_4q_avg": 0.08,
            "equity": 18749,
            "current_ratio": 114.06,
            "debt_ratio": 98.1,
            "inventory_turnover_ratio": 0.05,
            "account_receivable_turnover_ratio": null,
            "reinvestment_rate": null,
            "research_to_sale_ratio": null,
            "price_fair": 22.4,
            "eps_avg_yearly": 0.64,
            "eps_latest_yearly": 0.64,
            "eps_growth_yearly": 1200
        },
        "20104": {
            "year_quarter": 20104,
            "year": 2010,
            "quarter": 4,
            "eps": 5.4,
            "eps_growth_year": null,
            "eps_4q": 5.58,
            "eps_4q_growth_year": null,
            "roe": 221.07,
            "roe_4q": 463.91,
            "gross_profit": 18899,
            "gross_margin": 40.11,
            "gross_margin_4q_avg": 51.09,
            "net_income": 553335,
            "revenue": 47122,
            "common_shares": 1024115,
            "book_valuer_per_share": 4.7,
            "book_valuer_per_share_4q_avg": 1.23,
            "equity": 481837,
            "current_ratio": 1438.87,
            "debt_ratio": 18.48,
            "inventory_turnover_ratio": 0.19,
            "account_receivable_turnover_ratio": null,
            "reinvestment_rate": -46.46,
            "research_to_sale_ratio": null,
            "price_fair": 389.2,
            "eps_avg_yearly": 11.12,
            "eps_latest_yearly": 21.6,
            "eps_growth_yearly": 7150
        },
        "20111": {
            "year_quarter": 20111,
            "year": 2011,
            "quarter": 1,
            "eps": 0.39,
            "eps_growth_year": null,
            "eps_4q": 5.99,
            "eps_4q_growth_year": null,
            "roe": 8.17,
            "roe_4q": 547.63,
            "gross_profit": 14606,
            "gross_margin": 62.5,
            "gross_margin_4q_avg": 55.2,
            "net_income": 39856,
            "revenue": 23371,
            "common_shares": 1024115,
            "book_valuer_per_share": 4.82,
            "book_valuer_per_share_4q_avg": 2.44,
            "equity": 493615,
            "current_ratio": 2233.68,
            "debt_ratio": 16.33,
            "inventory_turnover_ratio": 0.06,
            "account_receivable_turnover_ratio": 462.79,
            "reinvestment_rate": -41.21,
            "research_to_sale_ratio": null,
            "price_fair": 277.67,
            "eps_avg_yearly": 7.93,
            "eps_latest_yearly": 1.56,
            "eps_growth_yearly": 4642.96
        },
        "20112": {
            "year_quarter": 20112,
            "year": 2011,
            "quarter": 2,
            "eps": 0.03,
            "eps_growth_year": -19.52,
            "eps_4q": 5.99,
            "eps_4q_growth_year": null,
            "roe": 0.69,
            "roe_4q": 376.57,
            "gross_profit": 6020,
            "gross_margin": 62.76,
            "gross_margin_4q_avg": 60.44,
            "net_income": 3430,
            "revenue": 9592,
            "common_shares": 1024115,
            "book_valuer_per_share": 4.85,
            "book_valuer_per_share_4q_avg": 3.64,
            "equity": 496771,
            "current_ratio": 2407.34,
            "debt_ratio": 15.98,
            "inventory_turnover_ratio": 0.03,
            "account_receivable_turnover_ratio": 106.58,
            "reinvestment_rate": 0.49,
            "research_to_sale_ratio": null,
            "price_fair": 209.3,
            "eps_avg_yearly": 5.98,
            "eps_latest_yearly": 0.12,
            "eps_growth_yearly": 3389.91
        },
        "20113": {
            "year_quarter": 20113,
            "year": 2011,
            "quarter": 3,
            "eps": -0.01,
            "eps_growth_year": -107.99,
            "eps_4q": 5.81,
            "eps_4q_growth_year": 4491.29,
            "roe": -0.26,
            "roe_4q": 229.67,
            "gross_profit": 392,
            "gross_margin": 4.51,
            "gross_margin_4q_avg": 42.47,
            "net_income": -1314,
            "revenue": 8688,
            "common_shares": 1024115,
            "book_valuer_per_share": 4.84,
            "book_valuer_per_share_4q_avg": 4.8,
            "equity": 495457,
            "current_ratio": 2341.91,
            "debt_ratio": 16.08,
            "inventory_turnover_ratio": 0.06,
            "account_receivable_turnover_ratio": 1.95,
            "reinvestment_rate": 0.48,
            "research_to_sale_ratio": null,
            "price_fair": 209.3,
            "eps_avg_yearly": 5.98,
            "eps_latest_yearly": 0.12,
            "eps_growth_yearly": 3389.91
        },
        "20114": {
            "year_quarter": 20114,
            "year": 2011,
            "quarter": 4,
            "eps": -0.01,
            "eps_growth_year": -100.11,
            "eps_4q": 0.4,
            "eps_4q_growth_year": -92.75,
            "roe": -0.12,
            "roe_4q": 8.48,
            "gross_profit": 71,
            "gross_margin": 3.12,
            "gross_margin_4q_avg": 33.22,
            "net_income": -590,
            "revenue": 2275,
            "common_shares": 1024115,
            "book_valuer_per_share": 4.83,
            "book_valuer_per_share_4q_avg": 4.84,
            "equity": 494867,
            "current_ratio": 2279.2,
            "debt_ratio": 16.14,
            "inventory_turnover_ratio": 0.02,
            "account_receivable_turnover_ratio": 0.42,
            "reinvestment_rate": 0.47,
            "research_to_sale_ratio": null,
            "price_fair": 209.3,
            "eps_avg_yearly": 5.98,
            "eps_latest_yearly": 0.12,
            "eps_growth_yearly": 3389.91
        },
        "20121": {
            "year_quarter": 20121,
            "year": 2012,
            "quarter": 1,
            "eps": -0.02,
            "eps_growth_year": -105.13,
            "eps_4q": -0,
            "eps_4q_growth_year": -100.04,
            "roe": -0.35,
            "roe_4q": -0.040000000000000036,
            "gross_profit": 9,
            "gross_margin": 2.73,
            "gross_margin_4q_avg": 18.28,
            "net_income": -1745,
            "revenue": 330,
            "common_shares": 1024115,
            "book_valuer_per_share": 4.82,
            "book_valuer_per_share_4q_avg": 4.84,
            "equity": 493122,
            "current_ratio": 2470.51,
            "debt_ratio": 15.95,
            "inventory_turnover_ratio": 0,
            "account_receivable_turnover_ratio": 0.29,
            "reinvestment_rate": 0.46,
            "research_to_sale_ratio": null,
            "price_fair": 209.3,
            "eps_avg_yearly": 5.98,
            "eps_latest_yearly": 0.12,
            "eps_growth_yearly": 3389.91
        },
        "20122": {
            "year_quarter": 20122,
            "year": 2012,
            "quarter": 2,
            "eps": 0.08,
            "eps_growth_year": 150.47,
            "eps_4q": 0.05,
            "eps_4q_growth_year": -99.19,
            "roe": 1.73,
            "roe_4q": 0.9999999999999998,
            "gross_profit": 10612,
            "gross_margin": 57.82,
            "gross_margin_4q_avg": 17.05,
            "net_income": 8591,
            "revenue": 18355,
            "common_shares": 1024115,
            "book_valuer_per_share": 4.9,
            "book_valuer_per_share_4q_avg": 4.85,
            "equity": 501328,
            "current_ratio": 2346.69,
            "debt_ratio": 15.85,
            "inventory_turnover_ratio": 0.06,
            "account_receivable_turnover_ratio": 24.06,
            "reinvestment_rate": 0.43,
            "research_to_sale_ratio": null,
            "price_fair": 209.3,
            "eps_avg_yearly": 5.98,
            "eps_latest_yearly": 0.12,
            "eps_growth_yearly": 3389.91
        },
        "20123": {
            "year_quarter": 20123,
            "year": 2012,
            "quarter": 3,
            "eps": 0.09,
            "eps_growth_year": null,
            "eps_4q": 0.15,
            "eps_4q_growth_year": -97.39,
            "roe": 1.84,
            "roe_4q": 3.1,
            "gross_profit": -701,
            "gross_margin": null,
            "gross_margin_4q_avg": 15.92,
            "net_income": 9306,
            "revenue": 0,
            "common_shares": 1024115,
            "book_valuer_per_share": 4.98,
            "book_valuer_per_share_4q_avg": 4.88,
            "equity": 510376,
            "current_ratio": 2479.42,
            "debt_ratio": 15.42,
            "inventory_turnover_ratio": 0.01,
            "account_receivable_turnover_ratio": 0,
            "reinvestment_rate": 0.41,
            "research_to_sale_ratio": null,
            "price_fair": 169.96,
            "eps_avg_yearly": 4.86,
            "eps_latest_yearly": 0.36,
            "eps_growth_yearly": 2721.93
        },
        "20124": {
            "year_quarter": 20124,
            "year": 2012,
            "quarter": 4,
            "eps": -0.03,
            "eps_growth_year": null,
            "eps_4q": 0.12,
            "eps_4q_growth_year": -69.43,
            "roe": -0.69,
            "roe_4q": 2.53,
            "gross_profit": -459,
            "gross_margin": -4.82,
            "gross_margin_4q_avg": 13.93,
            "net_income": -3503,
            "revenue": 9515,
            "common_shares": 1024115,
            "book_valuer_per_share": 4.93,
            "book_valuer_per_share_4q_avg": 4.91,
            "equity": 504927,
            "current_ratio": 4885.42,
            "debt_ratio": 13.7,
            "inventory_turnover_ratio": 0.08,
            "account_receivable_turnover_ratio": null,
            "reinvestment_rate": 0.41,
            "research_to_sale_ratio": null,
            "price_fair": 169.96,
            "eps_avg_yearly": 4.86,
            "eps_latest_yearly": 0.36,
            "eps_growth_yearly": 2721.93
        },
        "20131": {
            "year_quarter": 20131,
            "year": 2013,
            "quarter": 1,
            "eps": 0.03,
            "eps_growth_year": null,
            "eps_4q": 0.17,
            "eps_4q_growth_year": null,
            "roe": 0.67,
            "roe_4q": 3.5500000000000003,
            "gross_profit": 6068,
            "gross_margin": 68.55,
            "gross_margin_4q_avg": 30.39,
            "net_income": 3374,
            "revenue": 8852,
            "common_shares": 1024115,
            "book_valuer_per_share": 4.96,
            "book_valuer_per_share_4q_avg": 4.94,
            "equity": 508301,
            "current_ratio": 17390.53,
            "debt_ratio": 12.57,
            "inventory_turnover_ratio": 0.02,
            "account_receivable_turnover_ratio": null,
            "reinvestment_rate": 0.4,
            "research_to_sale_ratio": null,
            "price_fair": 169.96,
            "eps_avg_yearly": 4.86,
            "eps_latest_yearly": 0.36,
            "eps_growth_yearly": 2721.93
        },
        "20132": {
            "year_quarter": 20132,
            "year": 2013,
            "quarter": 2,
            "eps": 0.13,
            "eps_growth_year": 54.97,
            "eps_4q": 0.22,
            "eps_4q_growth_year": 356.36,
            "roe": 2.6,
            "roe_4q": 4.42,
            "gross_profit": 20591,
            "gross_margin": 70.41,
            "gross_margin_4q_avg": 33.54,
            "net_income": 13376,
            "revenue": 29244,
            "common_shares": 1024115,
            "book_valuer_per_share": 5.09,
            "book_valuer_per_share_4q_avg": 4.99,
            "equity": 521677,
            "current_ratio": 5900.21,
            "debt_ratio": 13,
            "inventory_turnover_ratio": 0.08,
            "account_receivable_turnover_ratio": null,
            "reinvestment_rate": 0.38,
            "research_to_sale_ratio": null,
            "price_fair": 144.67,
            "eps_avg_yearly": 4.13,
            "eps_latest_yearly": 0.52,
            "eps_growth_yearly": 2490.5
        },
        "20133": {
            "year_quarter": 20133,
            "year": 2013,
            "quarter": 3,
            "eps": 0.06,
            "eps_growth_year": -33.97,
            "eps_4q": 0.19,
            "eps_4q_growth_year": 23.08,
            "roe": 1.13,
            "roe_4q": 3.7100000000000004,
            "gross_profit": 7884,
            "gross_margin": 70.82,
            "gross_margin_4q_avg": 51.24,
            "net_income": 5906,
            "revenue": 11132,
            "common_shares": 1024115,
            "book_valuer_per_share": 5.15,
            "book_valuer_per_share_4q_avg": 5.03,
            "equity": 527583,
            "current_ratio": 4338.6,
            "debt_ratio": 13.29,
            "inventory_turnover_ratio": 0.03,
            "account_receivable_turnover_ratio": null,
            "reinvestment_rate": 0.37,
            "research_to_sale_ratio": null,
            "price_fair": 125.2,
            "eps_avg_yearly": 3.58,
            "eps_latest_yearly": 0.24,
            "eps_growth_yearly": 2103.94
        },
        "20134": {
            "year_quarter": 20134,
            "year": 2013,
            "quarter": 4,
            "eps": 0.07,
            "eps_growth_year": null,
            "eps_4q": 0.29,
            "eps_4q_growth_year": 135.31,
            "roe": 1.34,
            "roe_4q": 5.74,
            "gross_profit": 8929,
            "gross_margin": 76.41,
            "gross_margin_4q_avg": 71.55,
            "net_income": 7108,
            "revenue": 11686,
            "common_shares": 1024115,
            "book_valuer_per_share": 5.22,
            "book_valuer_per_share_4q_avg": 5.11,
            "equity": 534691,
            "current_ratio": 19774.98,
            "debt_ratio": 11.85,
            "inventory_turnover_ratio": 0.03,
            "account_receivable_turnover_ratio": null,
            "reinvestment_rate": -1.8,
            "research_to_sale_ratio": null,
            "price_fair": 110.78,
            "eps_avg_yearly": 3.17,
            "eps_latest_yearly": 0.28,
            "eps_growth_yearly": 1849.28
        },
        "20141": {
            "year_quarter": 20141,
            "year": 2014,
            "quarter": 1,
            "eps": -0.01,
            "eps_growth_year": -133.33,
            "eps_4q": 0.25,
            "eps_4q_growth_year": 43.99,
            "roe": -0.15,
            "roe_4q": 4.92,
            "gross_profit": 514,
            "gross_margin": 83.04,
            "gross_margin_4q_avg": 75.17,
            "net_income": -806,
            "revenue": 619,
            "common_shares": 1024115,
            "book_valuer_per_share": 5.21,
            "book_valuer_per_share_4q_avg": 5.17,
            "equity": 533885,
            "current_ratio": 24866.08,
            "debt_ratio": 11.85,
            "inventory_turnover_ratio": 0,
            "account_receivable_turnover_ratio": null,
            "reinvestment_rate": -1.33,
            "research_to_sale_ratio": null,
            "price_fair": 110.78,
            "eps_avg_yearly": 3.17,
            "eps_latest_yearly": 0.28,
            "eps_growth_yearly": 1849.28
        },
        "20142": {
            "year_quarter": 20142,
            "year": 2014,
            "quarter": 2,
            "eps": -0.01,
            "eps_growth_year": -107.69,
            "eps_4q": 0.11,
            "eps_4q_growth_year": -51.51,
            "roe": -0.24,
            "roe_4q": 2.08,
            "gross_profit": 0,
            "gross_margin": null,
            "gross_margin_4q_avg": 57.57,
            "net_income": -1271,
            "revenue": 0,
            "common_shares": 1024115,
            "book_valuer_per_share": 5.2,
            "book_valuer_per_share_4q_avg": 5.2,
            "equity": 532614,
            "current_ratio": 20466,
            "debt_ratio": 11.95,
            "inventory_turnover_ratio": 0,
            "account_receivable_turnover_ratio": null,
            "reinvestment_rate": -0.12,
            "research_to_sale_ratio": null,
            "price_fair": 110.78,
            "eps_avg_yearly": 3.17,
            "eps_latest_yearly": 0.28,
            "eps_growth_yearly": 1849.28
        },
        "20143": {
            "year_quarter": 20143,
            "year": 2014,
            "quarter": 3,
            "eps": -0.01,
            "eps_growth_year": -116.67,
            "eps_4q": 0.04,
            "eps_4q_growth_year": -78.92,
            "roe": -0.19,
            "roe_4q": 0.7600000000000001,
            "gross_profit": 7,
            "gross_margin": 31.82,
            "gross_margin_4q_avg": 47.82,
            "net_income": -994,
            "revenue": 22,
            "common_shares": 1024115,
            "book_valuer_per_share": 5.19,
            "book_valuer_per_share_4q_avg": 5.21,
            "equity": 531620,
            "current_ratio": 23073.65,
            "debt_ratio": 11.93,
            "inventory_turnover_ratio": 0,
            "account_receivable_turnover_ratio": null,
            "reinvestment_rate": -0.27,
            "research_to_sale_ratio": null,
            "price_fair": 123.4,
            "eps_avg_yearly": 3.53,
            "eps_latest_yearly": 0.28,
            "eps_growth_yearly": 1942.04
        },
        "20144": {
            "year_quarter": 20144,
            "year": 2014,
            "quarter": 4,
            "eps": 0.07,
            "eps_growth_year": -5.5,
            "eps_4q": 0.04,
            "eps_4q_growth_year": -87.75,
            "roe": 1.26,
            "roe_4q": 0.68,
            "gross_profit": 8974,
            "gross_margin": 76.19,
            "gross_margin_4q_avg": 47.76,
            "net_income": 6717,
            "revenue": 11778,
            "common_shares": 1024115,
            "book_valuer_per_share": 5.26,
            "book_valuer_per_share_4q_avg": 5.22,
            "equity": 538337,
            "current_ratio": 30495.39,
            "debt_ratio": 11.68,
            "inventory_turnover_ratio": 0.01,
            "account_receivable_turnover_ratio": 5889,
            "reinvestment_rate": -1.96,
            "research_to_sale_ratio": null,
            "price_fair": 17.97,
            "eps_avg_yearly": 0.51,
            "eps_latest_yearly": 0.28,
            "eps_growth_yearly": 82.38
        },
        "20151": {
            "year_quarter": 20151,
            "year": 2015,
            "quarter": 1,
            "eps": 0.13,
            "eps_growth_year": null,
            "eps_4q": 0.17,
            "eps_4q_growth_year": -31.44,
            "roe": 2.4,
            "roe_4q": 3.2300000000000004,
            "gross_profit": 17837,
            "gross_margin": 76.38,
            "gross_margin_4q_avg": 46.1,
            "net_income": 13088,
            "revenue": 23352,
            "common_shares": 1024115,
            "book_valuer_per_share": 5.38,
            "book_valuer_per_share_4q_avg": 5.26,
            "equity": 551425,
            "current_ratio": 31996.55,
            "debt_ratio": 11.37,
            "inventory_turnover_ratio": 0.03,
            "account_receivable_turnover_ratio": 11676,
            "reinvestment_rate": -2.27,
            "research_to_sale_ratio": null,
            "price_fair": 11.9,
            "eps_avg_yearly": 0.34,
            "eps_latest_yearly": 0.52,
            "eps_growth_yearly": 201.37
        },
        "20152": {
            "year_quarter": 20152,
            "year": 2015,
            "quarter": 2,
            "eps": -0.02,
            "eps_growth_year": null,
            "eps_4q": 0.17,
            "eps_4q_growth_year": 56.2,
            "roe": -0.31,
            "roe_4q": 3.1599999999999997,
            "gross_profit": 34,
            "gross_margin": 32.69,
            "gross_margin_4q_avg": 54.27,
            "net_income": -1727,
            "revenue": 104,
            "common_shares": 1024115,
            "book_valuer_per_share": 5.37,
            "book_valuer_per_share_4q_avg": 5.3,
            "equity": 549698,
            "current_ratio": 26978.23,
            "debt_ratio": 11.45,
            "inventory_turnover_ratio": 0,
            "account_receivable_turnover_ratio": null,
            "reinvestment_rate": -2.47,
            "research_to_sale_ratio": null,
            "price_fair": 13.44,
            "eps_avg_yearly": 0.38,
            "eps_latest_yearly": 0.52,
            "eps_growth_yearly": 315.49
        },
        "20153": {
            "year_quarter": 20153,
            "year": 2015,
            "quarter": 3,
            "eps": 0.04,
            "eps_growth_year": null,
            "eps_4q": 0.22,
            "eps_4q_growth_year": 454.4,
            "roe": 0.78,
            "roe_4q": 4.13,
            "gross_profit": 13,
            "gross_margin": 28.26,
            "gross_margin_4q_avg": 53.38,
            "net_income": 4303,
            "revenue": 46,
            "common_shares": 1024115,
            "book_valuer_per_share": 5.41,
            "book_valuer_per_share_4q_avg": 5.36,
            "equity": 554001,
            "current_ratio": 30134.01,
            "debt_ratio": 11.34,
            "inventory_turnover_ratio": 0,
            "account_receivable_turnover_ratio": null,
            "reinvestment_rate": -2.23,
            "research_to_sale_ratio": null,
            "price_fair": 13.44,
            "eps_avg_yearly": 0.38,
            "eps_latest_yearly": 0.52,
            "eps_growth_yearly": 315.49
        },
        "20154": {
            "year_quarter": 20154,
            "year": 2015,
            "quarter": 4,
            "eps": -0.05,
            "eps_growth_year": -169.7,
            "eps_4q": 0.11,
            "eps_4q_growth_year": 201.21,
            "roe": -0.85,
            "roe_4q": 2.02,
            "gross_profit": -149,
            "gross_margin": -158.51,
            "gross_margin_4q_avg": -5.3,
            "net_income": -4682,
            "revenue": 94,
            "common_shares": 1024115,
            "book_valuer_per_share": 5.36,
            "book_valuer_per_share_4q_avg": 5.38,
            "equity": 549319,
            "current_ratio": 32111.55,
            "debt_ratio": 11.39,
            "inventory_turnover_ratio": 0,
            "account_receivable_turnover_ratio": null,
            "reinvestment_rate": 59.08,
            "research_to_sale_ratio": null,
            "price_fair": 13.44,
            "eps_avg_yearly": 0.38,
            "eps_latest_yearly": 0.52,
            "eps_growth_yearly": 315.49
        },
        "20161": {
            "year_quarter": 20161,
            "year": 2016,
            "quarter": 1,
            "eps": -0.01,
            "eps_growth_year": -107.69,
            "eps_4q": -0.03,
            "eps_4q_growth_year": -120.11,
            "roe": -0.26,
            "roe_4q": -0.6399999999999999,
            "gross_profit": -21,
            "gross_margin": -42.86,
            "gross_margin_4q_avg": -35.11,
            "net_income": -1422,
            "revenue": 49,
            "common_shares": 1024115,
            "book_valuer_per_share": 5.35,
            "book_valuer_per_share_4q_avg": 5.37,
            "equity": 547897,
            "current_ratio": 31132.18,
            "debt_ratio": 11.42,
            "inventory_turnover_ratio": 0,
            "account_receivable_turnover_ratio": null,
            "reinvestment_rate": 58.56,
            "research_to_sale_ratio": null,
            "price_fair": 13.44,
            "eps_avg_yearly": 0.38,
            "eps_latest_yearly": 0.52,
            "eps_growth_yearly": 315.49
        },
        "20162": {
            "year_quarter": 20162,
            "year": 2016,
            "quarter": 2,
            "eps": -0.01,
            "eps_growth_year": null,
            "eps_4q": -0.03,
            "eps_4q_growth_year": -116.9,
            "roe": -0.2,
            "roe_4q": -0.53,
            "gross_profit": 3,
            "gross_margin": 37.5,
            "gross_margin_4q_avg": -33.9,
            "net_income": -1087,
            "revenue": 8,
            "common_shares": 1024115,
            "book_valuer_per_share": 5.34,
            "book_valuer_per_share_4q_avg": 5.37,
            "equity": 546810,
            "current_ratio": 27351.86,
            "debt_ratio": 11.48,
            "inventory_turnover_ratio": 0,
            "account_receivable_turnover_ratio": null,
            "reinvestment_rate": 70.23,
            "research_to_sale_ratio": null,
            "price_fair": 13.44,
            "eps_avg_yearly": 0.38,
            "eps_latest_yearly": 0.52,
            "eps_growth_yearly": 315.49
        },
        "20163": {
            "year_quarter": 20163,
            "year": 2016,
            "quarter": 3,
            "eps": -0.01,
            "eps_growth_year": -125,
            "eps_4q": -0.08,
            "eps_4q_growth_year": -136.81,
            "roe": -0.19,
            "roe_4q": -1.5,
            "gross_profit": 1,
            "gross_margin": 50,
            "gross_margin_4q_avg": -28.47,
            "net_income": -1047,
            "revenue": 2,
            "common_shares": 1024115,
            "book_valuer_per_share": 5.33,
            "book_valuer_per_share_4q_avg": 5.35,
            "equity": 545763,
            "current_ratio": 35068.22,
            "debt_ratio": 11.43,
            "inventory_turnover_ratio": 0,
            "account_receivable_turnover_ratio": null,
            "reinvestment_rate": 89.42,
            "research_to_sale_ratio": null,
            "price_fair": 13.65,
            "eps_avg_yearly": 0.39,
            "eps_latest_yearly": 0.52,
            "eps_growth_yearly": 381.87
        },
        "20164": {
            "year_quarter": 20164,
            "year": 2016,
            "quarter": 4,
            "eps": -0.03,
            "eps_growth_year": null,
            "eps_4q": -0.07,
            "eps_4q_growth_year": -164.05,
            "roe": -0.64,
            "roe_4q": -1.29,
            "gross_profit": 0,
            "gross_margin": 0,
            "gross_margin_4q_avg": 11.16,
            "net_income": -3478,
            "revenue": 3,
            "common_shares": 1024115,
            "book_valuer_per_share": 5.3,
            "book_valuer_per_share_4q_avg": 5.33,
            "equity": 542285,
            "current_ratio": 33575.83,
            "debt_ratio": 11.51,
            "inventory_turnover_ratio": 0,
            "account_receivable_turnover_ratio": null,
            "reinvestment_rate": 83.49,
            "research_to_sale_ratio": null,
            "price_fair": 13.65,
            "eps_avg_yearly": 0.39,
            "eps_latest_yearly": 0.52,
            "eps_growth_yearly": 381.87
        },
        "20171": {
            "year_quarter": 20171,
            "year": 2017,
            "quarter": 1,
            "eps": -0.02,
            "eps_growth_year": null,
            "eps_4q": -0.07,
            "eps_4q_growth_year": null,
            "roe": -0.29,
            "roe_4q": -1.3199999999999998,
            "gross_profit": -39,
            "gross_margin": -557.14,
            "gross_margin_4q_avg": -117.41,
            "net_income": -1553,
            "revenue": 7,
            "common_shares": 1024115,
            "book_valuer_per_share": 5.28,
            "book_valuer_per_share_4q_avg": 5.31,
            "equity": 540732,
            "current_ratio": 38398.6,
            "debt_ratio": 11.51,
            "inventory_turnover_ratio": 0,
            "account_receivable_turnover_ratio": null,
            "reinvestment_rate": 95.88,
            "research_to_sale_ratio": null,
            "price_fair": 13.65,
            "eps_avg_yearly": 0.39,
            "eps_latest_yearly": 0.52,
            "eps_growth_yearly": 381.87
        },
        "20172": {
            "year_quarter": 20172,
            "year": 2017,
            "quarter": 2,
            "eps": -0.02,
            "eps_growth_year": null,
            "eps_4q": -0.08,
            "eps_4q_growth_year": null,
            "roe": -0.34,
            "roe_4q": -1.46,
            "gross_profit": 5,
            "gross_margin": 55.56,
            "gross_margin_4q_avg": -112.9,
            "net_income": -1811,
            "revenue": 9,
            "common_shares": 1024115,
            "book_valuer_per_share": 5.26,
            "book_valuer_per_share_4q_avg": 5.29,
            "equity": 538921,
            "current_ratio": 30593.74,
            "debt_ratio": 11.6,
            "inventory_turnover_ratio": 0,
            "account_receivable_turnover_ratio": null,
            "reinvestment_rate": 176.87,
            "research_to_sale_ratio": null,
            "price_fair": 12.13,
            "eps_avg_yearly": 0.35,
            "eps_latest_yearly": 0.52,
            "eps_growth_yearly": 64.71
        },
        "20173": {
            "year_quarter": 20173,
            "year": 2017,
            "quarter": 3,
            "eps": -0.01,
            "eps_growth_year": null,
            "eps_4q": -0.08,
            "eps_4q_growth_year": null,
            "roe": -0.21,
            "roe_4q": -1.48,
            "gross_profit": 7,
            "gross_margin": 30.43,
            "gross_margin_4q_avg": -117.79,
            "net_income": -1132,
            "revenue": 23,
            "common_shares": 1024115,
            "book_valuer_per_share": 5.25,
            "book_valuer_per_share_4q_avg": 5.27,
            "equity": 537789,
            "current_ratio": 32938.57,
            "debt_ratio": 11.6,
            "inventory_turnover_ratio": 0,
            "account_receivable_turnover_ratio": null,
            "reinvestment_rate": 305.24,
            "research_to_sale_ratio": null,
            "price_fair": 14,
            "eps_avg_yearly": 0.4,
            "eps_latest_yearly": 0.52,
            "eps_growth_yearly": 204.76
        },
        "20174": {
            "year_quarter": 20174,
            "year": 2017,
            "quarter": 4,
            "eps": -0.01,
            "eps_growth_year": null,
            "eps_4q": -0.05,
            "eps_4q_growth_year": null,
            "roe": -0.2,
            "roe_4q": -1.04,
            "gross_profit": 2,
            "gross_margin": 50,
            "gross_margin_4q_avg": -105.29,
            "net_income": -1073,
            "revenue": 4,
            "common_shares": 1024115,
            "book_valuer_per_share": 5.24,
            "book_valuer_per_share_4q_avg": 5.26,
            "equity": 536716,
            "current_ratio": 38923.8,
            "debt_ratio": 11.58,
            "inventory_turnover_ratio": 0,
            "account_receivable_turnover_ratio": null,
            "reinvestment_rate": 1504.94,
            "research_to_sale_ratio": null,
            "price_fair": 18.2,
            "eps_avg_yearly": 0.52,
            "eps_latest_yearly": 0.52,
            "eps_growth_yearly": 342.86
        },
        "20181": {
            "year_quarter": 20181,
            "year": 2018,
            "quarter": 1,
            "eps": -0.02,
            "eps_growth_year": null,
            "eps_4q": -0.06,
            "eps_4q_growth_year": null,
            "roe": -0.31,
            "roe_4q": -1.06,
            "gross_profit": -40,
            "gross_margin": -4000,
            "gross_margin_4q_avg": -966,
            "net_income": -1684,
            "revenue": 1,
            "common_shares": 1024115,
            "book_valuer_per_share": 5.22,
            "book_valuer_per_share_4q_avg": 5.24,
            "equity": 535032,
            "current_ratio": 43365.53,
            "debt_ratio": 11.59,
            "inventory_turnover_ratio": 0,
            "account_receivable_turnover_ratio": null,
            "reinvestment_rate": 2645.86,
            "research_to_sale_ratio": null,
            "price_fair": 18.2,
            "eps_avg_yearly": 0.52,
            "eps_latest_yearly": 0.52,
            "eps_growth_yearly": 342.86
        },
        "20182": {
            "year_quarter": 20182,
            "year": 2018,
            "quarter": 2,
            "eps": -0.01,
            "eps_growth_year": null,
            "eps_4q": -0.05,
            "eps_4q_growth_year": null,
            "roe": -0.21,
            "roe_4q": -0.9299999999999999,
            "gross_profit": 0,
            "gross_margin": 0,
            "gross_margin_4q_avg": -979.89,
            "net_income": -1099,
            "revenue": 3,
            "common_shares": 1024115,
            "book_valuer_per_share": 5.21,
            "book_valuer_per_share_4q_avg": 5.23,
            "equity": 533933,
            "current_ratio": 34301.8,
            "debt_ratio": 11.66,
            "inventory_turnover_ratio": 0,
            "account_receivable_turnover_ratio": null,
            "reinvestment_rate": 2291.28,
            "research_to_sale_ratio": null,
            "price_fair": 18.2,
            "eps_avg_yearly": 0.52,
            "eps_latest_yearly": 0.52,
            "eps_growth_yearly": 342.86
        },
        "20183": {
            "year_quarter": 20183,
            "year": 2018,
            "quarter": 3,
            "eps": -0.01,
            "eps_growth_year": null,
            "eps_4q": -0.05,
            "eps_4q_growth_year": null,
            "roe": -0.23,
            "roe_4q": -0.95,
            "gross_profit": 2,
            "gross_margin": 40,
            "gross_margin_4q_avg": -977.5,
            "net_income": -1241,
            "revenue": 5,
            "common_shares": 1024115,
            "book_valuer_per_share": 5.2,
            "book_valuer_per_share_4q_avg": 5.22,
            "equity": 532692,
            "current_ratio": 33338.38,
            "debt_ratio": 11.69,
            "inventory_turnover_ratio": 0,
            "account_receivable_turnover_ratio": null,
            "reinvestment_rate": 2923.23,
            "research_to_sale_ratio": null,
            "price_fair": 18.2,
            "eps_avg_yearly": 0.52,
            "eps_latest_yearly": 0.52,
            "eps_growth_yearly": 342.86
        },
        "20184": {
            "year_quarter": 20184,
            "year": 2018,
            "quarter": 4,
            "eps": -0.08,
            "eps_growth_year": null,
            "eps_4q": -0.12,
            "eps_4q_growth_year": null,
            "roe": -1.49,
            "roe_4q": -2.2399999999999998,
            "gross_profit": 2,
            "gross_margin": 25,
            "gross_margin_4q_avg": -983.75,
            "net_income": -7855,
            "revenue": 8,
            "common_shares": 1024115,
            "book_valuer_per_share": 5.12,
            "book_valuer_per_share_4q_avg": 5.19,
            "equity": 524837,
            "current_ratio": 43344.07,
            "debt_ratio": 11.78,
            "inventory_turnover_ratio": 0,
            "account_receivable_turnover_ratio": null,
            "reinvestment_rate": null,
            "research_to_sale_ratio": null,
            "price_fair": 18.2,
            "eps_avg_yearly": 0.52,
            "eps_latest_yearly": 0.52,
            "eps_growth_yearly": 342.86
        },
        "20191": {
            "year_quarter": 20191,
            "year": 2019,
            "quarter": 1,
            "eps": 0.01,
            "eps_growth_year": null,
            "eps_4q": -0.09,
            "eps_4q_growth_year": null,
            "roe": 0.22,
            "roe_4q": -1.71,
            "gross_profit": -38,
            "gross_margin": -760,
            "gross_margin_4q_avg": -173.75,
            "net_income": 1153,
            "revenue": 5,
            "common_shares": 1024115,
            "book_valuer_per_share": 5.14,
            "book_valuer_per_share_4q_avg": 5.17,
            "equity": 525990,
            "current_ratio": 40256.96,
            "debt_ratio": 11.77,
            "inventory_turnover_ratio": 0,
            "account_receivable_turnover_ratio": null,
            "reinvestment_rate": null,
            "research_to_sale_ratio": null,
            "price_fair": 0,
            "eps_avg_yearly": 0,
            "eps_latest_yearly": 0,
            "eps_growth_yearly": 0
        },
        "20192": {
            "year_quarter": 20192,
            "year": 2019,
            "quarter": 2,
            "eps": -0.01,
            "eps_growth_year": null,
            "eps_4q": -0.09,
            "eps_4q_growth_year": null,
            "roe": -0.21,
            "roe_4q": -1.71,
            "gross_profit": 0,
            "gross_margin": 0,
            "gross_margin_4q_avg": -173.75,
            "net_income": -1114,
            "revenue": 1,
            "common_shares": 1024115,
            "book_valuer_per_share": 5.13,
            "book_valuer_per_share_4q_avg": 5.15,
            "equity": 524876,
            "current_ratio": 30722.9,
            "debt_ratio": 11.86,
            "inventory_turnover_ratio": 0,
            "account_receivable_turnover_ratio": null,
            "reinvestment_rate": null,
            "research_to_sale_ratio": null,
            "price_fair": 0,
            "eps_avg_yearly": 0,
            "eps_latest_yearly": 0,
            "eps_growth_yearly": 0
        },
        "20193": {
            "year_quarter": 20193,
            "year": 2019,
            "quarter": 3,
            "eps": -0.09,
            "eps_growth_year": null,
            "eps_4q": -0.17,
            "eps_4q_growth_year": null,
            "roe": -1.79,
            "roe_4q": -3.27,
            "gross_profit": 2,
            "gross_margin": 50,
            "gross_margin_4q_avg": -171.25,
            "net_income": -9293,
            "revenue": 4,
            "common_shares": 1024115,
            "book_valuer_per_share": 5.03,
            "book_valuer_per_share_4q_avg": 5.11,
            "equity": 515583,
            "current_ratio": 32926.5,
            "debt_ratio": 12.03,
            "inventory_turnover_ratio": 0,
            "account_receivable_turnover_ratio": null,
            "reinvestment_rate": null,
            "research_to_sale_ratio": null,
            "price_fair": 0,
            "eps_avg_yearly": 0,
            "eps_latest_yearly": 0,
            "eps_growth_yearly": 0
        },
        "20194": {
            "year_quarter": 20194,
            "year": 2019,
            "quarter": 4,
            "eps": -0.01,
            "eps_growth_year": null,
            "eps_4q": -0.1,
            "eps_4q_growth_year": null,
            "roe": -0.25,
            "roe_4q": -2.03,
            "gross_profit": 0,
            "gross_margin": 0,
            "gross_margin_4q_avg": -177.5,
            "net_income": -1265,
            "revenue": 1,
            "common_shares": 1024115,
            "book_valuer_per_share": 5.02,
            "book_valuer_per_share_4q_avg": 5.08,
            "equity": 514318,
            "current_ratio": 71149.48,
            "debt_ratio": 11.92,
            "inventory_turnover_ratio": 0,
            "account_receivable_turnover_ratio": null,
            "reinvestment_rate": null,
            "research_to_sale_ratio": null,
            "price_fair": 0,
            "eps_avg_yearly": 0,
            "eps_latest_yearly": 0,
            "eps_growth_yearly": 0
        },
        "20201": {
            "year_quarter": 20201,
            "year": 2020,
            "quarter": 1,
            "eps": 0.46,
            "eps_growth_year": 4500,
            "eps_4q": 0.35,
            "eps_4q_growth_year": null,
            "roe": 8.81,
            "roe_4q": 6.5600000000000005,
            "gross_profit": 53284,
            "gross_margin": 63,
            "gross_margin_4q_avg": 28.25,
            "net_income": 47402,
            "revenue": 84582,
            "common_shares": 1024115,
            "book_valuer_per_share": 5.48,
            "book_valuer_per_share_4q_avg": 5.17,
            "equity": 561720,
            "current_ratio": 29152.01,
            "debt_ratio": 11.2,
            "inventory_turnover_ratio": 0.16,
            "account_receivable_turnover_ratio": null,
            "reinvestment_rate": -30.83,
            "research_to_sale_ratio": null,
            "price_fair": 0,
            "eps_avg_yearly": 0,
            "eps_latest_yearly": 0,
            "eps_growth_yearly": 0
        },
        "20202": {
            "year_quarter": 20202,
            "year": 2020,
            "quarter": 2,
            "eps": 0.05,
            "eps_growth_year": null,
            "eps_4q": 0.41,
            "eps_4q_growth_year": null,
            "roe": 0.85,
            "roe_4q": 7.62,
            "gross_profit": 10209,
            "gross_margin": 73.76,
            "gross_margin_4q_avg": 46.69,
            "net_income": 4800,
            "revenue": 13841,
            "common_shares": 1024115,
            "book_valuer_per_share": 5.53,
            "book_valuer_per_share_4q_avg": 5.27,
            "equity": 566520,
            "current_ratio": 17929.5,
            "debt_ratio": 11.3,
            "inventory_turnover_ratio": 0.01,
            "account_receivable_turnover_ratio": null,
            "reinvestment_rate": -21.77,
            "research_to_sale_ratio": null,
            "price_fair": 0.6,
            "eps_avg_yearly": 0.2,
            "eps_latest_yearly": 0.2,
            "eps_growth_yearly": -356.52
        },
        "20203": {
            "year_quarter": 20203,
            "year": 2020,
            "quarter": 3,
            "eps": -0.03,
            "eps_growth_year": null,
            "eps_4q": 0.47,
            "eps_4q_growth_year": null,
            "roe": -0.47,
            "roe_4q": 8.940000000000001,
            "gross_profit": 1,
            "gross_margin": 16.67,
            "gross_margin_4q_avg": 38.36,
            "net_income": -2662,
            "revenue": 6,
            "common_shares": 1024115,
            "book_valuer_per_share": 5.51,
            "book_valuer_per_share_4q_avg": 5.39,
            "equity": 563858,
            "current_ratio": 302.55,
            "debt_ratio": 39.33,
            "inventory_turnover_ratio": 0,
            "account_receivable_turnover_ratio": null,
            "reinvestment_rate": -23.86,
            "research_to_sale_ratio": null,
            "price_fair": 0.6,
            "eps_avg_yearly": 0.2,
            "eps_latest_yearly": 0.2,
            "eps_growth_yearly": -356.52
        },
        "20204": {
            "year_quarter": 20204,
            "year": 2020,
            "quarter": 4,
            "eps": 201166.67,
            "eps_growth_year": null,
            "eps_4q": -2551055.56,
            "eps_4q_growth_year": null,
            "roe": -0.64,
            "roe_4q": 8.55,
            "gross_profit": 0,
            "gross_margin": 0,
            "gross_margin_4q_avg": 38.36,
            "net_income": -3621,
            "revenue": 3,
            "common_shares": 1024115,
            "book_valuer_per_share": 5.47,
            "book_valuer_per_share_4q_avg": 5.5,
            "equity": 560237,
            "current_ratio": 148.22,
            "debt_ratio": 69.98,
            "inventory_turnover_ratio": 0,
            "account_receivable_turnover_ratio": null,
            "reinvestment_rate": -14.27,
            "research_to_sale_ratio": null,
            "price_fair": 0.6,
            "eps_avg_yearly": 0.2,
            "eps_latest_yearly": 0.2,
            "eps_growth_yearly": -356.52
        },
        "20211": {
            "year_quarter": 20211,
            "year": 2021,
            "quarter": 1,
            "eps": -0.06,
            "eps_growth_year": -113.04,
            "eps_4q": -0.09,
            "eps_4q_growth_year": -125.78,
            "roe": -0.56,
            "roe_4q": -0.8200000000000002,
            "gross_profit": 250,
            "gross_margin": 61.43,
            "gross_margin_4q_avg": 37.97,
            "net_income": -3122,
            "revenue": 407,
            "common_shares": 512058,
            "book_valuer_per_share": 10.88,
            "book_valuer_per_share_4q_avg": 6.85,
            "equity": 557115,
            "current_ratio": 144.04,
            "debt_ratio": 71.76,
            "inventory_turnover_ratio": 0,
            "account_receivable_turnover_ratio": null,
            "reinvestment_rate": -15.65,
            "research_to_sale_ratio": null,
            "price_fair": 0.6,
            "eps_avg_yearly": 0.2,
            "eps_latest_yearly": 0.2,
            "eps_growth_yearly": -356.52
        },
        "20212": {
            "year_quarter": 20212,
            "year": 2021,
            "quarter": 2,
            "eps": -0.07,
            "eps_growth_year": -240,
            "eps_4q": -0.26,
            "eps_4q_growth_year": -162.92,
            "roe": -0.67,
            "roe_4q": -2.34,
            "gross_profit": 6,
            "gross_margin": 28.57,
            "gross_margin_4q_avg": 26.67,
            "net_income": -3697,
            "revenue": 21,
            "common_shares": 512058,
            "book_valuer_per_share": 10.81,
            "book_valuer_per_share_4q_avg": 8.17,
            "equity": 553418,
            "current_ratio": 143.15,
            "debt_ratio": 72.17,
            "inventory_turnover_ratio": 0,
            "account_receivable_turnover_ratio": null,
            "reinvestment_rate": -14.29,
            "research_to_sale_ratio": null,
            "price_fair": 0.6,
            "eps_avg_yearly": 0.2,
            "eps_latest_yearly": 0.2,
            "eps_growth_yearly": -356.52
        },
        "20213": {
            "year_quarter": 20213,
            "year": 2021,
            "quarter": 3,
            "eps": 0.31,
            "eps_growth_year": null,
            "eps_4q": 0.1,
            "eps_4q_growth_year": -77.86,
            "roe": 2.81,
            "roe_4q": 0.9400000000000001,
            "gross_profit": 21,
            "gross_margin": 30.88,
            "gross_margin_4q_avg": 30.22,
            "net_income": 15785,
            "revenue": 68,
            "common_shares": 512058,
            "book_valuer_per_share": 11.12,
            "book_valuer_per_share_4q_avg": 9.57,
            "equity": 569203,
            "current_ratio": 137.82,
            "debt_ratio": 78.94,
            "inventory_turnover_ratio": 0,
            "account_receivable_turnover_ratio": null,
            "reinvestment_rate": -9,
            "research_to_sale_ratio": null,
            "price_fair": 0.6,
            "eps_avg_yearly": 0.2,
            "eps_latest_yearly": 0.2,
            "eps_growth_yearly": -356.52
        },
        "20214": {
            "year_quarter": 20214,
            "year": 2021,
            "quarter": 4,
            "eps": 0.3,
            "eps_growth_year": -100,
            "eps_4q": 0.42,
            "eps_4q_growth_year": null,
            "roe": 2.52,
            "roe_4q": 4.1,
            "gross_profit": 6360,
            "gross_margin": 53.89,
            "gross_margin_4q_avg": 43.69,
            "net_income": 21126,
            "revenue": 11801,
            "common_shares": 712058,
            "book_valuer_per_share": 15.59,
            "book_valuer_per_share_4q_avg": 12.1,
            "equity": 1110385,
            "current_ratio": 165.7,
            "debt_ratio": 78.82,
            "inventory_turnover_ratio": 0,
            "account_receivable_turnover_ratio": null,
            "reinvestment_rate": -4.19,
            "research_to_sale_ratio": null,
            "price_fair": 2.1,
            "eps_avg_yearly": 0.7,
            "eps_latest_yearly": 1.2,
            "eps_growth_yearly": -184.71
        },
        "20221": {
            "year_quarter": 20221,
            "year": 2022,
            "quarter": 1,
            "eps": 0.02,
            "eps_growth_year": null,
            "eps_4q": 0.48,
            "eps_4q_growth_year": null,
            "roe": 0.1,
            "roe_4q": 4.76,
            "gross_profit": -20,
            "gross_margin": -133.33,
            "gross_margin_4q_avg": -5,
            "net_income": 1126,
            "revenue": 15,
            "common_shares": 712058,
            "book_valuer_per_share": 15.61,
            "book_valuer_per_share_4q_avg": 13.28,
            "equity": 1111511,
            "current_ratio": 164.76,
            "debt_ratio": 84.83,
            "inventory_turnover_ratio": 0,
            "account_receivable_turnover_ratio": null,
            "reinvestment_rate": -3.85,
            "research_to_sale_ratio": null,
            "price_fair": 1.48,
            "eps_avg_yearly": 0.49,
            "eps_latest_yearly": 0.08,
            "eps_growth_yearly": -247.59
        },
        "20222": {
            "year_quarter": 20222,
            "year": 2022,
            "quarter": 2,
            "eps": 5.61,
            "eps_growth_year": null,
            "eps_4q": 6.14,
            "eps_4q_growth_year": null,
            "roe": 30.47,
            "roe_4q": 35.900000000000006,
            "gross_profit": 431315,
            "gross_margin": 94.65,
            "gross_margin_4q_avg": 11.52,
            "net_income": 399485,
            "revenue": 455699,
            "common_shares": 712058,
            "book_valuer_per_share": 21.22,
            "book_valuer_per_share_4q_avg": 15.89,
            "equity": 1510996,
            "current_ratio": 188.58,
            "debt_ratio": 80.11,
            "inventory_turnover_ratio": 0.01,
            "account_receivable_turnover_ratio": null,
            "reinvestment_rate": 0.06,
            "research_to_sale_ratio": null,
            "price_fair": 209.3,
            "eps_avg_yearly": 5.98,
            "eps_latest_yearly": 22.44,
            "eps_growth_yearly": 27764.31
        },
        "20223": {
            "year_quarter": 20223,
            "year": 2022,
            "quarter": 3,
            "eps": -0.31,
            "eps_growth_year": -200,
            "eps_4q": 5.61,
            "eps_4q_growth_year": 5277.15,
            "roe": -1.47,
            "roe_4q": 31.62,
            "gross_profit": 1,
            "gross_margin": 100,
            "gross_margin_4q_avg": 28.8,
            "net_income": -22071,
            "revenue": 1,
            "common_shares": 712058,
            "book_valuer_per_share": 20.91,
            "book_valuer_per_share_4q_avg": 18.33,
            "equity": 1488925,
            "current_ratio": 175.37,
            "debt_ratio": 81.15,
            "inventory_turnover_ratio": 0,
            "account_receivable_turnover_ratio": null,
            "reinvestment_rate": -3.94,
            "research_to_sale_ratio": null,
            "price_fair": 209.3,
            "eps_avg_yearly": 5.98,
            "eps_latest_yearly": 22.44,
            "eps_growth_yearly": 27764.31
        },
        "20224": {
            "year_quarter": 20224,
            "year": 2022,
            "quarter": 4,
            "eps": -0.05,
            "eps_growth_year": -118.44,
            "eps_4q": 4.1,
            "eps_4q_growth_year": 869.15,
            "roe": -0.28,
            "roe_4q": 28.82,
            "gross_profit": 16845,
            "gross_margin": 12.07,
            "gross_margin_4q_avg": 18.35,
            "net_income": -4991,
            "revenue": 139550,
            "common_shares": 912058,
            "book_valuer_per_share": 22.08,
            "book_valuer_per_share_4q_avg": 19.96,
            "equity": 2013934,
            "current_ratio": 206.32,
            "debt_ratio": 75.66,
            "inventory_turnover_ratio": 0.04,
            "account_receivable_turnover_ratio": 23.1,
            "reinvestment_rate": -3.36,
            "research_to_sale_ratio": null,
            "price_fair": 209.3,
            "eps_avg_yearly": 5.98,
            "eps_latest_yearly": 22.44,
            "eps_growth_yearly": 27764.31
        },
        "20231": {
            "year_quarter": 20231,
            "year": 2023,
            "quarter": 1,
            "eps": 0.23,
            "eps_growth_year": 1050,
            "eps_4q": 4.31,
            "eps_4q_growth_year": 794.57,
            "roe": 1.04,
            "roe_4q": 29.759999999999998,
            "gross_profit": 49783,
            "gross_margin": 18.29,
            "gross_margin_4q_avg": 56.25,
            "net_income": 21055,
            "revenue": 272237,
            "common_shares": 912058,
            "book_valuer_per_share": 22.31,
            "book_valuer_per_share_4q_avg": 21.63,
            "equity": 2034989,
            "current_ratio": 209.93,
            "debt_ratio": 75.37,
            "inventory_turnover_ratio": 0.07,
            "account_receivable_turnover_ratio": 45.07,
            "reinvestment_rate": -6.98,
            "research_to_sale_ratio": null,
            "price_fair": 209.3,
            "eps_avg_yearly": 5.98,
            "eps_latest_yearly": 22.44,
            "eps_growth_yearly": 27764.31
        }
    },
    "months": {
        "2001-06": {
            "month": "2001-06",
            "price": "2.34",
            "revenue": 30162
        },
        "2001-07": {
            "month": "2001-07",
            "price": "1.77",
            "revenue": 30331
        },
        "2001-08": {
            "month": "2001-08",
            "price": "2.07",
            "revenue": 34998
        },
        "2001-09": {
            "month": "2001-09",
            "price": "2.25",
            "revenue": 30836
        },
        "2001-10": {
            "month": "2001-10",
            "price": "2.68",
            "revenue": 30207
        },
        "2001-11": {
            "month": "2001-11",
            "price": "1.83",
            "revenue": 30213
        },
        "2001-12": {
            "month": "2001-12",
            "price": "0.87",
            "revenue": 20951
        },
        "2002-01": {
            "month": "2002-01",
            "price": "0.90",
            "revenue": 23432
        },
        "2002-02": {
            "month": "2002-02",
            "price": "0.98",
            "revenue": 29627
        },
        "2002-03": {
            "month": "2002-03",
            "price": "1.16",
            "revenue": 175846
        },
        "2002-04": {
            "month": "2002-04",
            "price": "1.55",
            "revenue": 38549
        },
        "2002-05": {
            "month": "2002-05",
            "price": "1.90",
            "revenue": 54979
        },
        "2002-06": {
            "month": "2002-06",
            "price": "1.81",
            "revenue": 57230
        },
        "2002-07": {
            "month": "2002-07",
            "price": "1.60",
            "revenue": 33755
        },
        "2002-08": {
            "month": "2002-08",
            "price": "1.45",
            "revenue": 56286
        },
        "2002-09": {
            "month": "2002-09",
            "price": "1.49",
            "revenue": 40140
        },
        "2002-10": {
            "month": "2002-10",
            "price": "1.23",
            "revenue": 43646
        },
        "2002-11": {
            "month": "2002-11",
            "price": "0.94",
            "revenue": 23579
        },
        "2002-12": {
            "month": "2002-12",
            "price": "1.27",
            "revenue": 32595
        },
        "2003-01": {
            "month": "2003-01",
            "price": "1.06",
            "revenue": 37377
        },
        "2003-02": {
            "month": "2003-02",
            "price": "1.18",
            "revenue": 14860
        },
        "2003-03": {
            "month": "2003-03",
            "price": "1.34",
            "revenue": 51166
        },
        "2003-04": {
            "month": "2003-04",
            "price": "1.48",
            "revenue": 31591
        },
        "2003-05": {
            "month": "2003-05",
            "price": "1.49",
            "revenue": 39395
        },
        "2003-06": {
            "month": "2003-06",
            "price": "1.09",
            "revenue": 58502
        },
        "2003-07": {
            "month": "2003-07",
            "price": "1.06",
            "revenue": 21390
        },
        "2003-08": {
            "month": "2003-08",
            "price": "1.19",
            "revenue": 4687
        },
        "2003-09": {
            "month": "2003-09",
            "price": "1.02",
            "revenue": 10969
        },
        "2003-10": {
            "month": "2003-10",
            "price": "0.98",
            "revenue": 2272
        },
        "2003-11": {
            "month": "2003-11",
            "price": "1.00",
            "revenue": 0
        },
        "2003-12": {
            "month": "2003-12",
            "price": "1.25",
            "revenue": 3784
        },
        "2004-01": {
            "month": "2004-01",
            "price": "1.29",
            "revenue": 3
        },
        "2004-02": {
            "month": "2004-02",
            "price": "2.48",
            "revenue": 817
        },
        "2004-03": {
            "month": "2004-03",
            "price": "3.14",
            "revenue": 2295
        },
        "2004-04": {
            "month": "2004-04",
            "price": "3.56",
            "revenue": 11275
        },
        "2004-05": {
            "month": "2004-05",
            "price": "2.72",
            "revenue": 6204
        },
        "2004-06": {
            "month": "2004-06",
            "price": "2.31",
            "revenue": 16494
        },
        "2004-07": {
            "month": "2004-07",
            "price": "1.78",
            "revenue": 14384
        },
        "2004-08": {
            "month": "2004-08",
            "price": "2.14",
            "revenue": 8836
        },
        "2004-09": {
            "month": "2004-09",
            "price": "2.04",
            "revenue": 26785
        },
        "2004-10": {
            "month": "2004-10",
            "price": "1.84",
            "revenue": 17389
        },
        "2004-11": {
            "month": "2004-11",
            "price": "1.10",
            "revenue": 25402
        },
        "2004-12": {
            "month": "2004-12",
            "price": "1.03",
            "revenue": 15217
        },
        "2005-01": {
            "month": "2005-01",
            "price": "1.14",
            "revenue": 22609
        },
        "2005-02": {
            "month": "2005-02",
            "price": "1.12",
            "revenue": 11257
        },
        "2005-03": {
            "month": "2005-03",
            "price": "1.15",
            "revenue": 18551
        },
        "2005-04": {
            "month": "2005-04",
            "price": "1.66",
            "revenue": 14482
        },
        "2005-05": {
            "month": "2005-05",
            "price": "2.09",
            "revenue": 18116
        },
        "2005-06": {
            "month": "2005-06",
            "price": "1.25",
            "revenue": 9173
        },
        "2005-07": {
            "month": "2005-07",
            "price": "1.62",
            "revenue": 9261
        },
        "2005-08": {
            "month": "2005-08",
            "price": "1.36",
            "revenue": 9812
        },
        "2005-09": {
            "month": "2005-09",
            "price": "1.20",
            "revenue": 6163
        },
        "2005-10": {
            "month": "2005-10",
            "price": "1.85",
            "revenue": 3577
        },
        "2005-11": {
            "month": "2005-11",
            "price": "1.41",
            "revenue": 7837
        },
        "2005-12": {
            "month": "2005-12",
            "price": "1.44",
            "revenue": 4452
        },
        "2006-01": {
            "month": "2006-01",
            "price": "0.89",
            "revenue": 1809
        },
        "2006-02": {
            "month": "2006-02",
            "price": "1.05",
            "revenue": 1809
        },
        "2006-03": {
            "month": "2006-03",
            "price": "1.14",
            "revenue": 5209
        },
        "2006-04": {
            "month": "2006-04",
            "price": "0.62",
            "revenue": 5276
        },
        "2006-05": {
            "month": "2006-05",
            "price": "0.56",
            "revenue": 2877
        },
        "2006-06": {
            "month": "2006-06",
            "price": "0.94",
            "revenue": 3832
        },
        "2006-07": {
            "month": "2006-07",
            "price": "1.55",
            "revenue": 3066
        },
        "2006-08": {
            "month": "2006-08",
            "price": "0.93",
            "revenue": 5331
        },
        "2006-09": {
            "month": "2006-09",
            "price": "0.93",
            "revenue": 3315
        },
        "2006-10": {
            "month": "2006-10",
            "price": "0.88",
            "revenue": 1180
        },
        "2006-11": {
            "month": "2006-11",
            "price": "0.88",
            "revenue": 1635
        },
        "2006-12": {
            "month": "2006-12",
            "price": "1.35",
            "revenue": 2590
        },
        "2007-01": {
            "month": "2007-01",
            "price": "2.35",
            "revenue": 1423
        },
        "2007-02": {
            "month": "2007-02",
            "price": "1.72",
            "revenue": 1662
        },
        "2007-03": {
            "month": "2007-03",
            "price": "1.96",
            "revenue": 1702
        },
        "2007-04": {
            "month": "2007-04",
            "price": "2.08",
            "revenue": 1740
        },
        "2007-05": {
            "month": "2007-05",
            "price": "1.60",
            "revenue": 1820
        },
        "2007-06": {
            "month": "2007-06",
            "price": "1.57",
            "revenue": 1901
        },
        "2007-07": {
            "month": "2007-07",
            "price": "1.98",
            "revenue": 1864
        },
        "2007-08": {
            "month": "2007-08",
            "price": "2.33",
            "revenue": 1865
        },
        "2007-09": {
            "month": "2007-09",
            "price": "2.09",
            "revenue": 2518
        },
        "2007-10": {
            "month": "2007-10",
            "price": "1.79",
            "revenue": 1802
        },
        "2007-11": {
            "month": "2007-11",
            "price": "1.58",
            "revenue": 1812
        },
        "2007-12": {
            "month": "2007-12",
            "price": "1.87",
            "revenue": 1809
        },
        "2008-01": {
            "month": "2008-01",
            "price": "1.76",
            "revenue": 1445
        },
        "2008-02": {
            "month": "2008-02",
            "price": "1.94",
            "revenue": 1628
        },
        "2008-03": {
            "month": "2008-03",
            "price": "1.77",
            "revenue": 1572
        },
        "2008-04": {
            "month": "2008-04",
            "price": "1.69",
            "revenue": 1559
        },
        "2008-05": {
            "month": "2008-05",
            "price": "1.83",
            "revenue": 1362
        },
        "2008-06": {
            "month": "2008-06",
            "price": "2.70",
            "revenue": 1569
        },
        "2008-07": {
            "month": "2008-07",
            "price": "2.21",
            "revenue": 1136
        },
        "2008-08": {
            "month": "2008-08",
            "price": "1.65",
            "revenue": 975
        },
        "2008-09": {
            "month": "2008-09",
            "price": "1.37",
            "revenue": 1391
        },
        "2008-11": {
            "month": "2008-11",
            "price": "1.05",
            "revenue": 702
        },
        "2008-12": {
            "month": "2008-12",
            "price": "0.92",
            "revenue": 1170
        },
        "2009-03": {
            "month": "2009-03",
            "price": "0.78",
            "revenue": 832
        },
        "2009-04": {
            "month": "2009-04",
            "price": "1.11",
            "revenue": 1105
        },
        "2009-05": {
            "month": "2009-05",
            "price": "1.09",
            "revenue": 863
        },
        "2009-06": {
            "month": "2009-06",
            "price": "0.96",
            "revenue": 1168
        },
        "2009-07": {
            "month": "2009-07",
            "price": "0.93",
            "revenue": 888
        },
        "2009-08": {
            "month": "2009-08",
            "price": "0.83",
            "revenue": 1184
        },
        "2009-09": {
            "month": "2009-09",
            "price": "1.10",
            "revenue": 966
        },
        "2009-10": {
            "month": "2009-10",
            "price": "1.18",
            "revenue": 1200
        },
        "2009-11": {
            "month": "2009-11",
            "price": "1.60",
            "revenue": 1045
        },
        "2009-12": {
            "month": "2009-12",
            "price": "1.44",
            "revenue": 13189
        },
        "2010-01": {
            "month": "2010-01",
            "price": "1.98",
            "revenue": 982
        },
        "2010-02": {
            "month": "2010-02",
            "price": "2.33",
            "revenue": 10950
        },
        "2010-03": {
            "month": "2010-03",
            "price": "2.01",
            "revenue": 7636
        },
        "2010-04": {
            "month": "2010-04",
            "price": "1.98",
            "revenue": 7849
        },
        "2010-05": {
            "month": "2010-05",
            "price": "2.02",
            "revenue": 11919
        },
        "2010-06": {
            "month": "2010-06",
            "price": "1.98",
            "revenue": 9543
        },
        "2010-07": {
            "month": "2010-07",
            "price": "1.68",
            "revenue": 11784
        },
        "2010-08": {
            "month": "2010-08",
            "price": "1.73",
            "revenue": 11774
        },
        "2010-09": {
            "month": "2010-09",
            "price": "2.12",
            "revenue": 11842
        },
        "2010-10": {
            "month": "2010-10",
            "price": "2.07",
            "revenue": 6008
        },
        "2010-11": {
            "month": "2010-11",
            "price": "3.10",
            "revenue": 41115
        },
        "2010-12": {
            "month": "2010-12",
            "price": "3.26",
            "revenue": 0
        },
        "2011-01": {
            "month": "2011-01",
            "price": "3.04",
            "revenue": 0
        },
        "2011-02": {
            "month": "2011-02",
            "price": "2.70",
            "revenue": 23371
        },
        "2011-03": {
            "month": "2011-03",
            "price": "2.54",
            "revenue": 0
        },
        "2011-04": {
            "month": "2011-04",
            "price": "2.49",
            "revenue": 9592
        },
        "2011-05": {
            "month": "2011-05",
            "price": "3.77",
            "revenue": 0
        },
        "2011-06": {
            "month": "2011-06",
            "price": "3.45",
            "revenue": 0
        },
        "2011-07": {
            "month": "2011-07",
            "price": "3.01",
            "revenue": 0
        },
        "2011-08": {
            "month": "2011-08",
            "price": "2.63",
            "revenue": 5075
        },
        "2011-09": {
            "month": "2011-09",
            "price": "2.27",
            "revenue": 3613
        },
        "2011-10": {
            "month": "2011-10",
            "price": "2.42",
            "revenue": 2061
        },
        "2011-11": {
            "month": "2011-11",
            "price": "2.19",
            "revenue": 213
        },
        "2011-12": {
            "month": "2011-12",
            "price": "1.91",
            "revenue": 0
        },
        "2012-01": {
            "month": "2012-01",
            "price": "1.79",
            "revenue": 318
        },
        "2012-02": {
            "month": "2012-02",
            "price": "2.04",
            "revenue": 12
        },
        "2012-03": {
            "month": "2012-03",
            "price": "2.35",
            "revenue": 0
        },
        "2012-04": {
            "month": "2012-04",
            "price": "2.24",
            "revenue": 639
        },
        "2012-05": {
            "month": "2012-05",
            "price": "2.10",
            "revenue": 499
        },
        "2012-06": {
            "month": "2012-06",
            "price": "2.11",
            "revenue": 17217
        },
        "2012-07": {
            "month": "2012-07",
            "price": "2.13",
            "revenue": 0
        },
        "2012-08": {
            "month": "2012-08",
            "price": "2.08",
            "revenue": 0
        },
        "2012-09": {
            "month": "2012-09",
            "price": "2.32",
            "revenue": 0
        },
        "2012-10": {
            "month": "2012-10",
            "price": "2.74",
            "revenue": 0
        },
        "2012-11": {
            "month": "2012-11",
            "price": "2.90",
            "revenue": 188
        },
        "2012-12": {
            "month": "2012-12",
            "price": "3.19",
            "revenue": 9344
        },
        "2013-01": {
            "month": "2013-01",
            "price": "3.35",
            "revenue": 8852
        },
        "2013-02": {
            "month": "2013-02",
            "price": "3.86",
            "revenue": 0
        },
        "2013-03": {
            "month": "2013-03",
            "price": "4.01",
            "revenue": 0
        },
        "2013-04": {
            "month": "2013-04",
            "price": "3.74",
            "revenue": 0
        },
        "2013-05": {
            "month": "2013-05",
            "price": "3.85",
            "revenue": 10518
        },
        "2013-06": {
            "month": "2013-06",
            "price": "4.59",
            "revenue": 18726
        },
        "2013-07": {
            "month": "2013-07",
            "price": "5.00",
            "revenue": 11132
        },
        "2013-08": {
            "month": "2013-08",
            "price": "4.94",
            "revenue": 0
        },
        "2013-09": {
            "month": "2013-09",
            "price": "5.72",
            "revenue": 0
        },
        "2013-10": {
            "month": "2013-10",
            "price": "5.49",
            "revenue": 11686
        },
        "2013-11": {
            "month": "2013-11",
            "price": "5.45",
            "revenue": 0
        },
        "2013-12": {
            "month": "2013-12",
            "price": "5.09",
            "revenue": 0
        },
        "2014-01": {
            "month": "2014-01",
            "price": "5.05",
            "revenue": 0
        },
        "2014-02": {
            "month": "2014-02",
            "price": "5.03",
            "revenue": 0
        },
        "2014-03": {
            "month": "2014-03",
            "price": "6.21",
            "revenue": 619
        },
        "2014-04": {
            "month": "2014-04",
            "price": "6.90",
            "revenue": 0
        },
        "2014-05": {
            "month": "2014-05",
            "price": "6.49",
            "revenue": 0
        },
        "2014-06": {
            "month": "2014-06",
            "price": "6.46",
            "revenue": 0
        },
        "2014-07": {
            "month": "2014-07",
            "price": "7.06",
            "revenue": 0
        },
        "2014-08": {
            "month": "2014-08",
            "price": "6.77",
            "revenue": 0
        },
        "2014-09": {
            "month": "2014-09",
            "price": "6.69",
            "revenue": 22
        },
        "2014-10": {
            "month": "2014-10",
            "price": "6.15",
            "revenue": 60
        },
        "2014-11": {
            "month": "2014-11",
            "price": "5.45",
            "revenue": 22
        },
        "2014-12": {
            "month": "2014-12",
            "price": "6.16",
            "revenue": 11696
        },
        "2015-01": {
            "month": "2015-01",
            "price": "6.46",
            "revenue": 4
        },
        "2015-02": {
            "month": "2015-02",
            "price": "6.46",
            "revenue": 11687
        },
        "2015-03": {
            "month": "2015-03",
            "price": "6.40",
            "revenue": 11699
        },
        "2015-04": {
            "month": "2015-04",
            "price": "6.45",
            "revenue": 23
        },
        "2015-05": {
            "month": "2015-05",
            "price": "6.15",
            "revenue": 60
        },
        "2015-06": {
            "month": "2015-06",
            "price": "5.67",
            "revenue": 21
        },
        "2015-07": {
            "month": "2015-07",
            "price": "5.03",
            "revenue": 30
        },
        "2015-08": {
            "month": "2015-08",
            "price": "4.43",
            "revenue": 16
        },
        "2015-09": {
            "month": "2015-09",
            "price": "4.68",
            "revenue": 0
        },
        "2015-10": {
            "month": "2015-10",
            "price": "4.94",
            "revenue": 23
        },
        "2015-11": {
            "month": "2015-11",
            "price": "4.80",
            "revenue": 15
        },
        "2015-12": {
            "month": "2015-12",
            "price": "4.74",
            "revenue": 55
        },
        "2016-01": {
            "month": "2016-01",
            "price": "4.57",
            "revenue": 5
        },
        "2016-02": {
            "month": "2016-02",
            "price": "4.33",
            "revenue": 1
        },
        "2016-03": {
            "month": "2016-03",
            "price": "4.38",
            "revenue": 43
        },
        "2016-04": {
            "month": "2016-04",
            "price": "4.22",
            "revenue": 3
        },
        "2016-05": {
            "month": "2016-05",
            "price": "4.07",
            "revenue": 3
        },
        "2016-06": {
            "month": "2016-06",
            "price": "4.06",
            "revenue": 2
        },
        "2016-07": {
            "month": "2016-07",
            "price": "4.09",
            "revenue": 1
        },
        "2016-08": {
            "month": "2016-08",
            "price": "4.06",
            "revenue": 1
        },
        "2016-09": {
            "month": "2016-09",
            "price": "4.19",
            "revenue": 0
        },
        "2016-10": {
            "month": "2016-10",
            "price": "4.10",
            "revenue": 0
        },
        "2016-11": {
            "month": "2016-11",
            "price": "3.90",
            "revenue": 2
        },
        "2016-12": {
            "month": "2016-12",
            "price": "3.97",
            "revenue": 0
        },
        "2017-01": {
            "month": "2017-01",
            "price": "4.38",
            "revenue": 2
        },
        "2017-02": {
            "month": "2017-02",
            "price": "4.96",
            "revenue": 2
        },
        "2017-03": {
            "month": "2017-03",
            "price": "4.93",
            "revenue": 3
        },
        "2017-04": {
            "month": "2017-04",
            "price": "4.78",
            "revenue": 8
        },
        "2017-05": {
            "month": "2017-05",
            "price": "4.93",
            "revenue": 0
        },
        "2017-06": {
            "month": "2017-06",
            "price": "5.02",
            "revenue": 0
        },
        "2017-07": {
            "month": "2017-07",
            "price": "5.01",
            "revenue": 0
        },
        "2017-08": {
            "month": "2017-08",
            "price": "5.00",
            "revenue": 6
        },
        "2017-09": {
            "month": "2017-09",
            "price": "5.03",
            "revenue": 17
        },
        "2017-10": {
            "month": "2017-10",
            "price": "5.08",
            "revenue": 0
        },
        "2017-11": {
            "month": "2017-11",
            "price": "5.08",
            "revenue": 3
        },
        "2017-12": {
            "month": "2017-12",
            "price": "5.08",
            "revenue": 2
        },
        "2018-01": {
            "month": "2018-01",
            "price": "5.13",
            "revenue": 0
        },
        "2018-02": {
            "month": "2018-02",
            "price": "5.12",
            "revenue": 1
        },
        "2018-03": {
            "month": "2018-03",
            "price": "6.88",
            "revenue": 0
        },
        "2018-04": {
            "month": "2018-04",
            "price": "7.41",
            "revenue": 3
        },
        "2018-05": {
            "month": "2018-05",
            "price": "6.91",
            "revenue": 0
        },
        "2018-06": {
            "month": "2018-06",
            "price": "7.18",
            "revenue": 0
        },
        "2018-07": {
            "month": "2018-07",
            "price": "7.77",
            "revenue": 1
        },
        "2018-08": {
            "month": "2018-08",
            "price": "7.68",
            "revenue": 4
        },
        "2018-09": {
            "month": "2018-09",
            "price": "7.61",
            "revenue": 0
        },
        "2018-10": {
            "month": "2018-10",
            "price": "7.25",
            "revenue": 2
        },
        "2018-11": {
            "month": "2018-11",
            "price": "7.34",
            "revenue": 1
        },
        "2018-12": {
            "month": "2018-12",
            "price": "7.59",
            "revenue": 4
        },
        "2019-01": {
            "month": "2019-01",
            "price": "7.55",
            "revenue": 2
        },
        "2019-02": {
            "month": "2019-02",
            "price": "8.10",
            "revenue": 1
        },
        "2019-03": {
            "month": "2019-03",
            "price": "10.70",
            "revenue": 2
        },
        "2019-04": {
            "month": "2019-04",
            "price": "10.35",
            "revenue": 1
        },
        "2019-05": {
            "month": "2019-05",
            "price": "9.84",
            "revenue": 0
        },
        "2019-06": {
            "month": "2019-06",
            "price": "10.20",
            "revenue": 0
        },
        "2019-07": {
            "month": "2019-07",
            "price": "12.29",
            "revenue": 2
        },
        "2019-08": {
            "month": "2019-08",
            "price": "12.73",
            "revenue": 2
        },
        "2019-09": {
            "month": "2019-09",
            "price": "12.99",
            "revenue": 0
        },
        "2019-10": {
            "month": "2019-10",
            "price": "12.67",
            "revenue": 0
        },
        "2019-11": {
            "month": "2019-11",
            "price": "13.01",
            "revenue": 0
        },
        "2019-12": {
            "month": "2019-12",
            "price": "13.20",
            "revenue": 1
        },
        "2020-01": {
            "month": "2020-01",
            "price": "13.10",
            "revenue": 2
        },
        "2020-02": {
            "month": "2020-02",
            "price": "12.50",
            "revenue": 0
        },
        "2020-03": {
            "month": "2020-03",
            "price": "11.01",
            "revenue": 84580
        },
        "2020-04": {
            "month": "2020-04",
            "price": "10.96",
            "revenue": 0
        },
        "2020-05": {
            "month": "2020-05",
            "price": "11.97",
            "revenue": 7
        },
        "2020-06": {
            "month": "2020-06",
            "price": "12.28",
            "revenue": 13833
        },
        "2020-07": {
            "month": "2020-07",
            "price": "12.87",
            "revenue": 0
        },
        "2020-08": {
            "month": "2020-08",
            "price": "12.84",
            "revenue": 4
        },
        "2020-09": {
            "month": "2020-09",
            "price": "13.83",
            "revenue": 2
        },
        "2020-10": {
            "month": "2020-10",
            "price": "13.24",
            "revenue": 1
        },
        "2020-11": {
            "month": "2020-11",
            "price": "12.49",
            "revenue": 0
        },
        "2020-12": {
            "month": "2020-12",
            "price": "12.27",
            "revenue": 1
        },
        "2021-01": {
            "month": "2021-01",
            "price": "11.91",
            "revenue": 0
        },
        "2021-02": {
            "month": "2021-02",
            "price": "11.55",
            "revenue": 38
        },
        "2021-03": {
            "month": "2021-03",
            "price": "14.92",
            "revenue": 369
        },
        "2021-04": {
            "month": "2021-04",
            "price": "34.70",
            "revenue": 14
        },
        "2021-05": {
            "month": "2021-05",
            "price": "29.74",
            "revenue": 1
        },
        "2021-06": {
            "month": "2021-06",
            "price": "30.64",
            "revenue": 6
        },
        "2021-07": {
            "month": "2021-07",
            "price": "30.20",
            "revenue": 14
        },
        "2021-08": {
            "month": "2021-08",
            "price": "29.55",
            "revenue": 39
        },
        "2021-09": {
            "month": "2021-09",
            "price": "30.96",
            "revenue": 16
        },
        "2021-10": {
            "month": "2021-10",
            "price": "32.22",
            "revenue": 19
        },
        "2021-11": {
            "month": "2021-11",
            "price": "33.51",
            "revenue": 11774
        },
        "2021-12": {
            "month": "2021-12",
            "price": "30.39",
            "revenue": 7
        },
        "2022-01": {
            "month": "2022-01",
            "price": "29.95",
            "revenue": 12
        },
        "2022-02": {
            "month": "2022-02",
            "price": "30.53",
            "revenue": 0
        },
        "2022-03": {
            "month": "2022-03",
            "price": "30.45",
            "revenue": 3
        },
        "2022-04": {
            "month": "2022-04",
            "price": "31.86",
            "revenue": 0
        },
        "2022-05": {
            "month": "2022-05",
            "price": "32.37",
            "revenue": 4
        },
        "2022-06": {
            "month": "2022-06",
            "price": "31.63",
            "revenue": 455695
        },
        "2022-07": {
            "month": "2022-07",
            "price": "32.17",
            "revenue": 0
        },
        "2022-08": {
            "month": "2022-08",
            "price": "32.86",
            "revenue": 0
        },
        "2022-09": {
            "month": "2022-09",
            "price": "32.25",
            "revenue": 1
        },
        "2022-10": {
            "month": "2022-10",
            "price": "30.16",
            "revenue": 196
        },
        "2022-11": {
            "month": "2022-11",
            "price": "29.08",
            "revenue": 14801
        },
        "2022-12": {
            "month": "2022-12",
            "price": "31.50",
            "revenue": 124552
        },
        "2023-01": {
            "month": "2023-01",
            "price": "31.78",
            "revenue": 105506
        },
        "2023-02": {
            "month": "2023-02",
            "price": "32.11",
            "revenue": 150176
        },
        "2023-03": {
            "month": "2023-03",
            "price": "33.69",
            "revenue": 16555
        },
        "2023-04": {
            "month": "2023-04",
            "price": "31.80",
            "revenue": 0
        },
        "2023-05": {
            "month": "2023-05",
            "price": "30.95",
            "revenue": 0
        }
    }
}
