{
    "summary": {
        "stock_name": "雋揚",
        "stock_id": "1439",
        "category": "建材營造",
        "main_business": "委託營造廠商興建商業大樓、國民住宅及廠辦等不動產之出租及出售<br>建築材料之買賣製造代理<br>工業廠房開發租售業",
        "website_url": "https://www.ascentglobal.com.tw/",
        "ceo": "劉先雯",
        "pe_ratio": 13,
        "report_year_from": 2001,
        "report_year_to": 2023,
        "age": 23,
        "eps_negative_percentage": 30,
        "eps_growth_avg": {
            "last_all": -7.68,
            "last_2y": 33.3,
            "last_4y": -11.14,
            "last_8y": -5.57,
            "last_12y": -22.93,
            "last_16y": 4.28,
            "last_20y": -2.95,
            "at_2006_last_3y": -29.43,
            "at_2007_last_3y": -48.15,
            "at_2008_last_3y": 0,
            "at_2009_last_3y": 65.22,
            "at_2010_last_3y": 76.81,
            "at_2011_last_3y": 32.61,
            "at_2012_last_3y": 10.14,
            "at_2013_last_3y": 0,
            "at_2014_last_3y": -75,
            "at_2015_last_3y": -25,
            "at_2016_last_3y": 16.67,
            "at_2017_last_3y": -12.5,
            "at_2018_last_3y": 0,
            "at_2019_last_3y": 0,
            "at_2020_last_3y": -100,
            "at_2021_last_3y": -100,
            "at_2022_last_3y": -62.86,
            "at_2023_last_3y": -11.14,
            "at_2024_last_3y": -11.14,
            "at_2006_last_all": -40.56,
            "at_2007_last_all": -40.56,
            "at_2008_last_all": -12.45,
            "at_2009_last_all": -5.3,
            "at_2010_last_all": 9.74,
            "at_2011_last_all": -3.98,
            "at_2012_last_all": -3.98,
            "at_2013_last_all": -3.98,
            "at_2014_last_all": -9.09,
            "at_2015_last_all": -8.18,
            "at_2016_last_all": 1.65,
            "at_2017_last_all": -6.82,
            "at_2018_last_all": -6.82,
            "at_2019_last_all": -6.82,
            "at_2020_last_all": -13.99,
            "at_2021_last_all": -13.99,
            "at_2022_last_all": -14.82,
            "at_2023_last_all": -7.68,
            "at_2024_last_all": -7.68
        },
        "latest_eps": 2,
        "latest_price": 25.2,
        "latest_roe": 6.58,
        "latest_gross_margin": 9.95,
        "latest_equity": 3114778,
        "latest_revenue": 51750,
        "latest_gross_profit": 5151,
        "latest_net_income": 54681,
        "latest_debt_ratio": 41.31,
        "latest_current_ratio": 177.99,
        "latest_account_receivable_turnover_ratio": 1.21,
        "latest_inventory_turnover_ratio": 0.02,
        "latest_reinvestment_rate": 485.35,
        "latest_research_to_sale_ratio": null
    },
    "eps_dividends": {
        "1990": {
            "cash": 0,
            "stock": 0.3,
            "eps": 0
        },
        "1992": {
            "cash": 0,
            "stock": 1,
            "eps": 0
        },
        "1993": {
            "cash": 0,
            "stock": 2.5,
            "eps": 0
        },
        "1994": {
            "cash": 0,
            "stock": 1.2,
            "eps": 0
        },
        "1995": {
            "cash": 0.2,
            "stock": 1,
            "eps": 0
        },
        "2001": {
            "cash": 0.3,
            "stock": 0.3,
            "eps": 0.96
        },
        "2002": {
            "cash": 0.6,
            "stock": 0.6,
            "eps": 0.25
        },
        "2003": {
            "cash": 0.3,
            "stock": 0.3,
            "eps": 0.27
        },
        "2004": {
            "cash": 0.2,
            "stock": 0,
            "eps": 0.28
        },
        "2005": {
            "cash": 0.2,
            "stock": 0,
            "eps": -0.01
        },
        "2006": {
            "cash": 0,
            "stock": 0,
            "eps": -0.75
        },
        "2007": {
            "cash": 0,
            "stock": 0,
            "eps": 0.1
        },
        "2008": {
            "cash": 0,
            "stock": 0,
            "eps": 0.23
        },
        "2009": {
            "cash": 0,
            "stock": 0,
            "eps": 0.3
        },
        "2010": {
            "cash": 0,
            "stock": 0,
            "eps": 21.69
        },
        "2011": {
            "cash": 10.5,
            "stock": 0,
            "eps": -0.87
        },
        "2012": {
            "cash": 0,
            "stock": 0,
            "eps": -0.09
        },
        "2013": {
            "cash": 0.5,
            "stock": 0,
            "eps": 0.02
        },
        "2014": {
            "cash": 0.5,
            "stock": 0,
            "eps": 0.01
        },
        "2015": {
            "cash": 0.5,
            "stock": 0,
            "eps": 0.01
        },
        "2016": {
            "cash": 0.5,
            "stock": 0,
            "eps": 0.28
        },
        "2017": {
            "cash": 0.5,
            "stock": 0,
            "eps": -0.08
        },
        "2018": {
            "cash": 0,
            "stock": 0,
            "eps": -0.75
        },
        "2019": {
            "cash": 0,
            "stock": 0,
            "eps": 10.46
        },
        "2020": {
            "cash": 5,
            "stock": 0,
            "eps": -2.65
        },
        "2021": {
            "cash": 0,
            "stock": 0,
            "eps": 1.4
        },
        "2022": {
            "cash": 0.2,
            "stock": 0,
            "eps": 1.04
        },
        "2023": {
            "cash": 0.3,
            "stock": 0,
            "eps": 2
        },
        "2024": {
            "cash": 0.3,
            "stock": 0,
            "eps": 0
        }
    },
    "dividends": {
        "1990-04-23": {
            "cash": 0,
            "stock": 0.3
        },
        "1992-06-01": {
            "cash": 0,
            "stock": 1
        },
        "1993-04-15": {
            "cash": 0,
            "stock": 2.5
        },
        "1994-04-22": {
            "cash": 0,
            "stock": 1.2
        },
        "1995-04-21": {
            "cash": 0.2,
            "stock": 1
        },
        "2001-05-08": {
            "cash": 0.3,
            "stock": 0.3
        },
        "2002-05-22": {
            "cash": 0.6,
            "stock": 0.6
        },
        "2003-02-17": {
            "cash": 0.3,
            "stock": 0.3
        },
        "2004-03-22": {
            "cash": 0.2,
            "stock": 0
        },
        "2005-04-18": {
            "cash": 0.2,
            "stock": 0
        },
        "2011-01-01": {
            "cash": 0.5,
            "stock": 0
        },
        "2011-04-29": {
            "cash": 10,
            "stock": 0
        },
        "2013-03-26": {
            "cash": 0.5,
            "stock": 0
        },
        "2014-06-11": {
            "cash": 0.5,
            "stock": 0
        },
        "2015-08-12": {
            "cash": 0.5,
            "stock": 0
        },
        "2016-08-11": {
            "cash": 0.5,
            "stock": 0
        },
        "2017-07-27": {
            "cash": 0.5,
            "stock": 0
        },
        "2020-09-23": {
            "cash": 5,
            "stock": 0
        },
        "2022-07-29": {
            "cash": 0.2,
            "stock": 0
        },
        "2023-07-17": {
            "cash": 0.3,
            "stock": 0
        },
        "2024-03-13": {
            "cash": 0.3,
            "stock": 0
        }
    },
    "prices": {
        "200101": "9.70",
        "200102": "11.00",
        "200103": "10.91",
        "200104": "10.53",
        "200105": "11.04",
        "200106": "11.12",
        "200107": "9.38",
        "200108": "11.22",
        "200109": "12.04",
        "200110": "12.38",
        "200111": "12.10",
        "200112": "13.39",
        "200201": "14.18",
        "200202": "12.50",
        "200203": "12.37",
        "200204": "12.55",
        "200205": "10.48",
        "200206": "10.51",
        "200207": "9.88",
        "200208": "9.30",
        "200209": "9.34",
        "200210": "8.59",
        "200211": "9.69",
        "200212": "9.54",
        "200301": "10.33",
        "200302": "8.89",
        "200303": "8.37",
        "200304": "8.12",
        "200305": "7.49",
        "200306": "8.72",
        "200307": "9.15",
        "200308": "8.67",
        "200309": "8.86",
        "200310": "9.17",
        "200311": "9.29",
        "200312": "9.55",
        "200401": "9.87",
        "200402": "13.76",
        "200403": "12.20",
        "200404": "10.90",
        "200405": "9.50",
        "200406": "9.36",
        "200407": "9.01",
        "200408": "9.03",
        "200409": "10.10",
        "200410": "10.78",
        "200411": "10.17",
        "200412": "10.10",
        "200501": "11.12",
        "200502": "9.99",
        "200503": "9.72",
        "200504": "9.05",
        "200505": "9.05",
        "200506": "9.96",
        "200507": "10.06",
        "200508": "9.69",
        "200509": "9.35",
        "200510": "8.49",
        "200511": "8.44",
        "200512": "8.71",
        "200601": "8.85",
        "200602": "8.44",
        "200603": "8.07",
        "200604": "8.71",
        "200605": "12.25",
        "200606": "11.01",
        "200607": "10.85",
        "200608": "10.46",
        "200609": "10.10",
        "200610": "10.67",
        "200611": "11.63",
        "200612": "13.09",
        "200701": "12.10",
        "200702": "11.74",
        "200703": "11.86",
        "200704": "13.13",
        "200705": "12.52",
        "200706": "12.78",
        "200707": "15.98",
        "200708": "14.06",
        "200709": "14.28",
        "200710": "14.42",
        "200711": "12.85",
        "200712": "12.06",
        "200801": "12.64",
        "200802": "13.88",
        "200803": "16.40",
        "200804": "16.79",
        "200805": "15.85",
        "200806": "14.01",
        "200807": "12.17",
        "200808": "12.18",
        "200809": "11.30",
        "200810": "10.92",
        "200811": "11.03",
        "200812": "10.74",
        "200901": "10.60",
        "200902": "10.28",
        "200903": "10.50",
        "200904": "12.10",
        "200905": "14.24",
        "200906": "14.53",
        "200907": "15.35",
        "200908": "14.78",
        "200909": "15.83",
        "200910": "22.66",
        "200911": "26.22",
        "200912": "25.91",
        "201001": "38.20",
        "201002": "40.18",
        "201003": "40.79",
        "201004": "41.07",
        "201005": "35.16",
        "201006": "34.15",
        "201007": "38.89",
        "201008": "49.48",
        "201009": "43.08",
        "201010": "41.35",
        "201011": "41.31",
        "201012": "41.22",
        "201101": "38.82",
        "201102": "35.42",
        "201103": "35.27",
        "201104": "39.67",
        "201105": "48.61",
        "201106": "48.95",
        "201107": "41.38",
        "201108": "26.35",
        "201109": "20.82",
        "201110": "21.62",
        "201111": "20.62",
        "201112": "19.30",
        "201201": "19.70",
        "201202": "21.86",
        "201203": "21.90",
        "201204": "17.93",
        "201205": "15.74",
        "201206": "15.03",
        "201207": "15.72",
        "201208": "15.46",
        "201209": "16.45",
        "201210": "15.26",
        "201211": "14.26",
        "201212": "14.70",
        "201301": "14.57",
        "201302": "14.55",
        "201303": "14.87",
        "201304": "14.00",
        "201305": "15.54",
        "201306": "15.66",
        "201307": "14.93",
        "201308": "14.50",
        "201309": "15.11",
        "201310": "15.53",
        "201311": "15.26",
        "201312": "15.25",
        "201401": "15.22",
        "201402": "14.84",
        "201403": "14.76",
        "201404": "14.60",
        "201405": "14.27",
        "201406": "14.54",
        "201407": "14.27",
        "201408": "14.14",
        "201409": "13.94",
        "201410": "13.62",
        "201411": "13.54",
        "201412": "14.14",
        "201501": "14.58",
        "201502": "14.75",
        "201503": "15.90",
        "201504": "16.55",
        "201505": "15.29",
        "201506": "14.41",
        "201507": "13.64",
        "201508": "12.41",
        "201509": "12.50",
        "201510": "13.08",
        "201511": "12.66",
        "201512": "13.50",
        "201601": "13.53",
        "201602": "13.29",
        "201603": "13.44",
        "201604": "13.93",
        "201605": "13.15",
        "201606": "13.04",
        "201607": "13.74",
        "201608": "14.98",
        "201609": "17.20",
        "201610": "18.15",
        "201611": "16.12",
        "201612": "16.18",
        "201701": "16.17",
        "201702": "24.14",
        "201703": "23.78",
        "201704": "19.84",
        "201705": "19.87",
        "201706": "21.86",
        "201707": "22.70",
        "201708": "21.44",
        "201709": "20.33",
        "201710": "20.12",
        "201711": "19.64",
        "201712": "20.07",
        "201801": "20.60",
        "201802": "22.14",
        "201803": "25.32",
        "201804": "40.16",
        "201805": "44.97",
        "201806": "41.20",
        "201807": "33.93",
        "201808": "28.74",
        "201809": "27.26",
        "201810": "31.59",
        "201811": "33.13",
        "201812": "33.96",
        "201901": "33.01",
        "201902": "32.15",
        "201903": "29.64",
        "201904": "31.33",
        "201905": "31.62",
        "201906": "31.46",
        "201907": "31.15",
        "201908": "28.71",
        "201909": "29.48",
        "201910": "28.54",
        "201911": "28.68",
        "201912": "31.64",
        "202001": "31.83",
        "202002": "32.82",
        "202003": "30.71",
        "202004": "34.33",
        "202005": "35.52",
        "202006": "36.82",
        "202007": "38.59",
        "202008": "38.57",
        "202009": "28.85",
        "202010": "27.33",
        "202011": "27.67",
        "202012": "28.09",
        "202101": "26.92",
        "202102": "25.92",
        "202103": "25.92",
        "202104": "25.38",
        "202105": "24.14",
        "202106": "24.70",
        "202107": "23.94",
        "202108": "22.63",
        "202109": "22.47",
        "202110": "22.28",
        "202111": "22.88",
        "202112": "23.67",
        "202201": "23.07",
        "202202": "22.02",
        "202203": "22.70",
        "202204": "23.40",
        "202205": "21.67",
        "202206": "20.11",
        "202207": "19.23",
        "202208": "19.79",
        "202209": "19.72",
        "202210": "20.10",
        "202211": "21.81",
        "202212": "21.40",
        "202301": "21.57",
        "202302": "22.49",
        "202303": "23.57",
        "202304": "22.21",
        "202305": "22.49",
        "202306": "22.54",
        "202307": "22.48",
        "202308": "22.57",
        "202309": "22.97",
        "202310": "22.77",
        "202311": "22.81",
        "202312": "23.70",
        "202401": "24.41",
        "202402": "24.98",
        "202403": "24.81"
    },
    "quarters": {
        "20011": {
            "year_quarter": 20011,
            "year": 2001,
            "quarter": 1,
            "eps": 0.37,
            "eps_growth_year": 516.67,
            "eps_4q": 0.69,
            "eps_4q_growth_year": 1126.02,
            "roe": 2.97,
            "roe_4q": 2.97,
            "gross_profit": 38255,
            "gross_margin": 11.27,
            "gross_margin_4q_avg": 11.27,
            "net_income": 39953,
            "net_income_4q": null,
            "revenue": 339385,
            "revenue_4q": null,
            "common_shares": 1085400,
            "book_valuer_per_share": 12.57,
            "book_valuer_per_share_4q_avg": 12.57,
            "equity": 1364549,
            "current_ratio": 205.03,
            "debt_ratio": 41.68,
            "inventory_turnover_ratio": 1.14,
            "account_receivable_turnover_ratio": null,
            "reinvestment_rate": null,
            "research_to_sale_ratio": null,
            "price_fair": 0,
            "eps_avg_yearly": 0,
            "eps_latest_yearly": 0,
            "eps_growth_yearly": 0
        },
        "20012": {
            "year_quarter": 20012,
            "year": 2001,
            "quarter": 2,
            "eps": 0.27,
            "eps_growth_year": 237.5,
            "eps_4q": 0.87,
            "eps_4q_growth_year": null,
            "roe": 2.16,
            "roe_4q": 5.130000000000001,
            "gross_profit": 42867,
            "gross_margin": 12.39,
            "gross_margin_4q_avg": 11.83,
            "net_income": 29470,
            "net_income_4q": null,
            "revenue": 346001,
            "revenue_4q": null,
            "common_shares": 1085400,
            "book_valuer_per_share": 12.52,
            "book_valuer_per_share_4q_avg": 12.55,
            "equity": 1358626,
            "current_ratio": 283.77,
            "debt_ratio": 37.97,
            "inventory_turnover_ratio": 1.14,
            "account_receivable_turnover_ratio": null,
            "reinvestment_rate": null,
            "research_to_sale_ratio": null,
            "price_fair": 0,
            "eps_avg_yearly": 0,
            "eps_latest_yearly": 0,
            "eps_growth_yearly": 0
        },
        "20013": {
            "year_quarter": 20013,
            "year": 2001,
            "quarter": 3,
            "eps": 0.32,
            "eps_growth_year": 113.33,
            "eps_4q": 1.05,
            "eps_4q_growth_year": 718.37,
            "roe": 2.54,
            "roe_4q": 7.67,
            "gross_profit": 35229,
            "gross_margin": 13.03,
            "gross_margin_4q_avg": 12.23,
            "net_income": 34937,
            "net_income_4q": null,
            "revenue": 270280,
            "revenue_4q": null,
            "common_shares": 1085400,
            "book_valuer_per_share": 12.84,
            "book_valuer_per_share_4q_avg": 12.64,
            "equity": 1393563,
            "current_ratio": 402.09,
            "debt_ratio": 35.59,
            "inventory_turnover_ratio": 0.9,
            "account_receivable_turnover_ratio": null,
            "reinvestment_rate": null,
            "research_to_sale_ratio": null,
            "price_fair": 0,
            "eps_avg_yearly": 0,
            "eps_latest_yearly": 0,
            "eps_growth_yearly": 0
        },
        "20014": {
            "year_quarter": 20014,
            "year": 2001,
            "quarter": 4,
            "eps": 0,
            "eps_growth_year": -100,
            "eps_4q": 0.96,
            "eps_4q_growth_year": 159.17,
            "roe": -0.01,
            "roe_4q": 7.66,
            "gross_profit": 2902,
            "gross_margin": 1.3,
            "gross_margin_4q_avg": 9.5,
            "net_income": -144,
            "net_income_4q": null,
            "revenue": 224013,
            "revenue_4q": null,
            "common_shares": 1085400,
            "book_valuer_per_share": 12.85,
            "book_valuer_per_share_4q_avg": 12.7,
            "equity": 1395184,
            "current_ratio": 279.82,
            "debt_ratio": 38.32,
            "inventory_turnover_ratio": 0.77,
            "account_receivable_turnover_ratio": null,
            "reinvestment_rate": null,
            "research_to_sale_ratio": null,
            "price_fair": 0,
            "eps_avg_yearly": 0,
            "eps_latest_yearly": 0,
            "eps_growth_yearly": 0
        },
        "20021": {
            "year_quarter": 20021,
            "year": 2002,
            "quarter": 1,
            "eps": 0.13,
            "eps_growth_year": -64.86,
            "eps_4q": 0.72,
            "eps_4q_growth_year": 5.16,
            "roe": 1.01,
            "roe_4q": 5.7,
            "gross_profit": 9290,
            "gross_margin": 2.76,
            "gross_margin_4q_avg": 7.37,
            "net_income": 14129,
            "net_income_4q": null,
            "revenue": 336132,
            "revenue_4q": null,
            "common_shares": 1085400,
            "book_valuer_per_share": 12.98,
            "book_valuer_per_share_4q_avg": 12.8,
            "equity": 1409313,
            "current_ratio": 236.52,
            "debt_ratio": 40.58,
            "inventory_turnover_ratio": 1.04,
            "account_receivable_turnover_ratio": null,
            "reinvestment_rate": null,
            "research_to_sale_ratio": null,
            "price_fair": 0,
            "eps_avg_yearly": 0,
            "eps_latest_yearly": 0,
            "eps_growth_yearly": 0
        },
        "20022": {
            "year_quarter": 20022,
            "year": 2002,
            "quarter": 2,
            "eps": -0.04,
            "eps_growth_year": -114.81,
            "eps_4q": 0.42,
            "eps_4q_growth_year": -52.44,
            "roe": -0.28,
            "roe_4q": 3.26,
            "gross_profit": -2255,
            "gross_margin": -0.61,
            "gross_margin_4q_avg": 4.12,
            "net_income": -3833,
            "net_income_4q": null,
            "revenue": 372055,
            "revenue_4q": null,
            "common_shares": 1085400,
            "book_valuer_per_share": 12.3,
            "book_valuer_per_share_4q_avg": 12.74,
            "equity": 1334693,
            "current_ratio": 175.96,
            "debt_ratio": 46.08,
            "inventory_turnover_ratio": 1.2,
            "account_receivable_turnover_ratio": null,
            "reinvestment_rate": null,
            "research_to_sale_ratio": null,
            "price_fair": 0,
            "eps_avg_yearly": 0,
            "eps_latest_yearly": 0,
            "eps_growth_yearly": 0
        },
        "20023": {
            "year_quarter": 20023,
            "year": 2002,
            "quarter": 3,
            "eps": -0.08,
            "eps_growth_year": -125,
            "eps_4q": 0.01,
            "eps_4q_growth_year": -98.82,
            "roe": -0.66,
            "roe_4q": 0.05999999999999995,
            "gross_profit": -8774,
            "gross_margin": -2.97,
            "gross_margin_4q_avg": 0.12,
            "net_income": -8806,
            "net_income_4q": null,
            "revenue": 295872,
            "revenue_4q": null,
            "common_shares": 1085400,
            "book_valuer_per_share": 12.22,
            "book_valuer_per_share_4q_avg": 12.59,
            "equity": 1325887,
            "current_ratio": 206.38,
            "debt_ratio": 43,
            "inventory_turnover_ratio": 0.97,
            "account_receivable_turnover_ratio": null,
            "reinvestment_rate": null,
            "research_to_sale_ratio": null,
            "price_fair": 0,
            "eps_avg_yearly": 0,
            "eps_latest_yearly": 0,
            "eps_growth_yearly": 0
        },
        "20024": {
            "year_quarter": 20024,
            "year": 2002,
            "quarter": 4,
            "eps": 0.24,
            "eps_growth_year": null,
            "eps_4q": 0.25,
            "eps_4q_growth_year": -73.58,
            "roe": 1.96,
            "roe_4q": 2.03,
            "gross_profit": 27823,
            "gross_margin": 8.57,
            "gross_margin_4q_avg": 1.94,
            "net_income": 26183,
            "net_income_4q": null,
            "revenue": 324516,
            "revenue_4q": null,
            "common_shares": 1085400,
            "book_valuer_per_share": 12.4,
            "book_valuer_per_share_4q_avg": 12.48,
            "equity": 1346312,
            "current_ratio": 253.18,
            "debt_ratio": 40.52,
            "inventory_turnover_ratio": 0.83,
            "account_receivable_turnover_ratio": null,
            "reinvestment_rate": -98.67,
            "research_to_sale_ratio": null,
            "price_fair": 0,
            "eps_avg_yearly": 0,
            "eps_latest_yearly": 0,
            "eps_growth_yearly": 0
        },
        "20031": {
            "year_quarter": 20031,
            "year": 2003,
            "quarter": 1,
            "eps": 0.23,
            "eps_growth_year": 76.92,
            "eps_4q": 0.36,
            "eps_4q_growth_year": -50.53,
            "roe": 1.81,
            "roe_4q": 2.83,
            "gross_profit": 33136,
            "gross_margin": 9.75,
            "gross_margin_4q_avg": 3.69,
            "net_income": 24565,
            "net_income_4q": null,
            "revenue": 339756,
            "revenue_4q": null,
            "common_shares": 1085400,
            "book_valuer_per_share": 12.63,
            "book_valuer_per_share_4q_avg": 12.39,
            "equity": 1370877,
            "current_ratio": 219.59,
            "debt_ratio": 42.66,
            "inventory_turnover_ratio": 0.75,
            "account_receivable_turnover_ratio": null,
            "reinvestment_rate": -110.31,
            "research_to_sale_ratio": null,
            "price_fair": 2.76,
            "eps_avg_yearly": 0.92,
            "eps_latest_yearly": 0.92,
            "eps_growth_yearly": -16.67
        },
        "20032": {
            "year_quarter": 20032,
            "year": 2003,
            "quarter": 2,
            "eps": 0.01,
            "eps_growth_year": null,
            "eps_4q": 0.4,
            "eps_4q_growth_year": -4.49,
            "roe": 0.08,
            "roe_4q": 3.19,
            "gross_profit": 8285,
            "gross_margin": 2.76,
            "gross_margin_4q_avg": 4.53,
            "net_income": 1124,
            "net_income_4q": null,
            "revenue": 300506,
            "revenue_4q": null,
            "common_shares": 1085400,
            "book_valuer_per_share": 12.01,
            "book_valuer_per_share_4q_avg": 12.32,
            "equity": 1303510,
            "current_ratio": 247.22,
            "debt_ratio": 40.55,
            "inventory_turnover_ratio": 0.84,
            "account_receivable_turnover_ratio": null,
            "reinvestment_rate": -123.38,
            "research_to_sale_ratio": null,
            "price_fair": 1.44,
            "eps_avg_yearly": 0.48,
            "eps_latest_yearly": 0.04,
            "eps_growth_yearly": -199.64
        },
        "20033": {
            "year_quarter": 20033,
            "year": 2003,
            "quarter": 3,
            "eps": -0.02,
            "eps_growth_year": null,
            "eps_4q": 0.49,
            "eps_4q_growth_year": 3826.32,
            "roe": -0.15,
            "roe_4q": 3.7,
            "gross_profit": 32879,
            "gross_margin": 12.19,
            "gross_margin_4q_avg": 8.32,
            "net_income": -1945,
            "net_income_4q": null,
            "revenue": 269662,
            "revenue_4q": null,
            "common_shares": 1025400,
            "book_valuer_per_share": 12.43,
            "book_valuer_per_share_4q_avg": 12.37,
            "equity": 1274205,
            "current_ratio": 281.62,
            "debt_ratio": 39.22,
            "inventory_turnover_ratio": 1.02,
            "account_receivable_turnover_ratio": null,
            "reinvestment_rate": -115.92,
            "research_to_sale_ratio": null,
            "price_fair": 1.44,
            "eps_avg_yearly": 0.48,
            "eps_latest_yearly": 0.04,
            "eps_growth_yearly": -199.64
        },
        "20034": {
            "year_quarter": 20034,
            "year": 2003,
            "quarter": 4,
            "eps": 0.05,
            "eps_growth_year": -79.17,
            "eps_4q": 0.28,
            "eps_4q_growth_year": 10.91,
            "roe": 0.41,
            "roe_4q": 2.15,
            "gross_profit": 13492,
            "gross_margin": 4.82,
            "gross_margin_4q_avg": 7.38,
            "net_income": 5132,
            "net_income_4q": null,
            "revenue": 279767,
            "revenue_4q": null,
            "common_shares": 1025400,
            "book_valuer_per_share": 11.94,
            "book_valuer_per_share_4q_avg": 12.25,
            "equity": 1224158,
            "current_ratio": 235.05,
            "debt_ratio": 41.64,
            "inventory_turnover_ratio": 1.47,
            "account_receivable_turnover_ratio": null,
            "reinvestment_rate": -99.13,
            "research_to_sale_ratio": null,
            "price_fair": 1.44,
            "eps_avg_yearly": 0.48,
            "eps_latest_yearly": 0.04,
            "eps_growth_yearly": -199.64
        },
        "20041": {
            "year_quarter": 20041,
            "year": 2004,
            "quarter": 1,
            "eps": 0.11,
            "eps_growth_year": -52.17,
            "eps_4q": 0.15,
            "eps_4q_growth_year": -57.08,
            "roe": 0.89,
            "roe_4q": 1.2300000000000002,
            "gross_profit": 21477,
            "gross_margin": 7.21,
            "gross_margin_4q_avg": 6.75,
            "net_income": 10987,
            "net_income_4q": null,
            "revenue": 297750,
            "revenue_4q": null,
            "common_shares": 970000,
            "book_valuer_per_share": 12.71,
            "book_valuer_per_share_4q_avg": 12.27,
            "equity": 1233106,
            "current_ratio": 224.77,
            "debt_ratio": 42.39,
            "inventory_turnover_ratio": 1.5,
            "account_receivable_turnover_ratio": null,
            "reinvestment_rate": -93.09,
            "research_to_sale_ratio": null,
            "price_fair": 16.33,
            "eps_avg_yearly": 0.47,
            "eps_latest_yearly": 0.44,
            "eps_growth_yearly": 26.91
        },
        "20042": {
            "year_quarter": 20042,
            "year": 2004,
            "quarter": 2,
            "eps": 0,
            "eps_growth_year": -100,
            "eps_4q": 0.14,
            "eps_4q_growth_year": -63.91,
            "roe": -0.02,
            "roe_4q": 1.1300000000000001,
            "gross_profit": 17102,
            "gross_margin": 6.12,
            "gross_margin_4q_avg": 7.59,
            "net_income": -284,
            "net_income_4q": null,
            "revenue": 279430,
            "revenue_4q": null,
            "common_shares": 970000,
            "book_valuer_per_share": 12.47,
            "book_valuer_per_share_4q_avg": 12.39,
            "equity": 1209538,
            "current_ratio": 193.74,
            "debt_ratio": 44.87,
            "inventory_turnover_ratio": 1.38,
            "account_receivable_turnover_ratio": null,
            "reinvestment_rate": -97.98,
            "research_to_sale_ratio": null,
            "price_fair": 16.33,
            "eps_avg_yearly": 0.47,
            "eps_latest_yearly": 0.44,
            "eps_growth_yearly": 26.91
        },
        "20043": {
            "year_quarter": 20043,
            "year": 2004,
            "quarter": 3,
            "eps": -0.02,
            "eps_growth_year": null,
            "eps_4q": 0.15,
            "eps_4q_growth_year": -70,
            "roe": -0.14,
            "roe_4q": 1.14,
            "gross_profit": 7222,
            "gross_margin": 2.78,
            "gross_margin_4q_avg": 5.23,
            "net_income": -1668,
            "net_income_4q": null,
            "revenue": 260193,
            "revenue_4q": null,
            "common_shares": 970000,
            "book_valuer_per_share": 12.33,
            "book_valuer_per_share_4q_avg": 12.36,
            "equity": 1195554,
            "current_ratio": 187.55,
            "debt_ratio": 45.72,
            "inventory_turnover_ratio": 1.35,
            "account_receivable_turnover_ratio": null,
            "reinvestment_rate": -104.92,
            "research_to_sale_ratio": null,
            "price_fair": 16.33,
            "eps_avg_yearly": 0.47,
            "eps_latest_yearly": 0.44,
            "eps_growth_yearly": 26.91
        },
        "20044": {
            "year_quarter": 20044,
            "year": 2004,
            "quarter": 4,
            "eps": 0.19,
            "eps_growth_year": 280,
            "eps_4q": 0.28,
            "eps_4q_growth_year": 0.47,
            "roe": 1.56,
            "roe_4q": 2.29,
            "gross_profit": 11632,
            "gross_margin": 5.23,
            "gross_margin_4q_avg": 5.34,
            "net_income": 18526,
            "net_income_4q": null,
            "revenue": 222439,
            "revenue_4q": null,
            "common_shares": 940000,
            "book_valuer_per_share": 12.59,
            "book_valuer_per_share_4q_avg": 12.53,
            "equity": 1183435,
            "current_ratio": 189.38,
            "debt_ratio": 45.93,
            "inventory_turnover_ratio": 1.08,
            "account_receivable_turnover_ratio": null,
            "reinvestment_rate": -96.86,
            "research_to_sale_ratio": null,
            "price_fair": 16.33,
            "eps_avg_yearly": 0.47,
            "eps_latest_yearly": 0.44,
            "eps_growth_yearly": 26.91
        },
        "20051": {
            "year_quarter": 20051,
            "year": 2005,
            "quarter": 1,
            "eps": 0.02,
            "eps_growth_year": -81.82,
            "eps_4q": 0.16,
            "eps_4q_growth_year": 4.34,
            "roe": 0.18,
            "roe_4q": 1.58,
            "gross_profit": 13442,
            "gross_margin": 4.72,
            "gross_margin_4q_avg": 4.71,
            "net_income": 2371,
            "net_income_4q": null,
            "revenue": 284904,
            "revenue_4q": null,
            "common_shares": 940000,
            "book_valuer_per_share": 14.88,
            "book_valuer_per_share_4q_avg": 13.07,
            "equity": 1398942,
            "current_ratio": 230.3,
            "debt_ratio": 32.68,
            "inventory_turnover_ratio": 1.45,
            "account_receivable_turnover_ratio": null,
            "reinvestment_rate": -117.98,
            "research_to_sale_ratio": null,
            "price_fair": 1.11,
            "eps_avg_yearly": 0.37,
            "eps_latest_yearly": 0.08,
            "eps_growth_yearly": -69.29
        },
        "20052": {
            "year_quarter": 20052,
            "year": 2005,
            "quarter": 2,
            "eps": -0.07,
            "eps_growth_year": null,
            "eps_4q": 0.14,
            "eps_4q_growth_year": -3.55,
            "roe": -0.45,
            "roe_4q": 1.15,
            "gross_profit": 10361,
            "gross_margin": 3.99,
            "gross_margin_4q_avg": 4.18,
            "net_income": -6246,
            "net_income_4q": null,
            "revenue": 259900,
            "revenue_4q": null,
            "common_shares": 940000,
            "book_valuer_per_share": 14.57,
            "book_valuer_per_share_4q_avg": 13.59,
            "equity": 1369808,
            "current_ratio": 193.56,
            "debt_ratio": 35.85,
            "inventory_turnover_ratio": 1.4,
            "account_receivable_turnover_ratio": null,
            "reinvestment_rate": -156.47,
            "research_to_sale_ratio": null,
            "price_fair": 1.11,
            "eps_avg_yearly": 0.37,
            "eps_latest_yearly": 0.08,
            "eps_growth_yearly": -69.29
        },
        "20053": {
            "year_quarter": 20053,
            "year": 2005,
            "quarter": 3,
            "eps": -0.06,
            "eps_growth_year": null,
            "eps_4q": 0.09,
            "eps_4q_growth_year": -35.89,
            "roe": -0.44,
            "roe_4q": 0.8500000000000001,
            "gross_profit": -2912,
            "gross_margin": -1.21,
            "gross_margin_4q_avg": 3.18,
            "net_income": -6036,
            "net_income_4q": null,
            "revenue": 241595,
            "revenue_4q": null,
            "common_shares": 920000,
            "book_valuer_per_share": 14.67,
            "book_valuer_per_share_4q_avg": 14.18,
            "equity": 1349993,
            "current_ratio": 217.19,
            "debt_ratio": 33.56,
            "inventory_turnover_ratio": 1.45,
            "account_receivable_turnover_ratio": null,
            "reinvestment_rate": -241.89,
            "research_to_sale_ratio": null,
            "price_fair": 1.11,
            "eps_avg_yearly": 0.37,
            "eps_latest_yearly": 0.08,
            "eps_growth_yearly": -69.29
        },
        "20054": {
            "year_quarter": 20054,
            "year": 2005,
            "quarter": 4,
            "eps": 0.1,
            "eps_growth_year": -47.37,
            "eps_4q": -0.01,
            "eps_4q_growth_year": -103.93,
            "roe": 0.66,
            "roe_4q": -0.04999999999999999,
            "gross_profit": 17298,
            "gross_margin": 8.01,
            "gross_margin_4q_avg": 3.88,
            "net_income": 8921,
            "net_income_4q": null,
            "revenue": 215862,
            "revenue_4q": null,
            "common_shares": 920000,
            "book_valuer_per_share": 14.67,
            "book_valuer_per_share_4q_avg": 14.7,
            "equity": 1349206,
            "current_ratio": 220.32,
            "debt_ratio": 33.26,
            "inventory_turnover_ratio": 1.21,
            "account_receivable_turnover_ratio": null,
            "reinvestment_rate": -200.23,
            "research_to_sale_ratio": null,
            "price_fair": 1.11,
            "eps_avg_yearly": 0.37,
            "eps_latest_yearly": 0.08,
            "eps_growth_yearly": -69.29
        },
        "20061": {
            "year_quarter": 20061,
            "year": 2006,
            "quarter": 1,
            "eps": 0.06,
            "eps_growth_year": 200,
            "eps_4q": 0.03,
            "eps_4q_growth_year": -84.17,
            "roe": 0.43,
            "roe_4q": 0.20000000000000012,
            "gross_profit": 2044,
            "gross_margin": 1.1,
            "gross_margin_4q_avg": 2.97,
            "net_income": 5812,
            "net_income_4q": null,
            "revenue": 185233,
            "revenue_4q": null,
            "common_shares": 920000,
            "book_valuer_per_share": 14.76,
            "book_valuer_per_share_4q_avg": 14.67,
            "equity": 1357512,
            "current_ratio": 219,
            "debt_ratio": 33.55,
            "inventory_turnover_ratio": 1.14,
            "account_receivable_turnover_ratio": null,
            "reinvestment_rate": -229.16,
            "research_to_sale_ratio": null,
            "price_fair": 1.03,
            "eps_avg_yearly": 0.34,
            "eps_latest_yearly": 0.24,
            "eps_growth_yearly": -87.43
        },
        "20062": {
            "year_quarter": 20062,
            "year": 2006,
            "quarter": 2,
            "eps": -1.14,
            "eps_growth_year": null,
            "eps_4q": -1.05,
            "eps_4q_growth_year": -858.3,
            "roe": -7.96,
            "roe_4q": -7.3100000000000005,
            "gross_profit": 4008,
            "gross_margin": 2.06,
            "gross_margin_4q_avg": 2.49,
            "net_income": -105053,
            "net_income_4q": null,
            "revenue": 194834,
            "revenue_4q": null,
            "common_shares": 920000,
            "book_valuer_per_share": 13.93,
            "book_valuer_per_share_4q_avg": 14.51,
            "equity": 1281486,
            "current_ratio": 182.18,
            "debt_ratio": 31.84,
            "inventory_turnover_ratio": 1.78,
            "account_receivable_turnover_ratio": null,
            "reinvestment_rate": null,
            "research_to_sale_ratio": null,
            "price_fair": 1.03,
            "eps_avg_yearly": 0.34,
            "eps_latest_yearly": 0.24,
            "eps_growth_yearly": -87.43
        },
        "20063": {
            "year_quarter": 20063,
            "year": 2006,
            "quarter": 3,
            "eps": 0.14,
            "eps_growth_year": null,
            "eps_4q": -0.85,
            "eps_4q_growth_year": -1006.03,
            "roe": 0.99,
            "roe_4q": -5.88,
            "gross_profit": 13403,
            "gross_margin": 8.19,
            "gross_margin_4q_avg": 4.84,
            "net_income": 12793,
            "net_income_4q": null,
            "revenue": 163719,
            "revenue_4q": null,
            "common_shares": 920000,
            "book_valuer_per_share": 14.07,
            "book_valuer_per_share_4q_avg": 14.36,
            "equity": 1294279,
            "current_ratio": 498.95,
            "debt_ratio": 23.65,
            "inventory_turnover_ratio": 2.66,
            "account_receivable_turnover_ratio": null,
            "reinvestment_rate": null,
            "research_to_sale_ratio": null,
            "price_fair": 1.03,
            "eps_avg_yearly": 0.34,
            "eps_latest_yearly": 0.24,
            "eps_growth_yearly": -87.43
        },
        "20064": {
            "year_quarter": 20064,
            "year": 2006,
            "quarter": 4,
            "eps": 0.19,
            "eps_growth_year": 90,
            "eps_4q": -0.77,
            "eps_4q_growth_year": null,
            "roe": 1.31,
            "roe_4q": -5.23,
            "gross_profit": 10411,
            "gross_margin": 8.03,
            "gross_margin_4q_avg": 4.85,
            "net_income": 17113,
            "net_income_4q": null,
            "revenue": 129605,
            "revenue_4q": null,
            "common_shares": 920000,
            "book_valuer_per_share": 14.25,
            "book_valuer_per_share_4q_avg": 14.25,
            "equity": 1311392,
            "current_ratio": 1282.27,
            "debt_ratio": 21.72,
            "inventory_turnover_ratio": 3.56,
            "account_receivable_turnover_ratio": null,
            "reinvestment_rate": null,
            "research_to_sale_ratio": null,
            "price_fair": 1.24,
            "eps_avg_yearly": 0.41,
            "eps_latest_yearly": 0.76,
            "eps_growth_yearly": -49.05
        },
        "20071": {
            "year_quarter": 20071,
            "year": 2007,
            "quarter": 1,
            "eps": -0.07,
            "eps_growth_year": -216.67,
            "eps_4q": -0.85,
            "eps_4q_growth_year": -3448.79,
            "roe": -0.52,
            "roe_4q": -6.18,
            "gross_profit": 13461,
            "gross_margin": 12.14,
            "gross_margin_4q_avg": 7.61,
            "net_income": -6767,
            "net_income_4q": null,
            "revenue": 110844,
            "revenue_4q": null,
            "common_shares": 920000,
            "book_valuer_per_share": 14.18,
            "book_valuer_per_share_4q_avg": 14.11,
            "equity": 1304625,
            "current_ratio": 1916.65,
            "debt_ratio": 21.3,
            "inventory_turnover_ratio": 5.54,
            "account_receivable_turnover_ratio": null,
            "reinvestment_rate": null,
            "research_to_sale_ratio": null,
            "price_fair": 0.94,
            "eps_avg_yearly": 0.31,
            "eps_latest_yearly": 0.76,
            "eps_growth_yearly": -55.53
        },
        "20072": {
            "year_quarter": 20072,
            "year": 2007,
            "quarter": 2,
            "eps": 0.11,
            "eps_growth_year": null,
            "eps_4q": 0.37,
            "eps_4q_growth_year": null,
            "roe": 0.75,
            "roe_4q": 2.5300000000000002,
            "gross_profit": 12627,
            "gross_margin": 8.62,
            "gross_margin_4q_avg": 9.25,
            "net_income": 9814,
            "net_income_4q": null,
            "revenue": 146518,
            "revenue_4q": null,
            "common_shares": 920000,
            "book_valuer_per_share": 14.29,
            "book_valuer_per_share_4q_avg": 14.2,
            "equity": 1314439,
            "current_ratio": 2548.87,
            "debt_ratio": 21,
            "inventory_turnover_ratio": 8.98,
            "account_receivable_turnover_ratio": null,
            "reinvestment_rate": null,
            "research_to_sale_ratio": null,
            "price_fair": 13.3,
            "eps_avg_yearly": 0.38,
            "eps_latest_yearly": 0.76,
            "eps_growth_yearly": 26.24
        },
        "20073": {
            "year_quarter": 20073,
            "year": 2007,
            "quarter": 3,
            "eps": 0.06,
            "eps_growth_year": -57.14,
            "eps_4q": 0.27,
            "eps_4q_growth_year": null,
            "roe": 0.44,
            "roe_4q": 1.98,
            "gross_profit": 11091,
            "gross_margin": 12.24,
            "gross_margin_4q_avg": 10.26,
            "net_income": 5815,
            "net_income_4q": null,
            "revenue": 90638,
            "revenue_4q": null,
            "common_shares": 920000,
            "book_valuer_per_share": 14.35,
            "book_valuer_per_share_4q_avg": 14.27,
            "equity": 1320255,
            "current_ratio": 3906.36,
            "debt_ratio": 20.72,
            "inventory_turnover_ratio": 5.66,
            "account_receivable_turnover_ratio": null,
            "reinvestment_rate": null,
            "research_to_sale_ratio": null,
            "price_fair": 1.06,
            "eps_avg_yearly": 0.35,
            "eps_latest_yearly": 0.24,
            "eps_growth_yearly": -15.37
        },
        "20074": {
            "year_quarter": 20074,
            "year": 2007,
            "quarter": 4,
            "eps": 0,
            "eps_growth_year": -100,
            "eps_4q": 0.1,
            "eps_4q_growth_year": null,
            "roe": 0.01,
            "roe_4q": 0.6799999999999999,
            "gross_profit": 10712,
            "gross_margin": 9.24,
            "gross_margin_4q_avg": 10.56,
            "net_income": 155,
            "net_income_4q": null,
            "revenue": 115957,
            "revenue_4q": null,
            "common_shares": 920000,
            "book_valuer_per_share": 14.35,
            "book_valuer_per_share_4q_avg": 14.29,
            "equity": 1320409,
            "current_ratio": 3030.67,
            "debt_ratio": 20.89,
            "inventory_turnover_ratio": 12.88,
            "account_receivable_turnover_ratio": null,
            "reinvestment_rate": null,
            "research_to_sale_ratio": null,
            "price_fair": 1.06,
            "eps_avg_yearly": 0.35,
            "eps_latest_yearly": 0.24,
            "eps_growth_yearly": -15.37
        },
        "20081": {
            "year_quarter": 20081,
            "year": 2008,
            "quarter": 1,
            "eps": 0.07,
            "eps_growth_year": null,
            "eps_4q": 0.25,
            "eps_4q_growth_year": null,
            "roe": 0.47,
            "roe_4q": 1.67,
            "gross_profit": 10807,
            "gross_margin": 9.84,
            "gross_margin_4q_avg": 9.99,
            "net_income": 6235,
            "net_income_4q": null,
            "revenue": 109854,
            "revenue_4q": null,
            "common_shares": 920000,
            "book_valuer_per_share": 14.42,
            "book_valuer_per_share_4q_avg": 14.35,
            "equity": 1326645,
            "current_ratio": 4563.47,
            "debt_ratio": 20.6,
            "inventory_turnover_ratio": 38.98,
            "account_receivable_turnover_ratio": null,
            "reinvestment_rate": null,
            "research_to_sale_ratio": null,
            "price_fair": 0.99,
            "eps_avg_yearly": 0.33,
            "eps_latest_yearly": 0.24,
            "eps_growth_yearly": -139.21
        },
        "20082": {
            "year_quarter": 20082,
            "year": 2008,
            "quarter": 2,
            "eps": 0.08,
            "eps_growth_year": -27.27,
            "eps_4q": 0.21,
            "eps_4q_growth_year": -43.33,
            "roe": 0.57,
            "roe_4q": 1.49,
            "gross_profit": 10881,
            "gross_margin": 9.6,
            "gross_margin_4q_avg": 10.23,
            "net_income": 7550,
            "net_income_4q": null,
            "revenue": 113303,
            "revenue_4q": null,
            "common_shares": 920000,
            "book_valuer_per_share": 14.5,
            "book_valuer_per_share_4q_avg": 14.41,
            "equity": 1334194,
            "current_ratio": 4272.71,
            "debt_ratio": 20.54,
            "inventory_turnover_ratio": 11.98,
            "account_receivable_turnover_ratio": null,
            "reinvestment_rate": null,
            "research_to_sale_ratio": null,
            "price_fair": 0.98,
            "eps_avg_yearly": 0.33,
            "eps_latest_yearly": 0.32,
            "eps_growth_yearly": -99.94
        },
        "20083": {
            "year_quarter": 20083,
            "year": 2008,
            "quarter": 3,
            "eps": 0.05,
            "eps_growth_year": -16.67,
            "eps_4q": 0.19,
            "eps_4q_growth_year": -29.31,
            "roe": 0.37,
            "roe_4q": 1.42,
            "gross_profit": 11219,
            "gross_margin": 10.67,
            "gross_margin_4q_avg": 9.84,
            "net_income": 4998,
            "net_income_4q": null,
            "revenue": 105139,
            "revenue_4q": null,
            "common_shares": 920000,
            "book_valuer_per_share": 14.56,
            "book_valuer_per_share_4q_avg": 14.46,
            "equity": 1339193,
            "current_ratio": 3756.18,
            "debt_ratio": 20.6,
            "inventory_turnover_ratio": 6.8,
            "account_receivable_turnover_ratio": null,
            "reinvestment_rate": null,
            "research_to_sale_ratio": null,
            "price_fair": 0.92,
            "eps_avg_yearly": 0.31,
            "eps_latest_yearly": 0.2,
            "eps_growth_yearly": -108.29
        },
        "20084": {
            "year_quarter": 20084,
            "year": 2008,
            "quarter": 4,
            "eps": 0.03,
            "eps_growth_year": null,
            "eps_4q": 0.27,
            "eps_4q_growth_year": 168.56,
            "roe": 0.18,
            "roe_4q": 1.59,
            "gross_profit": 7613,
            "gross_margin": 12.71,
            "gross_margin_4q_avg": 10.71,
            "net_income": 2362,
            "net_income_4q": null,
            "revenue": 59889,
            "revenue_4q": null,
            "common_shares": 920000,
            "book_valuer_per_share": 14.43,
            "book_valuer_per_share_4q_avg": 14.48,
            "equity": 1327629,
            "current_ratio": 4533.38,
            "debt_ratio": 20.64,
            "inventory_turnover_ratio": 4.69,
            "account_receivable_turnover_ratio": 14.47,
            "reinvestment_rate": null,
            "research_to_sale_ratio": null,
            "price_fair": 0.84,
            "eps_avg_yearly": 0.28,
            "eps_latest_yearly": 0.12,
            "eps_growth_yearly": -115.67
        },
        "20091": {
            "year_quarter": 20091,
            "year": 2009,
            "quarter": 1,
            "eps": 0.09,
            "eps_growth_year": 28.57,
            "eps_4q": 0.24,
            "eps_4q_growth_year": -1.02,
            "roe": 0.65,
            "roe_4q": 1.77,
            "gross_profit": 7739,
            "gross_margin": 14.35,
            "gross_margin_4q_avg": 11.83,
            "net_income": 8675,
            "net_income_4q": null,
            "revenue": 53939,
            "revenue_4q": null,
            "common_shares": 920000,
            "book_valuer_per_share": 14.53,
            "book_valuer_per_share_4q_avg": 14.51,
            "equity": 1336305,
            "current_ratio": 3917.33,
            "debt_ratio": 20.42,
            "inventory_turnover_ratio": 4.23,
            "account_receivable_turnover_ratio": 4.85,
            "reinvestment_rate": null,
            "research_to_sale_ratio": null,
            "price_fair": 11.2,
            "eps_avg_yearly": 0.32,
            "eps_latest_yearly": 0.36,
            "eps_growth_yearly": 49.74
        },
        "20092": {
            "year_quarter": 20092,
            "year": 2009,
            "quarter": 2,
            "eps": 0.09,
            "eps_growth_year": 12.5,
            "eps_4q": 0.26,
            "eps_4q_growth_year": 26.49,
            "roe": 0.62,
            "roe_4q": 1.8199999999999998,
            "gross_profit": 4864,
            "gross_margin": 6.73,
            "gross_margin_4q_avg": 11.12,
            "net_income": 8257,
            "net_income_4q": null,
            "revenue": 72269,
            "revenue_4q": null,
            "common_shares": 920000,
            "book_valuer_per_share": 14.61,
            "book_valuer_per_share_4q_avg": 14.53,
            "equity": 1344561,
            "current_ratio": 4486.67,
            "debt_ratio": 20.27,
            "inventory_turnover_ratio": 8.22,
            "account_receivable_turnover_ratio": 4.89,
            "reinvestment_rate": null,
            "research_to_sale_ratio": null,
            "price_fair": 11.38,
            "eps_avg_yearly": 0.33,
            "eps_latest_yearly": 0.36,
            "eps_growth_yearly": 43.52
        },
        "20093": {
            "year_quarter": 20093,
            "year": 2009,
            "quarter": 3,
            "eps": 0.1,
            "eps_growth_year": 100,
            "eps_4q": 0.31,
            "eps_4q_growth_year": 66.16,
            "roe": 0.67,
            "roe_4q": 2.12,
            "gross_profit": 6875,
            "gross_margin": 8.51,
            "gross_margin_4q_avg": 10.58,
            "net_income": 8982,
            "net_income_4q": null,
            "revenue": 80793,
            "revenue_4q": null,
            "common_shares": 920000,
            "book_valuer_per_share": 14.71,
            "book_valuer_per_share_4q_avg": 14.57,
            "equity": 1353543,
            "current_ratio": 4228.49,
            "debt_ratio": 20.2,
            "inventory_turnover_ratio": 9.31,
            "account_receivable_turnover_ratio": 4.97,
            "reinvestment_rate": null,
            "research_to_sale_ratio": null,
            "price_fair": 11.67,
            "eps_avg_yearly": 0.33,
            "eps_latest_yearly": 0.4,
            "eps_growth_yearly": 43.63
        },
        "20094": {
            "year_quarter": 20094,
            "year": 2009,
            "quarter": 4,
            "eps": 0.02,
            "eps_growth_year": -33.33,
            "eps_4q": 0.3,
            "eps_4q_growth_year": 10.96,
            "roe": 0.11,
            "roe_4q": 2.05,
            "gross_profit": 5033,
            "gross_margin": 5.26,
            "gross_margin_4q_avg": 8.71,
            "net_income": 1501,
            "net_income_4q": null,
            "revenue": 95662,
            "revenue_4q": null,
            "common_shares": 920000,
            "book_valuer_per_share": 14.73,
            "book_valuer_per_share_4q_avg": 14.65,
            "equity": 1355044,
            "current_ratio": 555.59,
            "debt_ratio": 20.4,
            "inventory_turnover_ratio": 7.54,
            "account_receivable_turnover_ratio": 13.19,
            "reinvestment_rate": null,
            "research_to_sale_ratio": null,
            "price_fair": 5.32,
            "eps_avg_yearly": 0.31,
            "eps_latest_yearly": 0.08,
            "eps_growth_yearly": 7.26
        },
        "20101": {
            "year_quarter": 20101,
            "year": 2010,
            "quarter": 1,
            "eps": -0.03,
            "eps_growth_year": -133.33,
            "eps_4q": 0.17,
            "eps_4q_growth_year": -30.96,
            "roe": -0.24,
            "roe_4q": 1.1600000000000001,
            "gross_profit": 1280,
            "gross_margin": 0.94,
            "gross_margin_4q_avg": 5.36,
            "net_income": -3198,
            "net_income_4q": null,
            "revenue": 135647,
            "revenue_4q": null,
            "common_shares": 920000,
            "book_valuer_per_share": 14.69,
            "book_valuer_per_share_4q_avg": 14.69,
            "equity": 1351846,
            "current_ratio": 142.23,
            "debt_ratio": 61.54,
            "inventory_turnover_ratio": 13,
            "account_receivable_turnover_ratio": 11.99,
            "reinvestment_rate": null,
            "research_to_sale_ratio": null,
            "price_fair": 11.04,
            "eps_avg_yearly": 0.32,
            "eps_latest_yearly": 0.08,
            "eps_growth_yearly": 25.85
        },
        "20102": {
            "year_quarter": 20102,
            "year": 2010,
            "quarter": 2,
            "eps": 21.89,
            "eps_growth_year": 24226.92,
            "eps_4q": 21.97,
            "eps_4q_growth_year": 8198.77,
            "roe": 88.71,
            "roe_4q": 89.25,
            "gross_profit": 2656,
            "gross_margin": 2.17,
            "gross_margin_4q_avg": 4.22,
            "net_income": 2014269,
            "net_income_4q": null,
            "revenue": 122228,
            "revenue_4q": null,
            "common_shares": 920000,
            "book_valuer_per_share": 34.67,
            "book_valuer_per_share_4q_avg": 19.7,
            "equity": 3189552,
            "current_ratio": 12687.15,
            "debt_ratio": 5.06,
            "inventory_turnover_ratio": 17.87,
            "account_receivable_turnover_ratio": 16.57,
            "reinvestment_rate": 1.88,
            "research_to_sale_ratio": null,
            "price_fair": 11.04,
            "eps_avg_yearly": 0.32,
            "eps_latest_yearly": 0.08,
            "eps_growth_yearly": 25.85
        },
        "20103": {
            "year_quarter": 20103,
            "year": 2010,
            "quarter": 3,
            "eps": 0.02,
            "eps_growth_year": -83.72,
            "eps_4q": 21.89,
            "eps_4q_growth_year": 6854.12,
            "roe": 0.05,
            "roe_4q": 88.63,
            "gross_profit": 4084,
            "gross_margin": 3.47,
            "gross_margin_4q_avg": 2.96,
            "net_income": 1498,
            "net_income_4q": null,
            "revenue": 117818,
            "revenue_4q": null,
            "common_shares": 920000,
            "book_valuer_per_share": 34.69,
            "book_valuer_per_share_4q_avg": 24.7,
            "equity": 3191049,
            "current_ratio": 11984.79,
            "debt_ratio": 5.09,
            "inventory_turnover_ratio": 8.62,
            "account_receivable_turnover_ratio": 8,
            "reinvestment_rate": 1.45,
            "research_to_sale_ratio": null,
            "price_fair": 0.88,
            "eps_avg_yearly": 0.29,
            "eps_latest_yearly": 0.08,
            "eps_growth_yearly": -16.7
        },
        "20104": {
            "year_quarter": 20104,
            "year": 2010,
            "quarter": 4,
            "eps": -0.19,
            "eps_growth_year": -1064.13,
            "eps_4q": 21.68,
            "eps_4q_growth_year": 7176.42,
            "roe": -0.56,
            "roe_4q": 87.96,
            "gross_profit": 3656,
            "gross_margin": 3.12,
            "gross_margin_4q_avg": 2.43,
            "net_income": -17740,
            "net_income_4q": null,
            "revenue": 117035,
            "revenue_4q": null,
            "common_shares": 920000,
            "book_valuer_per_share": 34.49,
            "book_valuer_per_share_4q_avg": 29.64,
            "equity": 3173310,
            "current_ratio": 6603.12,
            "debt_ratio": 5.62,
            "inventory_turnover_ratio": 6.22,
            "account_receivable_turnover_ratio": 7.47,
            "reinvestment_rate": -27.98,
            "research_to_sale_ratio": null,
            "price_fair": 0.72,
            "eps_avg_yearly": 0.24,
            "eps_latest_yearly": 0.08,
            "eps_growth_yearly": -34.43
        },
        "20111": {
            "year_quarter": 20111,
            "year": 2011,
            "quarter": 1,
            "eps": 0.01,
            "eps_growth_year": null,
            "eps_4q": 21.73,
            "eps_4q_growth_year": 12763.98,
            "roe": 0.04,
            "roe_4q": 88.24,
            "gross_profit": 3840,
            "gross_margin": 3.17,
            "gross_margin_4q_avg": 2.98,
            "net_income": 1295,
            "net_income_4q": null,
            "revenue": 121274,
            "revenue_4q": null,
            "common_shares": 920000,
            "book_valuer_per_share": 34.51,
            "book_valuer_per_share_4q_avg": 34.59,
            "equity": 3174605,
            "current_ratio": 8062.05,
            "debt_ratio": 5.41,
            "inventory_turnover_ratio": 8.05,
            "account_receivable_turnover_ratio": 6.13,
            "reinvestment_rate": -27.89,
            "research_to_sale_ratio": null,
            "price_fair": 0.72,
            "eps_avg_yearly": 0.24,
            "eps_latest_yearly": 0.08,
            "eps_growth_yearly": -34.43
        },
        "20112": {
            "year_quarter": 20112,
            "year": 2011,
            "quarter": 2,
            "eps": -0.98,
            "eps_growth_year": -104.48,
            "eps_4q": -1.14,
            "eps_4q_growth_year": -105.2,
            "roe": -3.38,
            "roe_4q": -3.85,
            "gross_profit": 34,
            "gross_margin": 0.02,
            "gross_margin_4q_avg": 2.45,
            "net_income": -90196,
            "net_income_4q": null,
            "revenue": 161650,
            "revenue_4q": null,
            "common_shares": 920000,
            "book_valuer_per_share": 23.53,
            "book_valuer_per_share_4q_avg": 31.81,
            "equity": 2164409,
            "current_ratio": 255.44,
            "debt_ratio": 35.33,
            "inventory_turnover_ratio": 7.46,
            "account_receivable_turnover_ratio": 3.86,
            "reinvestment_rate": -29.29,
            "research_to_sale_ratio": null,
            "price_fair": 0.72,
            "eps_avg_yearly": 0.24,
            "eps_latest_yearly": 0.08,
            "eps_growth_yearly": -34.43
        },
        "20113": {
            "year_quarter": 20113,
            "year": 2011,
            "quarter": 3,
            "eps": 0.04,
            "eps_growth_year": 130.5,
            "eps_4q": -1.12,
            "eps_4q_growth_year": -105.12,
            "roe": 0.16,
            "roe_4q": -3.7399999999999998,
            "gross_profit": 7203,
            "gross_margin": 3.5,
            "gross_margin_4q_avg": 2.45,
            "net_income": 3453,
            "net_income_4q": null,
            "revenue": 205926,
            "revenue_4q": null,
            "common_shares": 920000,
            "book_valuer_per_share": 23.56,
            "book_valuer_per_share_4q_avg": 29.02,
            "equity": 2167862,
            "current_ratio": 1083.63,
            "debt_ratio": 12.6,
            "inventory_turnover_ratio": 7.1,
            "account_receivable_turnover_ratio": 4.17,
            "reinvestment_rate": -29.33,
            "research_to_sale_ratio": null,
            "price_fair": 0.72,
            "eps_avg_yearly": 0.24,
            "eps_latest_yearly": 0.08,
            "eps_growth_yearly": -16.01
        },
        "20114": {
            "year_quarter": 20114,
            "year": 2011,
            "quarter": 4,
            "eps": 0.06,
            "eps_growth_year": null,
            "eps_4q": -0.87,
            "eps_4q_growth_year": -103.99,
            "roe": 0.27,
            "roe_4q": -2.9099999999999997,
            "gross_profit": 6530,
            "gross_margin": 3.18,
            "gross_margin_4q_avg": 2.47,
            "net_income": 5852,
            "net_income_4q": null,
            "revenue": 205339,
            "revenue_4q": null,
            "common_shares": 920000,
            "book_valuer_per_share": 23.63,
            "book_valuer_per_share_4q_avg": 26.31,
            "equity": 2173714,
            "current_ratio": 1939.89,
            "debt_ratio": 9.79,
            "inventory_turnover_ratio": 6.69,
            "account_receivable_turnover_ratio": 4.93,
            "reinvestment_rate": -28.85,
            "research_to_sale_ratio": null,
            "price_fair": 4.32,
            "eps_avg_yearly": 0.24,
            "eps_latest_yearly": 0.24,
            "eps_growth_yearly": 7.99
        },
        "20121": {
            "year_quarter": 20121,
            "year": 2012,
            "quarter": 1,
            "eps": 0.03,
            "eps_growth_year": 200,
            "eps_4q": -0.85,
            "eps_4q_growth_year": -103.93,
            "roe": 0.1,
            "roe_4q": -2.8499999999999996,
            "gross_profit": 7209,
            "gross_margin": 3.35,
            "gross_margin_4q_avg": 2.51,
            "net_income": 2268,
            "net_income_4q": null,
            "revenue": 215251,
            "revenue_4q": null,
            "common_shares": 920000,
            "book_valuer_per_share": 23.65,
            "book_valuer_per_share_4q_avg": 23.59,
            "equity": 2175982,
            "current_ratio": 2091.8,
            "debt_ratio": 9.54,
            "inventory_turnover_ratio": 7.99,
            "account_receivable_turnover_ratio": 5.59,
            "reinvestment_rate": -28.93,
            "research_to_sale_ratio": null,
            "price_fair": 0.68,
            "eps_avg_yearly": 0.23,
            "eps_latest_yearly": 0.12,
            "eps_growth_yearly": -12.8
        },
        "20122": {
            "year_quarter": 20122,
            "year": 2012,
            "quarter": 2,
            "eps": -0.09,
            "eps_growth_year": null,
            "eps_4q": 0.04,
            "eps_4q_growth_year": null,
            "roe": -0.37,
            "roe_4q": 0.16,
            "gross_profit": 976,
            "gross_margin": 0.53,
            "gross_margin_4q_avg": 2.64,
            "net_income": -7861,
            "net_income_4q": null,
            "revenue": 183986,
            "revenue_4q": null,
            "common_shares": 920000,
            "book_valuer_per_share": 23.07,
            "book_valuer_per_share_4q_avg": 23.48,
            "equity": 2122121,
            "current_ratio": 2873.22,
            "debt_ratio": 8.79,
            "inventory_turnover_ratio": 9.7,
            "account_receivable_turnover_ratio": 7.89,
            "reinvestment_rate": -29.18,
            "research_to_sale_ratio": null,
            "price_fair": 0.65,
            "eps_avg_yearly": 0.22,
            "eps_latest_yearly": 0.12,
            "eps_growth_yearly": -20.58
        },
        "20123": {
            "year_quarter": 20123,
            "year": 2012,
            "quarter": 3,
            "eps": -0,
            "eps_growth_year": -112.48,
            "eps_4q": -0,
            "eps_4q_growth_year": null,
            "roe": -0.02,
            "roe_4q": -0.020000000000000018,
            "gross_profit": 2795,
            "gross_margin": 1.75,
            "gross_margin_4q_avg": 2.2,
            "net_income": -431,
            "net_income_4q": null,
            "revenue": 159721,
            "revenue_4q": null,
            "common_shares": 920000,
            "book_valuer_per_share": 23.06,
            "book_valuer_per_share_4q_avg": 23.35,
            "equity": 2121689,
            "current_ratio": 12745.95,
            "debt_ratio": 7.02,
            "inventory_turnover_ratio": 7.18,
            "account_receivable_turnover_ratio": 17.21,
            "reinvestment_rate": -29.28,
            "research_to_sale_ratio": null,
            "price_fair": 0.66,
            "eps_avg_yearly": 0.22,
            "eps_latest_yearly": 0.12,
            "eps_growth_yearly": -4.4
        },
        "20124": {
            "year_quarter": 20124,
            "year": 2012,
            "quarter": 4,
            "eps": -0.03,
            "eps_growth_year": -140.11,
            "eps_4q": -0.09,
            "eps_4q_growth_year": null,
            "roe": -0.11,
            "roe_4q": -0.4,
            "gross_profit": 4414,
            "gross_margin": 2.44,
            "gross_margin_4q_avg": 2.02,
            "net_income": -2347,
            "net_income_4q": null,
            "revenue": 181031,
            "revenue_4q": null,
            "common_shares": 920000,
            "book_valuer_per_share": 23.04,
            "book_valuer_per_share_4q_avg": 23.21,
            "equity": 2119343,
            "current_ratio": 11242.07,
            "debt_ratio": 7.1,
            "inventory_turnover_ratio": 10.16,
            "account_receivable_turnover_ratio": 11.04,
            "reinvestment_rate": -28.76,
            "research_to_sale_ratio": null,
            "price_fair": 6.52,
            "eps_avg_yearly": 0.23,
            "eps_latest_yearly": 0.12,
            "eps_growth_yearly": 17.83
        },
        "20131": {
            "year_quarter": 20131,
            "year": 2013,
            "quarter": 1,
            "eps": 0.03,
            "eps_growth_year": 0,
            "eps_4q": -0.09,
            "eps_4q_growth_year": null,
            "roe": 0.12,
            "roe_4q": -0.38,
            "gross_profit": 2387,
            "gross_margin": 1.85,
            "gross_margin_4q_avg": 1.64,
            "net_income": 2636,
            "net_income_4q": null,
            "revenue": 128877,
            "revenue_4q": null,
            "common_shares": 920000,
            "book_valuer_per_share": 23.06,
            "book_valuer_per_share_4q_avg": 23.06,
            "equity": 2121979,
            "current_ratio": 11058.03,
            "debt_ratio": 7.1,
            "inventory_turnover_ratio": 15.64,
            "account_receivable_turnover_ratio": 6.09,
            "reinvestment_rate": -60.22,
            "research_to_sale_ratio": null,
            "price_fair": 0.64,
            "eps_avg_yearly": 0.21,
            "eps_latest_yearly": 0.12,
            "eps_growth_yearly": -112.53
        },
        "20132": {
            "year_quarter": 20132,
            "year": 2013,
            "quarter": 2,
            "eps": -0.01,
            "eps_growth_year": null,
            "eps_4q": -0.01,
            "eps_4q_growth_year": -127.45,
            "roe": -0.04,
            "roe_4q": -0.05000000000000002,
            "gross_profit": 89,
            "gross_margin": 0.1,
            "gross_margin_4q_avg": 1.54,
            "net_income": -877,
            "net_income_4q": null,
            "revenue": 91540,
            "revenue_4q": null,
            "common_shares": 920000,
            "book_valuer_per_share": 22.56,
            "book_valuer_per_share_4q_avg": 22.93,
            "equity": 2075102,
            "current_ratio": 2790.73,
            "debt_ratio": 9.02,
            "inventory_turnover_ratio": 15.36,
            "account_receivable_turnover_ratio": 8.37,
            "reinvestment_rate": -60.38,
            "research_to_sale_ratio": null,
            "price_fair": 0.55,
            "eps_avg_yearly": 0.18,
            "eps_latest_yearly": 0.12,
            "eps_growth_yearly": -135.04
        },
        "20133": {
            "year_quarter": 20133,
            "year": 2013,
            "quarter": 3,
            "eps": 0,
            "eps_growth_year": null,
            "eps_4q": -0.01,
            "eps_4q_growth_year": null,
            "roe": 0,
            "roe_4q": -0.030000000000000013,
            "gross_profit": 3343,
            "gross_margin": 2.79,
            "gross_margin_4q_avg": 1.8,
            "net_income": 83,
            "net_income_4q": null,
            "revenue": 119767,
            "revenue_4q": null,
            "common_shares": 920000,
            "book_valuer_per_share": 22.56,
            "book_valuer_per_share_4q_avg": 22.81,
            "equity": 2075185,
            "current_ratio": 13785.49,
            "debt_ratio": 7.11,
            "inventory_turnover_ratio": 8.56,
            "account_receivable_turnover_ratio": 16.32,
            "reinvestment_rate": -60.51,
            "research_to_sale_ratio": null,
            "price_fair": 0.39,
            "eps_avg_yearly": 0.13,
            "eps_latest_yearly": 0.12,
            "eps_growth_yearly": -179.91
        },
        "20134": {
            "year_quarter": 20134,
            "year": 2013,
            "quarter": 4,
            "eps": -0,
            "eps_growth_year": null,
            "eps_4q": 0.02,
            "eps_4q_growth_year": null,
            "roe": -0.01,
            "roe_4q": 0.06999999999999999,
            "gross_profit": 5036,
            "gross_margin": 4.6,
            "gross_margin_4q_avg": 2.34,
            "net_income": -207,
            "net_income_4q": null,
            "revenue": 109452,
            "revenue_4q": null,
            "common_shares": 920000,
            "book_valuer_per_share": 22.55,
            "book_valuer_per_share_4q_avg": 22.68,
            "equity": 2074978,
            "current_ratio": 9575.57,
            "debt_ratio": 7.32,
            "inventory_turnover_ratio": 7.37,
            "account_receivable_turnover_ratio": 7.68,
            "reinvestment_rate": -29.3,
            "research_to_sale_ratio": null,
            "price_fair": 0.44,
            "eps_avg_yearly": 0.15,
            "eps_latest_yearly": 0.12,
            "eps_growth_yearly": -133.21
        },
        "20141": {
            "year_quarter": 20141,
            "year": 2014,
            "quarter": 1,
            "eps": -0.03,
            "eps_growth_year": -200,
            "eps_4q": -0.04,
            "eps_4q_growth_year": null,
            "roe": -0.13,
            "roe_4q": -0.18000000000000002,
            "gross_profit": 2254,
            "gross_margin": 3.03,
            "gross_margin_4q_avg": 2.63,
            "net_income": -2718,
            "net_income_4q": null,
            "revenue": 74414,
            "revenue_4q": null,
            "common_shares": 920000,
            "book_valuer_per_share": 22.52,
            "book_valuer_per_share_4q_avg": 22.55,
            "equity": 2072260,
            "current_ratio": 15173.18,
            "debt_ratio": 7.09,
            "inventory_turnover_ratio": 11.24,
            "account_receivable_turnover_ratio": 6.24,
            "reinvestment_rate": -29.13,
            "research_to_sale_ratio": null,
            "price_fair": 0.44,
            "eps_avg_yearly": 0.15,
            "eps_latest_yearly": 0.12,
            "eps_growth_yearly": -133.21
        },
        "20142": {
            "year_quarter": 20142,
            "year": 2014,
            "quarter": 2,
            "eps": -0.01,
            "eps_growth_year": null,
            "eps_4q": -0.04,
            "eps_4q_growth_year": null,
            "roe": -0.06,
            "roe_4q": -0.2,
            "gross_profit": 1616,
            "gross_margin": 1.56,
            "gross_margin_4q_avg": 3,
            "net_income": -1255,
            "net_income_4q": null,
            "revenue": 103424,
            "revenue_4q": null,
            "common_shares": 920000,
            "book_valuer_per_share": 22.01,
            "book_valuer_per_share_4q_avg": 22.41,
            "equity": 2025005,
            "current_ratio": 2301.18,
            "debt_ratio": 9.52,
            "inventory_turnover_ratio": 15.8,
            "account_receivable_turnover_ratio": 7.97,
            "reinvestment_rate": null,
            "research_to_sale_ratio": null,
            "price_fair": 0.44,
            "eps_avg_yearly": 0.15,
            "eps_latest_yearly": 0.12,
            "eps_growth_yearly": -133.21
        },
        "20143": {
            "year_quarter": 20143,
            "year": 2014,
            "quarter": 3,
            "eps": 0.02,
            "eps_growth_year": null,
            "eps_4q": -0.02,
            "eps_4q_growth_year": null,
            "roe": 0.11,
            "roe_4q": -0.09,
            "gross_profit": 3752,
            "gross_margin": 3.2,
            "gross_margin_4q_avg": 3.1,
            "net_income": 2223,
            "net_income_4q": null,
            "revenue": 117411,
            "revenue_4q": null,
            "common_shares": 920000,
            "book_valuer_per_share": 22.04,
            "book_valuer_per_share_4q_avg": 22.28,
            "equity": 2027228,
            "current_ratio": 8595.1,
            "debt_ratio": 7.56,
            "inventory_turnover_ratio": 6.5,
            "account_receivable_turnover_ratio": 6.07,
            "reinvestment_rate": null,
            "research_to_sale_ratio": null,
            "price_fair": 0.54,
            "eps_avg_yearly": 0.18,
            "eps_latest_yearly": 0.12,
            "eps_growth_yearly": -0
        },
        "20144": {
            "year_quarter": 20144,
            "year": 2014,
            "quarter": 4,
            "eps": 0.03,
            "eps_growth_year": null,
            "eps_4q": 0.01,
            "eps_4q_growth_year": -52.97,
            "roe": 0.12,
            "roe_4q": 0.03999999999999998,
            "gross_profit": 8137,
            "gross_margin": 6.33,
            "gross_margin_4q_avg": 3.53,
            "net_income": 2519,
            "net_income_4q": null,
            "revenue": 128541,
            "revenue_4q": null,
            "common_shares": 920000,
            "book_valuer_per_share": 22.06,
            "book_valuer_per_share_4q_avg": 22.16,
            "equity": 2029747,
            "current_ratio": 8841.58,
            "debt_ratio": 7.56,
            "inventory_turnover_ratio": 6.57,
            "account_receivable_turnover_ratio": 6.08,
            "reinvestment_rate": null,
            "research_to_sale_ratio": null,
            "price_fair": 5.6,
            "eps_avg_yearly": 0.16,
            "eps_latest_yearly": 0.12,
            "eps_growth_yearly": 66.67
        },
        "20151": {
            "year_quarter": 20151,
            "year": 2015,
            "quarter": 1,
            "eps": 0,
            "eps_growth_year": null,
            "eps_4q": 0.04,
            "eps_4q_growth_year": null,
            "roe": 0.01,
            "roe_4q": 0.18,
            "gross_profit": 4153,
            "gross_margin": 4.35,
            "gross_margin_4q_avg": 3.86,
            "net_income": 197,
            "net_income_4q": null,
            "revenue": 95543,
            "revenue_4q": null,
            "common_shares": 920000,
            "book_valuer_per_share": 22.06,
            "book_valuer_per_share_4q_avg": 22.04,
            "equity": 2029944,
            "current_ratio": 13537.08,
            "debt_ratio": 7.32,
            "inventory_turnover_ratio": 9.33,
            "account_receivable_turnover_ratio": 7.83,
            "reinvestment_rate": null,
            "research_to_sale_ratio": null,
            "price_fair": 5.6,
            "eps_avg_yearly": 0.16,
            "eps_latest_yearly": 0.12,
            "eps_growth_yearly": 66.67
        },
        "20152": {
            "year_quarter": 20152,
            "year": 2015,
            "quarter": 2,
            "eps": 0,
            "eps_growth_year": null,
            "eps_4q": 0.06,
            "eps_4q_growth_year": null,
            "roe": 0.01,
            "roe_4q": 0.25,
            "gross_profit": 2211,
            "gross_margin": 2.49,
            "gross_margin_4q_avg": 4.09,
            "net_income": 256,
            "net_income_4q": null,
            "revenue": 88903,
            "revenue_4q": null,
            "common_shares": 920000,
            "book_valuer_per_share": 21.57,
            "book_valuer_per_share_4q_avg": 21.93,
            "equity": 1984200,
            "current_ratio": 2396.5,
            "debt_ratio": 9.54,
            "inventory_turnover_ratio": 6.01,
            "account_receivable_turnover_ratio": 21.29,
            "reinvestment_rate": -16372.25,
            "research_to_sale_ratio": null,
            "price_fair": 5.6,
            "eps_avg_yearly": 0.16,
            "eps_latest_yearly": 0.12,
            "eps_growth_yearly": 66.67
        },
        "20153": {
            "year_quarter": 20153,
            "year": 2015,
            "quarter": 3,
            "eps": 0.01,
            "eps_growth_year": -50,
            "eps_4q": 0.03,
            "eps_4q_growth_year": null,
            "roe": 0.01,
            "roe_4q": 0.15,
            "gross_profit": 3554,
            "gross_margin": 4.34,
            "gross_margin_4q_avg": 4.38,
            "net_income": 175,
            "net_income_4q": null,
            "revenue": 81979,
            "revenue_4q": null,
            "common_shares": 920000,
            "book_valuer_per_share": 21.57,
            "book_valuer_per_share_4q_avg": 21.82,
            "equity": 1984375,
            "current_ratio": 9526.62,
            "debt_ratio": 7.65,
            "inventory_turnover_ratio": 2.43,
            "account_receivable_turnover_ratio": 13.2,
            "reinvestment_rate": -120402.34,
            "research_to_sale_ratio": null,
            "price_fair": 5.6,
            "eps_avg_yearly": 0.16,
            "eps_latest_yearly": 0.12,
            "eps_growth_yearly": 66.67
        },
        "20154": {
            "year_quarter": 20154,
            "year": 2015,
            "quarter": 4,
            "eps": 0,
            "eps_growth_year": -99.6,
            "eps_4q": 0.01,
            "eps_4q_growth_year": -17.04,
            "roe": 0,
            "roe_4q": 0.03,
            "gross_profit": 5928,
            "gross_margin": 6.45,
            "gross_margin_4q_avg": 4.41,
            "net_income": 10,
            "net_income_4q": null,
            "revenue": 91956,
            "revenue_4q": null,
            "common_shares": 920000,
            "book_valuer_per_share": 21.57,
            "book_valuer_per_share_4q_avg": 21.69,
            "equity": 1984385,
            "current_ratio": 8931.42,
            "debt_ratio": 7.68,
            "inventory_turnover_ratio": 2.23,
            "account_receivable_turnover_ratio": 22.41,
            "reinvestment_rate": null,
            "research_to_sale_ratio": null,
            "price_fair": 0.36,
            "eps_avg_yearly": 0.12,
            "eps_latest_yearly": 0.12,
            "eps_growth_yearly": -0
        },
        "20161": {
            "year_quarter": 20161,
            "year": 2016,
            "quarter": 1,
            "eps": -0.04,
            "eps_growth_year": null,
            "eps_4q": -0.03,
            "eps_4q_growth_year": -178.31,
            "roe": -0.17,
            "roe_4q": -0.15,
            "gross_profit": 4166,
            "gross_margin": 3.94,
            "gross_margin_4q_avg": 4.31,
            "net_income": -3326,
            "net_income_4q": null,
            "revenue": 105613,
            "revenue_4q": null,
            "common_shares": 920000,
            "book_valuer_per_share": 21.53,
            "book_valuer_per_share_4q_avg": 21.56,
            "equity": 1981059,
            "current_ratio": 15552.78,
            "debt_ratio": 7.4,
            "inventory_turnover_ratio": 3.72,
            "account_receivable_turnover_ratio": 11.97,
            "reinvestment_rate": null,
            "research_to_sale_ratio": null,
            "price_fair": 4.2,
            "eps_avg_yearly": 0.12,
            "eps_latest_yearly": 0.12,
            "eps_growth_yearly": 200
        },
        "20162": {
            "year_quarter": 20162,
            "year": 2016,
            "quarter": 2,
            "eps": -0.02,
            "eps_growth_year": null,
            "eps_4q": -0.06,
            "eps_4q_growth_year": -204.64,
            "roe": -0.12,
            "roe_4q": -0.28,
            "gross_profit": 2256,
            "gross_margin": 2.79,
            "gross_margin_4q_avg": 4.38,
            "net_income": -2295,
            "net_income_4q": null,
            "revenue": 80956,
            "revenue_4q": null,
            "common_shares": 920000,
            "book_valuer_per_share": 21.01,
            "book_valuer_per_share_4q_avg": 21.42,
            "equity": 1932764,
            "current_ratio": 2249.2,
            "debt_ratio": 9.84,
            "inventory_turnover_ratio": 3.15,
            "account_receivable_turnover_ratio": 8.38,
            "reinvestment_rate": null,
            "research_to_sale_ratio": null,
            "price_fair": 4.2,
            "eps_avg_yearly": 0.12,
            "eps_latest_yearly": 0.12,
            "eps_growth_yearly": 200
        },
        "20163": {
            "year_quarter": 20163,
            "year": 2016,
            "quarter": 3,
            "eps": 0.04,
            "eps_growth_year": 300,
            "eps_4q": -0.02,
            "eps_4q_growth_year": -153.61,
            "roe": 0.2,
            "roe_4q": -0.09,
            "gross_profit": 2627,
            "gross_margin": 3.48,
            "gross_margin_4q_avg": 4.17,
            "net_income": 3924,
            "net_income_4q": null,
            "revenue": 75432,
            "revenue_4q": null,
            "common_shares": 920000,
            "book_valuer_per_share": 21.05,
            "book_valuer_per_share_4q_avg": 21.29,
            "equity": 1936688,
            "current_ratio": 9114.2,
            "debt_ratio": 7.82,
            "inventory_turnover_ratio": 3.1,
            "account_receivable_turnover_ratio": 12.91,
            "reinvestment_rate": null,
            "research_to_sale_ratio": null,
            "price_fair": 4.2,
            "eps_avg_yearly": 0.12,
            "eps_latest_yearly": 0.12,
            "eps_growth_yearly": 200
        },
        "20164": {
            "year_quarter": 20164,
            "year": 2016,
            "quarter": 4,
            "eps": 0.3,
            "eps_growth_year": 270831.19,
            "eps_4q": 0.28,
            "eps_4q_growth_year": 3892.36,
            "roe": 1.39,
            "roe_4q": 1.2999999999999998,
            "gross_profit": 5969,
            "gross_margin": 6.13,
            "gross_margin_4q_avg": 4.09,
            "net_income": 27169,
            "net_income_4q": null,
            "revenue": 97363,
            "revenue_4q": null,
            "common_shares": 920000,
            "book_valuer_per_share": 21.35,
            "book_valuer_per_share_4q_avg": 21.24,
            "equity": 1963857,
            "current_ratio": 6864.54,
            "debt_ratio": 7.97,
            "inventory_turnover_ratio": 5.27,
            "account_receivable_turnover_ratio": 8.6,
            "reinvestment_rate": -2153.38,
            "research_to_sale_ratio": null,
            "price_fair": 23.1,
            "eps_avg_yearly": 0.66,
            "eps_latest_yearly": 1.2,
            "eps_growth_yearly": 1400
        },
        "20171": {
            "year_quarter": 20171,
            "year": 2017,
            "quarter": 1,
            "eps": -0.02,
            "eps_growth_year": null,
            "eps_4q": 0.29,
            "eps_4q_growth_year": null,
            "roe": -0.1,
            "roe_4q": 1.3699999999999997,
            "gross_profit": 2813,
            "gross_margin": 3.66,
            "gross_margin_4q_avg": 4.02,
            "net_income": -1917,
            "net_income_4q": null,
            "revenue": 76760,
            "revenue_4q": null,
            "common_shares": 920000,
            "book_valuer_per_share": 21.33,
            "book_valuer_per_share_4q_avg": 21.19,
            "equity": 1961940,
            "current_ratio": 14630.71,
            "debt_ratio": 7.51,
            "inventory_turnover_ratio": 5.57,
            "account_receivable_turnover_ratio": 8.62,
            "reinvestment_rate": -27.07,
            "research_to_sale_ratio": null,
            "price_fair": 23.1,
            "eps_avg_yearly": 0.66,
            "eps_latest_yearly": 1.2,
            "eps_growth_yearly": 1400
        },
        "20172": {
            "year_quarter": 20172,
            "year": 2017,
            "quarter": 2,
            "eps": -0.02,
            "eps_growth_year": null,
            "eps_4q": 0.3,
            "eps_4q_growth_year": null,
            "roe": -0.09,
            "roe_4q": 1.4,
            "gross_profit": 2286,
            "gross_margin": 3.67,
            "gross_margin_4q_avg": 4.24,
            "net_income": -1836,
            "net_income_4q": null,
            "revenue": 62327,
            "revenue_4q": null,
            "common_shares": 920000,
            "book_valuer_per_share": 20.81,
            "book_valuer_per_share_4q_avg": 21.14,
            "equity": 1914104,
            "current_ratio": 1781.65,
            "debt_ratio": 10.66,
            "inventory_turnover_ratio": 4.66,
            "account_receivable_turnover_ratio": 19.72,
            "reinvestment_rate": -27.73,
            "research_to_sale_ratio": null,
            "price_fair": 23.1,
            "eps_avg_yearly": 0.66,
            "eps_latest_yearly": 1.2,
            "eps_growth_yearly": 1400
        },
        "20173": {
            "year_quarter": 20173,
            "year": 2017,
            "quarter": 3,
            "eps": -0.02,
            "eps_growth_year": -150,
            "eps_4q": 0.24,
            "eps_4q_growth_year": null,
            "roe": -0.08,
            "roe_4q": 1.1199999999999999,
            "gross_profit": 3027,
            "gross_margin": 6.02,
            "gross_margin_4q_avg": 4.87,
            "net_income": -1593,
            "net_income_4q": null,
            "revenue": 50294,
            "revenue_4q": null,
            "common_shares": 920000,
            "book_valuer_per_share": 20.79,
            "book_valuer_per_share_4q_avg": 21.07,
            "equity": 1912511,
            "current_ratio": 10784.58,
            "debt_ratio": 7.82,
            "inventory_turnover_ratio": 2.77,
            "account_receivable_turnover_ratio": 19.54,
            "reinvestment_rate": -30.38,
            "research_to_sale_ratio": null,
            "price_fair": 23.1,
            "eps_avg_yearly": 0.66,
            "eps_latest_yearly": 1.2,
            "eps_growth_yearly": 1400
        },
        "20174": {
            "year_quarter": 20174,
            "year": 2017,
            "quarter": 4,
            "eps": -0.02,
            "eps_growth_year": -105.62,
            "eps_4q": -0.07,
            "eps_4q_growth_year": -126.98,
            "roe": -0.08,
            "roe_4q": -0.35,
            "gross_profit": 5736,
            "gross_margin": 7.77,
            "gross_margin_4q_avg": 5.28,
            "net_income": -1526,
            "net_income_4q": null,
            "revenue": 73839,
            "revenue_4q": null,
            "common_shares": 920000,
            "book_valuer_per_share": 20.77,
            "book_valuer_per_share_4q_avg": 20.93,
            "equity": 1910985,
            "current_ratio": 10579.65,
            "debt_ratio": 7.85,
            "inventory_turnover_ratio": 3.66,
            "account_receivable_turnover_ratio": 21.22,
            "reinvestment_rate": -41.38,
            "research_to_sale_ratio": null,
            "price_fair": 23.1,
            "eps_avg_yearly": 0.66,
            "eps_latest_yearly": 1.2,
            "eps_growth_yearly": 1400
        },
        "20181": {
            "year_quarter": 20181,
            "year": 2018,
            "quarter": 1,
            "eps": -0.03,
            "eps_growth_year": null,
            "eps_4q": -0.08,
            "eps_4q_growth_year": -128.25,
            "roe": -0.14,
            "roe_4q": -0.39,
            "gross_profit": 3047,
            "gross_margin": 4.69,
            "gross_margin_4q_avg": 5.54,
            "net_income": -2639,
            "net_income_4q": null,
            "revenue": 65031,
            "revenue_4q": null,
            "common_shares": 920000,
            "book_valuer_per_share": 20.74,
            "book_valuer_per_share_4q_avg": 20.78,
            "equity": 1908346,
            "current_ratio": 12186.63,
            "debt_ratio": 7.79,
            "inventory_turnover_ratio": 4.33,
            "account_receivable_turnover_ratio": 18.91,
            "reinvestment_rate": -42.9,
            "research_to_sale_ratio": null,
            "price_fair": 23.1,
            "eps_avg_yearly": 0.66,
            "eps_latest_yearly": 1.2,
            "eps_growth_yearly": 1400
        },
        "20182": {
            "year_quarter": 20182,
            "year": 2018,
            "quarter": 2,
            "eps": -0.15,
            "eps_growth_year": null,
            "eps_4q": -0.22,
            "eps_4q_growth_year": -172.78,
            "roe": -0.74,
            "roe_4q": -1.04,
            "gross_profit": 2662,
            "gross_margin": 3.31,
            "gross_margin_4q_avg": 5.45,
            "net_income": -14139,
            "net_income_4q": null,
            "revenue": 80327,
            "revenue_4q": null,
            "common_shares": 920000,
            "book_valuer_per_share": 20.59,
            "book_valuer_per_share_4q_avg": 20.72,
            "equity": 1894207,
            "current_ratio": 12469.97,
            "debt_ratio": 7.84,
            "inventory_turnover_ratio": 12.24,
            "account_receivable_turnover_ratio": 41.01,
            "reinvestment_rate": -127.76,
            "research_to_sale_ratio": null,
            "price_fair": 23.1,
            "eps_avg_yearly": 0.66,
            "eps_latest_yearly": 1.2,
            "eps_growth_yearly": 1400
        },
        "20183": {
            "year_quarter": 20183,
            "year": 2018,
            "quarter": 3,
            "eps": -0.29,
            "eps_growth_year": null,
            "eps_4q": -0.49,
            "eps_4q_growth_year": -305.17,
            "roe": -1.41,
            "roe_4q": -2.37,
            "gross_profit": 2166,
            "gross_margin": 3.45,
            "gross_margin_4q_avg": 4.81,
            "net_income": -26471,
            "net_income_4q": null,
            "revenue": 62865,
            "revenue_4q": null,
            "common_shares": 920000,
            "book_valuer_per_share": 20.3,
            "book_valuer_per_share_4q_avg": 20.6,
            "equity": 1867488,
            "current_ratio": 8194.94,
            "debt_ratio": 8.18,
            "inventory_turnover_ratio": null,
            "account_receivable_turnover_ratio": 7.78,
            "reinvestment_rate": null,
            "research_to_sale_ratio": null,
            "price_fair": 23.1,
            "eps_avg_yearly": 0.66,
            "eps_latest_yearly": 1.2,
            "eps_growth_yearly": 1400
        },
        "20184": {
            "year_quarter": 20184,
            "year": 2018,
            "quarter": 4,
            "eps": -0.28,
            "eps_growth_year": null,
            "eps_4q": -0.75,
            "eps_4q_growth_year": null,
            "roe": -1.38,
            "roe_4q": -3.6700000000000004,
            "gross_profit": 589,
            "gross_margin": 1.06,
            "gross_margin_4q_avg": 3.13,
            "net_income": -25566,
            "net_income_4q": null,
            "revenue": 55799,
            "revenue_4q": null,
            "common_shares": 920000,
            "book_valuer_per_share": 20.02,
            "book_valuer_per_share_4q_avg": 20.41,
            "equity": 1842123,
            "current_ratio": 1294.23,
            "debt_ratio": 7.76,
            "inventory_turnover_ratio": null,
            "account_receivable_turnover_ratio": 4.08,
            "reinvestment_rate": null,
            "research_to_sale_ratio": null,
            "price_fair": 42,
            "eps_avg_yearly": 1.2,
            "eps_latest_yearly": 1.2,
            "eps_growth_yearly": 2600
        },
        "20191": {
            "year_quarter": 20191,
            "year": 2019,
            "quarter": 1,
            "eps": -0.07,
            "eps_growth_year": null,
            "eps_4q": -0.79,
            "eps_4q_growth_year": null,
            "roe": -0.36,
            "roe_4q": -3.8899999999999997,
            "gross_profit": 614,
            "gross_margin": 1.11,
            "gross_margin_4q_avg": 2.23,
            "net_income": -6711,
            "net_income_4q": null,
            "revenue": 55451,
            "revenue_4q": null,
            "common_shares": 920000,
            "book_valuer_per_share": 19.95,
            "book_valuer_per_share_4q_avg": 20.22,
            "equity": 1835450,
            "current_ratio": 1274.15,
            "debt_ratio": 8.05,
            "inventory_turnover_ratio": null,
            "account_receivable_turnover_ratio": 6.57,
            "reinvestment_rate": null,
            "research_to_sale_ratio": null,
            "price_fair": 42,
            "eps_avg_yearly": 1.2,
            "eps_latest_yearly": 1.2,
            "eps_growth_yearly": 2600
        },
        "20192": {
            "year_quarter": 20192,
            "year": 2019,
            "quarter": 2,
            "eps": 10.03,
            "eps_growth_year": null,
            "eps_4q": 9.4,
            "eps_4q_growth_year": null,
            "roe": 40.19,
            "roe_4q": 37.04,
            "gross_profit": 567,
            "gross_margin": 1.12,
            "gross_margin_4q_avg": 1.69,
            "net_income": 923214,
            "net_income_4q": null,
            "revenue": 50837,
            "revenue_4q": null,
            "common_shares": 920000,
            "book_valuer_per_share": 29.99,
            "book_valuer_per_share_4q_avg": 22.57,
            "equity": 2758757,
            "current_ratio": 3071.48,
            "debt_ratio": 3.12,
            "inventory_turnover_ratio": null,
            "account_receivable_turnover_ratio": 4.94,
            "reinvestment_rate": -2.47,
            "research_to_sale_ratio": null,
            "price_fair": 42,
            "eps_avg_yearly": 1.2,
            "eps_latest_yearly": 1.2,
            "eps_growth_yearly": 2600
        },
        "20193": {
            "year_quarter": 20193,
            "year": 2019,
            "quarter": 3,
            "eps": 0.01,
            "eps_growth_year": null,
            "eps_4q": 9.69,
            "eps_4q_growth_year": null,
            "roe": 0.03,
            "roe_4q": 38.48,
            "gross_profit": 48,
            "gross_margin": 0.15,
            "gross_margin_4q_avg": 0.86,
            "net_income": 846,
            "net_income_4q": null,
            "revenue": 32191,
            "revenue_4q": null,
            "common_shares": 920000,
            "book_valuer_per_share": 30,
            "book_valuer_per_share_4q_avg": 24.99,
            "equity": 2759597,
            "current_ratio": 2730.05,
            "debt_ratio": 3.12,
            "inventory_turnover_ratio": null,
            "account_receivable_turnover_ratio": 3.46,
            "reinvestment_rate": 39.03,
            "research_to_sale_ratio": null,
            "price_fair": 21.7,
            "eps_avg_yearly": 0.62,
            "eps_latest_yearly": 0.04,
            "eps_growth_yearly": 1100.2
        },
        "20194": {
            "year_quarter": 20194,
            "year": 2019,
            "quarter": 4,
            "eps": 0.49,
            "eps_growth_year": null,
            "eps_4q": 10.46,
            "eps_4q_growth_year": null,
            "roe": 1.6,
            "roe_4q": 41.46,
            "gross_profit": -310,
            "gross_margin": -0.9,
            "gross_margin_4q_avg": 0.37,
            "net_income": 44634,
            "net_income_4q": null,
            "revenue": 34529,
            "revenue_4q": null,
            "common_shares": 920000,
            "book_valuer_per_share": 30.56,
            "book_valuer_per_share_4q_avg": 27.63,
            "equity": 2811659,
            "current_ratio": 13744.81,
            "debt_ratio": 0.69,
            "inventory_turnover_ratio": null,
            "account_receivable_turnover_ratio": 6.05,
            "reinvestment_rate": 39.14,
            "research_to_sale_ratio": null,
            "price_fair": 37.33,
            "eps_avg_yearly": 1.07,
            "eps_latest_yearly": 1.96,
            "eps_growth_yearly": 7133.47
        },
        "20201": {
            "year_quarter": 20201,
            "year": 2020,
            "quarter": 1,
            "eps": -0.08,
            "eps_growth_year": null,
            "eps_4q": 10.45,
            "eps_4q_growth_year": null,
            "roe": -0.27,
            "roe_4q": 41.55,
            "gross_profit": -128,
            "gross_margin": -0.26,
            "gross_margin_4q_avg": 0.03,
            "net_income": -7709,
            "net_income_4q": null,
            "revenue": 49728,
            "revenue_4q": null,
            "common_shares": 920000,
            "book_valuer_per_share": 30.47,
            "book_valuer_per_share_4q_avg": 30.26,
            "equity": 2803086,
            "current_ratio": 11818.23,
            "debt_ratio": 0.77,
            "inventory_turnover_ratio": null,
            "account_receivable_turnover_ratio": 3.46,
            "reinvestment_rate": 31.94,
            "research_to_sale_ratio": null,
            "price_fair": 37.33,
            "eps_avg_yearly": 1.07,
            "eps_latest_yearly": 1.96,
            "eps_growth_yearly": 7133.47
        },
        "20202": {
            "year_quarter": 20202,
            "year": 2020,
            "quarter": 2,
            "eps": -0.25,
            "eps_growth_year": -102.49,
            "eps_4q": 0.17,
            "eps_4q_growth_year": -98.24,
            "roe": -0.88,
            "roe_4q": 0.4800000000000002,
            "gross_profit": -533,
            "gross_margin": -2.65,
            "gross_margin_4q_avg": -0.92,
            "net_income": -22588,
            "net_income_4q": null,
            "revenue": 20100,
            "revenue_4q": null,
            "common_shares": 920000,
            "book_valuer_per_share": 25.21,
            "book_valuer_per_share_4q_avg": 29.06,
            "equity": 2319335,
            "current_ratio": 428,
            "debt_ratio": 17.7,
            "inventory_turnover_ratio": null,
            "account_receivable_turnover_ratio": 1.36,
            "reinvestment_rate": 36.77,
            "research_to_sale_ratio": null,
            "price_fair": 37.33,
            "eps_avg_yearly": 1.07,
            "eps_latest_yearly": 1.96,
            "eps_growth_yearly": 7133.47
        },
        "20203": {
            "year_quarter": 20203,
            "year": 2020,
            "quarter": 3,
            "eps": 0.28,
            "eps_growth_year": 2700,
            "eps_4q": 0.44,
            "eps_4q_growth_year": -95.49,
            "roe": 1.12,
            "roe_4q": 1.5700000000000003,
            "gross_profit": -403,
            "gross_margin": -2.04,
            "gross_margin_4q_avg": -1.46,
            "net_income": 25897,
            "net_income_4q": null,
            "revenue": 19707,
            "revenue_4q": null,
            "common_shares": 920000,
            "book_valuer_per_share": 24.96,
            "book_valuer_per_share_4q_avg": 27.8,
            "equity": 2295871,
            "current_ratio": 10142.15,
            "debt_ratio": 0.65,
            "inventory_turnover_ratio": null,
            "account_receivable_turnover_ratio": 1.04,
            "reinvestment_rate": 36.62,
            "research_to_sale_ratio": null,
            "price_fair": 37.33,
            "eps_avg_yearly": 1.07,
            "eps_latest_yearly": 1.96,
            "eps_growth_yearly": 7133.47
        },
        "20204": {
            "year_quarter": 20204,
            "year": 2020,
            "quarter": 4,
            "eps": -2.6,
            "eps_growth_year": -635.74,
            "eps_4q": -2.65,
            "eps_4q_growth_year": -125.31,
            "roe": -10.57,
            "roe_4q": -10.6,
            "gross_profit": -705,
            "gross_margin": -2.99,
            "gross_margin_4q_avg": -1.99,
            "net_income": -239123,
            "net_income_4q": null,
            "revenue": 23584,
            "revenue_4q": null,
            "common_shares": 920000,
            "book_valuer_per_share": 24.25,
            "book_valuer_per_share_4q_avg": 26.22,
            "equity": 2230790,
            "current_ratio": 674.91,
            "debt_ratio": 7.28,
            "inventory_turnover_ratio": 0.1,
            "account_receivable_turnover_ratio": 1.15,
            "reinvestment_rate": 91.05,
            "research_to_sale_ratio": null,
            "price_fair": 35,
            "eps_avg_yearly": 1,
            "eps_latest_yearly": 1.96,
            "eps_growth_yearly": 9400.2
        },
        "20211": {
            "year_quarter": 20211,
            "year": 2021,
            "quarter": 1,
            "eps": 0.33,
            "eps_growth_year": null,
            "eps_4q": -2.24,
            "eps_4q_growth_year": -121.4,
            "roe": 1.33,
            "roe_4q": -9.000000000000002,
            "gross_profit": -290,
            "gross_margin": -1.29,
            "gross_margin_4q_avg": -2.24,
            "net_income": 30117,
            "net_income_4q": null,
            "revenue": 22525,
            "revenue_4q": null,
            "common_shares": 920000,
            "book_valuer_per_share": 24.98,
            "book_valuer_per_share_4q_avg": 24.85,
            "equity": 2298088,
            "current_ratio": 361.71,
            "debt_ratio": 13.69,
            "inventory_turnover_ratio": 0.06,
            "account_receivable_turnover_ratio": 2.31,
            "reinvestment_rate": 91.81,
            "research_to_sale_ratio": null,
            "price_fair": 35,
            "eps_avg_yearly": 1,
            "eps_latest_yearly": 1.96,
            "eps_growth_yearly": 9400.2
        },
        "20212": {
            "year_quarter": 20212,
            "year": 2021,
            "quarter": 2,
            "eps": -0.04,
            "eps_growth_year": null,
            "eps_4q": -2.03,
            "eps_4q_growth_year": -1331.63,
            "roe": -0.17,
            "roe_4q": -8.29,
            "gross_profit": -28,
            "gross_margin": -0.15,
            "gross_margin_4q_avg": -1.62,
            "net_income": -3890,
            "net_income_4q": null,
            "revenue": 19088,
            "revenue_4q": null,
            "common_shares": 920000,
            "book_valuer_per_share": 24.26,
            "book_valuer_per_share_4q_avg": 24.61,
            "equity": 2231976,
            "current_ratio": 331.92,
            "debt_ratio": 14.03,
            "inventory_turnover_ratio": 0.04,
            "account_receivable_turnover_ratio": 4.54,
            "reinvestment_rate": 95.89,
            "research_to_sale_ratio": null,
            "price_fair": 35,
            "eps_avg_yearly": 1,
            "eps_latest_yearly": 1.96,
            "eps_growth_yearly": 9400.2
        },
        "20213": {
            "year_quarter": 20213,
            "year": 2021,
            "quarter": 3,
            "eps": 0.51,
            "eps_growth_year": 82.14,
            "eps_4q": -1.81,
            "eps_4q_growth_year": -512.76,
            "roe": 2.13,
            "roe_4q": -7.28,
            "gross_profit": 156,
            "gross_margin": 0.83,
            "gross_margin_4q_avg": -0.9,
            "net_income": 46826,
            "net_income_4q": null,
            "revenue": 18690,
            "revenue_4q": null,
            "common_shares": 920000,
            "book_valuer_per_share": 23.61,
            "book_valuer_per_share_4q_avg": 24.28,
            "equity": 2172315,
            "current_ratio": 275.34,
            "debt_ratio": 19.23,
            "inventory_turnover_ratio": 0.03,
            "account_receivable_turnover_ratio": 9.41,
            "reinvestment_rate": 109.65,
            "research_to_sale_ratio": null,
            "price_fair": 35,
            "eps_avg_yearly": 1,
            "eps_latest_yearly": 1.96,
            "eps_growth_yearly": 9400.2
        },
        "20214": {
            "year_quarter": 20214,
            "year": 2021,
            "quarter": 4,
            "eps": 0.6,
            "eps_growth_year": null,
            "eps_4q": 1.39,
            "eps_4q_growth_year": null,
            "roe": 2.49,
            "roe_4q": 5.78,
            "gross_profit": 190,
            "gross_margin": 1.03,
            "gross_margin_4q_avg": 0.11,
            "net_income": 55221,
            "net_income_4q": null,
            "revenue": 18496,
            "revenue_4q": null,
            "common_shares": 920000,
            "book_valuer_per_share": 24.64,
            "book_valuer_per_share_4q_avg": 24.37,
            "equity": 2266895,
            "current_ratio": 261.37,
            "debt_ratio": 21.6,
            "inventory_turnover_ratio": 0.02,
            "account_receivable_turnover_ratio": 5.92,
            "reinvestment_rate": 114.11,
            "research_to_sale_ratio": null,
            "price_fair": 51.33,
            "eps_avg_yearly": 1.47,
            "eps_latest_yearly": 2.4,
            "eps_growth_yearly": 6290.33
        },
        "20221": {
            "year_quarter": 20221,
            "year": 2022,
            "quarter": 1,
            "eps": 0.31,
            "eps_growth_year": -6.06,
            "eps_4q": 1.38,
            "eps_4q_growth_year": null,
            "roe": 1.25,
            "roe_4q": 5.7,
            "gross_profit": 79,
            "gross_margin": 0.66,
            "gross_margin_4q_avg": 0.59,
            "net_income": 28669,
            "net_income_4q": null,
            "revenue": 11959,
            "revenue_4q": null,
            "common_shares": 920000,
            "book_valuer_per_share": 25.03,
            "book_valuer_per_share_4q_avg": 24.39,
            "equity": 2302369,
            "current_ratio": 254.36,
            "debt_ratio": 21.82,
            "inventory_turnover_ratio": 0.01,
            "account_receivable_turnover_ratio": 8.01,
            "reinvestment_rate": 115.3,
            "research_to_sale_ratio": null,
            "price_fair": 49.35,
            "eps_avg_yearly": 1.41,
            "eps_latest_yearly": 1.24,
            "eps_growth_yearly": 4669.41
        },
        "20222": {
            "year_quarter": 20222,
            "year": 2022,
            "quarter": 2,
            "eps": 0.23,
            "eps_growth_year": null,
            "eps_4q": 1.65,
            "eps_4q_growth_year": null,
            "roe": 0.92,
            "roe_4q": 6.79,
            "gross_profit": 41,
            "gross_margin": 0.96,
            "gross_margin_4q_avg": 0.87,
            "net_income": 20791,
            "net_income_4q": null,
            "revenue": 4273,
            "revenue_4q": null,
            "common_shares": 920000,
            "book_valuer_per_share": 24.22,
            "book_valuer_per_share_4q_avg": 24.38,
            "equity": 2228028,
            "current_ratio": 245.44,
            "debt_ratio": 22.82,
            "inventory_turnover_ratio": 0,
            "account_receivable_turnover_ratio": 63.3,
            "reinvestment_rate": 108.58,
            "research_to_sale_ratio": null,
            "price_fair": 45.92,
            "eps_avg_yearly": 1.31,
            "eps_latest_yearly": 0.92,
            "eps_growth_yearly": 3714.89
        },
        "20223": {
            "year_quarter": 20223,
            "year": 2022,
            "quarter": 3,
            "eps": 0.65,
            "eps_growth_year": 27.45,
            "eps_4q": 1.75,
            "eps_4q_growth_year": null,
            "roe": 2.88,
            "roe_4q": 7.54,
            "gross_profit": 39460,
            "gross_margin": 25.3,
            "gross_margin_4q_avg": 6.99,
            "net_income": 73103,
            "net_income_4q": null,
            "revenue": 155986,
            "revenue_4q": null,
            "common_shares": 920000,
            "book_valuer_per_share": 25.13,
            "book_valuer_per_share_4q_avg": 24.76,
            "equity": 2849120,
            "current_ratio": 225.66,
            "debt_ratio": 35.04,
            "inventory_turnover_ratio": 0.09,
            "account_receivable_turnover_ratio": 10.79,
            "reinvestment_rate": 105.18,
            "research_to_sale_ratio": null,
            "price_fair": 53.43,
            "eps_avg_yearly": 1.53,
            "eps_latest_yearly": 2.6,
            "eps_growth_yearly": 3217.48
        },
        "20224": {
            "year_quarter": 20224,
            "year": 2022,
            "quarter": 4,
            "eps": -0.15,
            "eps_growth_year": -124.84,
            "eps_4q": 1,
            "eps_4q_growth_year": -28.12,
            "roe": -0.29,
            "roe_4q": 4.76,
            "gross_profit": 26724,
            "gross_margin": 23.3,
            "gross_margin_4q_avg": 12.56,
            "net_income": -8225,
            "net_income_4q": null,
            "revenue": 114705,
            "revenue_4q": null,
            "common_shares": 920000,
            "book_valuer_per_share": 24.7,
            "book_valuer_per_share_4q_avg": 24.77,
            "equity": 2815004,
            "current_ratio": 184.56,
            "debt_ratio": 41.63,
            "inventory_turnover_ratio": 0.05,
            "account_receivable_turnover_ratio": 4.18,
            "reinvestment_rate": 108.55,
            "research_to_sale_ratio": null,
            "price_fair": 53.43,
            "eps_avg_yearly": 1.53,
            "eps_latest_yearly": 2.6,
            "eps_growth_yearly": 3217.48
        },
        "20231": {
            "year_quarter": 20231,
            "year": 2023,
            "quarter": 1,
            "eps": 0.54,
            "eps_growth_year": 74.19,
            "eps_4q": 1.23,
            "eps_4q_growth_year": -10.77,
            "roe": 1.98,
            "roe_4q": 5.49,
            "gross_profit": 24081,
            "gross_margin": 26.73,
            "gross_margin_4q_avg": 19.07,
            "net_income": 56539,
            "net_income_4q": null,
            "revenue": 90099,
            "revenue_4q": null,
            "common_shares": 920000,
            "book_valuer_per_share": 25.42,
            "book_valuer_per_share_4q_avg": 24.87,
            "equity": 2888054,
            "current_ratio": 176.43,
            "debt_ratio": 42.41,
            "inventory_turnover_ratio": 0.03,
            "account_receivable_turnover_ratio": 3.18,
            "reinvestment_rate": 111.67,
            "research_to_sale_ratio": null,
            "price_fair": 53.43,
            "eps_avg_yearly": 1.53,
            "eps_latest_yearly": 2.6,
            "eps_growth_yearly": 3217.48
        },
        "20232": {
            "year_quarter": 20232,
            "year": 2023,
            "quarter": 2,
            "eps": 0.56,
            "eps_growth_year": 143.48,
            "eps_4q": 1.57,
            "eps_4q_growth_year": -4.91,
            "roe": 1.91,
            "roe_4q": 6.4799999999999995,
            "gross_profit": 12280,
            "gross_margin": 59.87,
            "gross_margin_4q_avg": 33.8,
            "net_income": 55719,
            "net_income_4q": null,
            "revenue": 20510,
            "revenue_4q": null,
            "common_shares": 920000,
            "book_valuer_per_share": 26.17,
            "book_valuer_per_share_4q_avg": 25.36,
            "equity": 2960439,
            "current_ratio": 172.26,
            "debt_ratio": 43.08,
            "inventory_turnover_ratio": 0,
            "account_receivable_turnover_ratio": 0.72,
            "reinvestment_rate": 880.15,
            "research_to_sale_ratio": null,
            "price_fair": 57,
            "eps_avg_yearly": 1.63,
            "eps_latest_yearly": 2.24,
            "eps_growth_yearly": 2759.95
        },
        "20233": {
            "year_quarter": 20233,
            "year": 2023,
            "quarter": 3,
            "eps": 0.27,
            "eps_growth_year": -58.46,
            "eps_4q": 1.23,
            "eps_4q_growth_year": -30.02,
            "roe": 0.95,
            "roe_4q": 4.55,
            "gross_profit": 13670,
            "gross_margin": 37.11,
            "gross_margin_4q_avg": 36.75,
            "net_income": 28200,
            "net_income_4q": null,
            "revenue": 36832,
            "revenue_4q": null,
            "common_shares": 920000,
            "book_valuer_per_share": 26.21,
            "book_valuer_per_share_4q_avg": 25.63,
            "equity": 2967757,
            "current_ratio": 176.45,
            "debt_ratio": 43.12,
            "inventory_turnover_ratio": 0.01,
            "account_receivable_turnover_ratio": 0.96,
            "reinvestment_rate": 452.79,
            "research_to_sale_ratio": null,
            "price_fair": 62.2,
            "eps_avg_yearly": 1.78,
            "eps_latest_yearly": 1.08,
            "eps_growth_yearly": 2787.45
        },
        "20234": {
            "year_quarter": 20234,
            "year": 2023,
            "quarter": 4,
            "eps": 0.63,
            "eps_growth_year": null,
            "eps_4q": 2,
            "eps_4q_growth_year": 99.99,
            "roe": 1.8,
            "roe_4q": 6.640000000000001,
            "gross_profit": 5151,
            "gross_margin": 9.95,
            "gross_margin_4q_avg": 33.42,
            "net_income": 54681,
            "net_income_4q": null,
            "revenue": 51750,
            "revenue_4q": null,
            "common_shares": 920000,
            "book_valuer_per_share": 27.85,
            "book_valuer_per_share_4q_avg": 26.41,
            "equity": 3114778,
            "current_ratio": 177.99,
            "debt_ratio": 41.31,
            "inventory_turnover_ratio": 0.02,
            "account_receivable_turnover_ratio": 1.21,
            "reinvestment_rate": 485.35,
            "research_to_sale_ratio": null,
            "price_fair": 65,
            "eps_avg_yearly": 1.86,
            "eps_latest_yearly": 2.52,
            "eps_growth_yearly": 120.78
        }
    },
    "months": {
        "2001-06": {
            "month": "2001-06",
            "price": "11.12",
            "revenue": 102937
        },
        "2001-07": {
            "month": "2001-07",
            "price": "9.38",
            "revenue": 112197
        },
        "2001-08": {
            "month": "2001-08",
            "price": "11.22",
            "revenue": 98874
        },
        "2001-09": {
            "month": "2001-09",
            "price": "12.04",
            "revenue": 59209
        },
        "2001-10": {
            "month": "2001-10",
            "price": "12.38",
            "revenue": 67736
        },
        "2001-11": {
            "month": "2001-11",
            "price": "12.10",
            "revenue": 74749
        },
        "2001-12": {
            "month": "2001-12",
            "price": "13.39",
            "revenue": 81528
        },
        "2002-01": {
            "month": "2002-01",
            "price": "14.18",
            "revenue": 106990
        },
        "2002-02": {
            "month": "2002-02",
            "price": "12.50",
            "revenue": 98656
        },
        "2002-03": {
            "month": "2002-03",
            "price": "12.37",
            "revenue": 130486
        },
        "2002-04": {
            "month": "2002-04",
            "price": "12.55",
            "revenue": 115682
        },
        "2002-05": {
            "month": "2002-05",
            "price": "10.48",
            "revenue": 137681
        },
        "2002-06": {
            "month": "2002-06",
            "price": "10.51",
            "revenue": 118692
        },
        "2002-07": {
            "month": "2002-07",
            "price": "9.88",
            "revenue": 106126
        },
        "2002-08": {
            "month": "2002-08",
            "price": "9.30",
            "revenue": 99040
        },
        "2002-09": {
            "month": "2002-09",
            "price": "9.34",
            "revenue": 90706
        },
        "2002-10": {
            "month": "2002-10",
            "price": "8.59",
            "revenue": 100673
        },
        "2002-11": {
            "month": "2002-11",
            "price": "9.69",
            "revenue": 112999
        },
        "2002-12": {
            "month": "2002-12",
            "price": "9.54",
            "revenue": 110845
        },
        "2003-01": {
            "month": "2003-01",
            "price": "10.33",
            "revenue": 136523
        },
        "2003-02": {
            "month": "2003-02",
            "price": "8.89",
            "revenue": 94107
        },
        "2003-03": {
            "month": "2003-03",
            "price": "8.37",
            "revenue": 109125
        },
        "2003-04": {
            "month": "2003-04",
            "price": "8.12",
            "revenue": 100114
        },
        "2003-05": {
            "month": "2003-05",
            "price": "7.49",
            "revenue": 102490
        },
        "2003-06": {
            "month": "2003-06",
            "price": "8.72",
            "revenue": 97903
        },
        "2003-07": {
            "month": "2003-07",
            "price": "9.15",
            "revenue": 66478
        },
        "2003-08": {
            "month": "2003-08",
            "price": "8.67",
            "revenue": 86863
        },
        "2003-09": {
            "month": "2003-09",
            "price": "8.86",
            "revenue": 63937
        },
        "2003-10": {
            "month": "2003-10",
            "price": "9.17",
            "revenue": 81906
        },
        "2003-11": {
            "month": "2003-11",
            "price": "9.29",
            "revenue": 88502
        },
        "2003-12": {
            "month": "2003-12",
            "price": "9.55",
            "revenue": 90713
        },
        "2004-01": {
            "month": "2004-01",
            "price": "9.87",
            "revenue": 62557
        },
        "2004-02": {
            "month": "2004-02",
            "price": "13.76",
            "revenue": 114519
        },
        "2004-03": {
            "month": "2004-03",
            "price": "12.20",
            "revenue": 99646
        },
        "2004-04": {
            "month": "2004-04",
            "price": "10.90",
            "revenue": 102270
        },
        "2004-05": {
            "month": "2004-05",
            "price": "9.50",
            "revenue": 82419
        },
        "2004-06": {
            "month": "2004-06",
            "price": "9.36",
            "revenue": 74466
        },
        "2004-07": {
            "month": "2004-07",
            "price": "9.01",
            "revenue": 79660
        },
        "2004-08": {
            "month": "2004-08",
            "price": "9.03",
            "revenue": 99661
        },
        "2004-09": {
            "month": "2004-09",
            "price": "10.10",
            "revenue": 109008
        },
        "2004-10": {
            "month": "2004-10",
            "price": "10.78",
            "revenue": 70415
        },
        "2004-11": {
            "month": "2004-11",
            "price": "10.17",
            "revenue": 56765
        },
        "2004-12": {
            "month": "2004-12",
            "price": "10.10",
            "revenue": 60657
        },
        "2005-01": {
            "month": "2005-01",
            "price": "11.12",
            "revenue": 124277
        },
        "2005-02": {
            "month": "2005-02",
            "price": "9.99",
            "revenue": 84164
        },
        "2005-03": {
            "month": "2005-03",
            "price": "9.72",
            "revenue": 76464
        },
        "2005-04": {
            "month": "2005-04",
            "price": "9.05",
            "revenue": 99214
        },
        "2005-05": {
            "month": "2005-05",
            "price": "9.05",
            "revenue": 81254
        },
        "2005-06": {
            "month": "2005-06",
            "price": "9.96",
            "revenue": 79431
        },
        "2005-07": {
            "month": "2005-07",
            "price": "10.06",
            "revenue": 89035
        },
        "2005-08": {
            "month": "2005-08",
            "price": "9.69",
            "revenue": 78197
        },
        "2005-09": {
            "month": "2005-09",
            "price": "9.35",
            "revenue": 74362
        },
        "2005-10": {
            "month": "2005-10",
            "price": "8.49",
            "revenue": 50882
        },
        "2005-11": {
            "month": "2005-11",
            "price": "8.44",
            "revenue": 96115
        },
        "2005-12": {
            "month": "2005-12",
            "price": "8.71",
            "revenue": 68865
        },
        "2006-01": {
            "month": "2006-01",
            "price": "8.85",
            "revenue": 54623
        },
        "2006-02": {
            "month": "2006-02",
            "price": "8.44",
            "revenue": 56134
        },
        "2006-03": {
            "month": "2006-03",
            "price": "8.07",
            "revenue": 74476
        },
        "2006-04": {
            "month": "2006-04",
            "price": "8.71",
            "revenue": 69417
        },
        "2006-05": {
            "month": "2006-05",
            "price": "12.25",
            "revenue": 57611
        },
        "2006-06": {
            "month": "2006-06",
            "price": "11.01",
            "revenue": 67640
        },
        "2006-07": {
            "month": "2006-07",
            "price": "10.85",
            "revenue": 69678
        },
        "2006-08": {
            "month": "2006-08",
            "price": "10.46",
            "revenue": 52816
        },
        "2006-09": {
            "month": "2006-09",
            "price": "10.10",
            "revenue": 41393
        },
        "2006-10": {
            "month": "2006-10",
            "price": "10.67",
            "revenue": 54248
        },
        "2006-11": {
            "month": "2006-11",
            "price": "11.63",
            "revenue": 36971
        },
        "2006-12": {
            "month": "2006-12",
            "price": "13.09",
            "revenue": 38385
        },
        "2007-01": {
            "month": "2007-01",
            "price": "12.10",
            "revenue": 32604
        },
        "2007-02": {
            "month": "2007-02",
            "price": "11.74",
            "revenue": 36907
        },
        "2007-03": {
            "month": "2007-03",
            "price": "11.86",
            "revenue": 41333
        },
        "2007-04": {
            "month": "2007-04",
            "price": "13.13",
            "revenue": 43932
        },
        "2007-05": {
            "month": "2007-05",
            "price": "12.52",
            "revenue": 68292
        },
        "2007-06": {
            "month": "2007-06",
            "price": "12.78",
            "revenue": 34294
        },
        "2007-07": {
            "month": "2007-07",
            "price": "15.98",
            "revenue": 38557
        },
        "2007-08": {
            "month": "2007-08",
            "price": "14.06",
            "revenue": 30270
        },
        "2007-09": {
            "month": "2007-09",
            "price": "14.28",
            "revenue": 21811
        },
        "2007-10": {
            "month": "2007-10",
            "price": "14.42",
            "revenue": 27627
        },
        "2007-11": {
            "month": "2007-11",
            "price": "12.85",
            "revenue": 31557
        },
        "2007-12": {
            "month": "2007-12",
            "price": "12.06",
            "revenue": 56772
        },
        "2008-01": {
            "month": "2008-01",
            "price": "12.64",
            "revenue": 46025
        },
        "2008-02": {
            "month": "2008-02",
            "price": "13.88",
            "revenue": 32551
        },
        "2008-03": {
            "month": "2008-03",
            "price": "16.40",
            "revenue": 31279
        },
        "2008-04": {
            "month": "2008-04",
            "price": "16.79",
            "revenue": 35918
        },
        "2008-05": {
            "month": "2008-05",
            "price": "15.85",
            "revenue": 35764
        },
        "2008-06": {
            "month": "2008-06",
            "price": "14.01",
            "revenue": 41620
        },
        "2008-07": {
            "month": "2008-07",
            "price": "12.17",
            "revenue": 36674
        },
        "2008-08": {
            "month": "2008-08",
            "price": "12.18",
            "revenue": 37388
        },
        "2008-09": {
            "month": "2008-09",
            "price": "11.30",
            "revenue": 31077
        },
        "2008-10": {
            "month": "2008-10",
            "price": "10.92",
            "revenue": 17861
        },
        "2008-11": {
            "month": "2008-11",
            "price": "11.03",
            "revenue": 20816
        },
        "2008-12": {
            "month": "2008-12",
            "price": "10.74",
            "revenue": 21212
        },
        "2009-01": {
            "month": "2009-01",
            "price": "10.60",
            "revenue": 15247
        },
        "2009-02": {
            "month": "2009-02",
            "price": "10.28",
            "revenue": 20338
        },
        "2009-03": {
            "month": "2009-03",
            "price": "10.50",
            "revenue": 18354
        },
        "2009-04": {
            "month": "2009-04",
            "price": "12.10",
            "revenue": 25659
        },
        "2009-05": {
            "month": "2009-05",
            "price": "14.24",
            "revenue": 14430
        },
        "2009-06": {
            "month": "2009-06",
            "price": "14.53",
            "revenue": 32181
        },
        "2009-07": {
            "month": "2009-07",
            "price": "15.35",
            "revenue": 30448
        },
        "2009-08": {
            "month": "2009-08",
            "price": "14.78",
            "revenue": 24514
        },
        "2009-09": {
            "month": "2009-09",
            "price": "15.83",
            "revenue": 25829
        },
        "2009-10": {
            "month": "2009-10",
            "price": "22.66",
            "revenue": 33010
        },
        "2009-11": {
            "month": "2009-11",
            "price": "26.22",
            "revenue": 36103
        },
        "2009-12": {
            "month": "2009-12",
            "price": "25.91",
            "revenue": 26550
        },
        "2010-01": {
            "month": "2010-01",
            "price": "38.20",
            "revenue": 60794
        },
        "2010-02": {
            "month": "2010-02",
            "price": "40.18",
            "revenue": 35193
        },
        "2010-03": {
            "month": "2010-03",
            "price": "40.79",
            "revenue": 39661
        },
        "2010-04": {
            "month": "2010-04",
            "price": "41.07",
            "revenue": 51411
        },
        "2010-05": {
            "month": "2010-05",
            "price": "35.16",
            "revenue": 33525
        },
        "2010-06": {
            "month": "2010-06",
            "price": "34.15",
            "revenue": 37291
        },
        "2010-07": {
            "month": "2010-07",
            "price": "38.89",
            "revenue": 41762
        },
        "2010-08": {
            "month": "2010-08",
            "price": "49.48",
            "revenue": 27424
        },
        "2010-09": {
            "month": "2010-09",
            "price": "43.08",
            "revenue": 48632
        },
        "2010-10": {
            "month": "2010-10",
            "price": "41.35",
            "revenue": 47849
        },
        "2010-11": {
            "month": "2010-11",
            "price": "41.31",
            "revenue": 37519
        },
        "2010-12": {
            "month": "2010-12",
            "price": "41.22",
            "revenue": 31666
        },
        "2011-01": {
            "month": "2011-01",
            "price": "38.82",
            "revenue": 44229
        },
        "2011-02": {
            "month": "2011-02",
            "price": "35.42",
            "revenue": 21276
        },
        "2011-03": {
            "month": "2011-03",
            "price": "35.27",
            "revenue": 55769
        },
        "2011-04": {
            "month": "2011-04",
            "price": "39.67",
            "revenue": 52912
        },
        "2011-05": {
            "month": "2011-05",
            "price": "48.61",
            "revenue": 48386
        },
        "2011-06": {
            "month": "2011-06",
            "price": "48.95",
            "revenue": 60351
        },
        "2011-07": {
            "month": "2011-07",
            "price": "41.38",
            "revenue": 60262
        },
        "2011-08": {
            "month": "2011-08",
            "price": "26.35",
            "revenue": 48400
        },
        "2011-09": {
            "month": "2011-09",
            "price": "20.82",
            "revenue": 97265
        },
        "2011-10": {
            "month": "2011-10",
            "price": "21.62",
            "revenue": 69071
        },
        "2011-11": {
            "month": "2011-11",
            "price": "20.62",
            "revenue": 79824
        },
        "2011-12": {
            "month": "2011-12",
            "price": "19.30",
            "revenue": 56444
        },
        "2012-01": {
            "month": "2012-01",
            "price": "19.70",
            "revenue": 64196
        },
        "2012-02": {
            "month": "2012-02",
            "price": "21.86",
            "revenue": 83342
        },
        "2012-03": {
            "month": "2012-03",
            "price": "21.90",
            "revenue": 67712
        },
        "2012-04": {
            "month": "2012-04",
            "price": "17.93",
            "revenue": 44769
        },
        "2012-05": {
            "month": "2012-05",
            "price": "15.74",
            "revenue": 78312
        },
        "2012-06": {
            "month": "2012-06",
            "price": "15.03",
            "revenue": 60906
        },
        "2012-07": {
            "month": "2012-07",
            "price": "15.72",
            "revenue": 69465
        },
        "2012-08": {
            "month": "2012-08",
            "price": "15.46",
            "revenue": 37680
        },
        "2012-09": {
            "month": "2012-09",
            "price": "16.45",
            "revenue": 52576
        },
        "2012-10": {
            "month": "2012-10",
            "price": "15.26",
            "revenue": 70310
        },
        "2012-11": {
            "month": "2012-11",
            "price": "14.26",
            "revenue": 57963
        },
        "2012-12": {
            "month": "2012-12",
            "price": "14.70",
            "revenue": 52758
        },
        "2013-01": {
            "month": "2013-01",
            "price": "14.57",
            "revenue": 45465
        },
        "2013-02": {
            "month": "2013-02",
            "price": "14.55",
            "revenue": 18065
        },
        "2013-03": {
            "month": "2013-03",
            "price": "14.87",
            "revenue": 65347
        },
        "2013-04": {
            "month": "2013-04",
            "price": "14.00",
            "revenue": 47611
        },
        "2013-05": {
            "month": "2013-05",
            "price": "15.54",
            "revenue": 28776
        },
        "2013-06": {
            "month": "2013-06",
            "price": "15.66",
            "revenue": 15153
        },
        "2013-07": {
            "month": "2013-07",
            "price": "14.93",
            "revenue": 32459
        },
        "2013-08": {
            "month": "2013-08",
            "price": "14.50",
            "revenue": 42629
        },
        "2013-09": {
            "month": "2013-09",
            "price": "15.11",
            "revenue": 44679
        },
        "2013-10": {
            "month": "2013-10",
            "price": "15.53",
            "revenue": 34103
        },
        "2013-11": {
            "month": "2013-11",
            "price": "15.26",
            "revenue": 19482
        },
        "2013-12": {
            "month": "2013-12",
            "price": "15.25",
            "revenue": 55867
        },
        "2014-01": {
            "month": "2014-01",
            "price": "15.22",
            "revenue": 19063
        },
        "2014-02": {
            "month": "2014-02",
            "price": "14.84",
            "revenue": 22821
        },
        "2014-03": {
            "month": "2014-03",
            "price": "14.76",
            "revenue": 32531
        },
        "2014-04": {
            "month": "2014-04",
            "price": "14.60",
            "revenue": 34342
        },
        "2014-05": {
            "month": "2014-05",
            "price": "14.27",
            "revenue": 30104
        },
        "2014-06": {
            "month": "2014-06",
            "price": "14.54",
            "revenue": 38977
        },
        "2014-07": {
            "month": "2014-07",
            "price": "14.27",
            "revenue": 42398
        },
        "2014-08": {
            "month": "2014-08",
            "price": "14.14",
            "revenue": 31707
        },
        "2014-09": {
            "month": "2014-09",
            "price": "13.94",
            "revenue": 43306
        },
        "2014-10": {
            "month": "2014-10",
            "price": "13.62",
            "revenue": 44277
        },
        "2014-11": {
            "month": "2014-11",
            "price": "13.54",
            "revenue": 37048
        },
        "2014-12": {
            "month": "2014-12",
            "price": "14.14",
            "revenue": 47217
        },
        "2015-01": {
            "month": "2015-01",
            "price": "14.58",
            "revenue": 36330
        },
        "2015-02": {
            "month": "2015-02",
            "price": "14.75",
            "revenue": 23092
        },
        "2015-03": {
            "month": "2015-03",
            "price": "15.90",
            "revenue": 36120
        },
        "2015-04": {
            "month": "2015-04",
            "price": "16.55",
            "revenue": 19972
        },
        "2015-05": {
            "month": "2015-05",
            "price": "15.29",
            "revenue": 50822
        },
        "2015-06": {
            "month": "2015-06",
            "price": "14.41",
            "revenue": 18109
        },
        "2015-07": {
            "month": "2015-07",
            "price": "13.64",
            "revenue": 34690
        },
        "2015-08": {
            "month": "2015-08",
            "price": "12.41",
            "revenue": 21838
        },
        "2015-09": {
            "month": "2015-09",
            "price": "12.50",
            "revenue": 25452
        },
        "2015-10": {
            "month": "2015-10",
            "price": "13.08",
            "revenue": 37974
        },
        "2015-11": {
            "month": "2015-11",
            "price": "12.66",
            "revenue": 38187
        },
        "2015-12": {
            "month": "2015-12",
            "price": "13.50",
            "revenue": 15794
        },
        "2016-01": {
            "month": "2016-01",
            "price": "13.53",
            "revenue": 47620
        },
        "2016-02": {
            "month": "2016-02",
            "price": "13.29",
            "revenue": 36354
        },
        "2016-03": {
            "month": "2016-03",
            "price": "13.44",
            "revenue": 21639
        },
        "2016-04": {
            "month": "2016-04",
            "price": "13.93",
            "revenue": 29473
        },
        "2016-05": {
            "month": "2016-05",
            "price": "13.15",
            "revenue": 29551
        },
        "2016-06": {
            "month": "2016-06",
            "price": "13.04",
            "revenue": 21932
        },
        "2016-07": {
            "month": "2016-07",
            "price": "13.74",
            "revenue": 26518
        },
        "2016-08": {
            "month": "2016-08",
            "price": "14.98",
            "revenue": 33540
        },
        "2016-09": {
            "month": "2016-09",
            "price": "17.20",
            "revenue": 15375
        },
        "2016-10": {
            "month": "2016-10",
            "price": "18.15",
            "revenue": 25777
        },
        "2016-11": {
            "month": "2016-11",
            "price": "16.12",
            "revenue": 36667
        },
        "2016-12": {
            "month": "2016-12",
            "price": "16.18",
            "revenue": 34919
        },
        "2017-01": {
            "month": "2017-01",
            "price": "16.17",
            "revenue": 25776
        },
        "2017-02": {
            "month": "2017-02",
            "price": "24.14",
            "revenue": 25776
        },
        "2017-03": {
            "month": "2017-03",
            "price": "23.78",
            "revenue": 25208
        },
        "2017-04": {
            "month": "2017-04",
            "price": "19.84",
            "revenue": 19886
        },
        "2017-05": {
            "month": "2017-05",
            "price": "19.87",
            "revenue": 26239
        },
        "2017-06": {
            "month": "2017-06",
            "price": "21.86",
            "revenue": 16203
        },
        "2017-07": {
            "month": "2017-07",
            "price": "22.70",
            "revenue": 24111
        },
        "2017-08": {
            "month": "2017-08",
            "price": "21.44",
            "revenue": 8361
        },
        "2017-09": {
            "month": "2017-09",
            "price": "20.33",
            "revenue": 17821
        },
        "2017-10": {
            "month": "2017-10",
            "price": "20.12",
            "revenue": 27199
        },
        "2017-11": {
            "month": "2017-11",
            "price": "19.64",
            "revenue": 24911
        },
        "2017-12": {
            "month": "2017-12",
            "price": "20.07",
            "revenue": 21728
        },
        "2018-01": {
            "month": "2018-01",
            "price": "20.60",
            "revenue": 22207
        },
        "2018-02": {
            "month": "2018-02",
            "price": "22.14",
            "revenue": 20871
        },
        "2018-03": {
            "month": "2018-03",
            "price": "25.32",
            "revenue": 21954
        },
        "2018-04": {
            "month": "2018-04",
            "price": "40.16",
            "revenue": 26397
        },
        "2018-05": {
            "month": "2018-05",
            "price": "44.97",
            "revenue": 31176
        },
        "2018-06": {
            "month": "2018-06",
            "price": "41.20",
            "revenue": 22754
        },
        "2018-07": {
            "month": "2018-07",
            "price": "33.93",
            "revenue": 16494
        },
        "2018-08": {
            "month": "2018-08",
            "price": "28.74",
            "revenue": 12818
        },
        "2018-09": {
            "month": "2018-09",
            "price": "27.26",
            "revenue": 33552
        },
        "2018-10": {
            "month": "2018-10",
            "price": "31.59",
            "revenue": 15494
        },
        "2018-11": {
            "month": "2018-11",
            "price": "33.13",
            "revenue": 28106
        },
        "2018-12": {
            "month": "2018-12",
            "price": "33.96",
            "revenue": 12198
        },
        "2019-01": {
            "month": "2019-01",
            "price": "33.01",
            "revenue": 22506
        },
        "2019-02": {
            "month": "2019-02",
            "price": "32.15",
            "revenue": 26367
        },
        "2019-03": {
            "month": "2019-03",
            "price": "29.64",
            "revenue": 6578
        },
        "2019-04": {
            "month": "2019-04",
            "price": "31.33",
            "revenue": 17363
        },
        "2019-05": {
            "month": "2019-05",
            "price": "31.62",
            "revenue": 15025
        },
        "2019-06": {
            "month": "2019-06",
            "price": "31.46",
            "revenue": 18448
        },
        "2019-07": {
            "month": "2019-07",
            "price": "31.15",
            "revenue": 8634
        },
        "2019-08": {
            "month": "2019-08",
            "price": "28.71",
            "revenue": 10921
        },
        "2019-09": {
            "month": "2019-09",
            "price": "29.48",
            "revenue": 12636
        },
        "2019-10": {
            "month": "2019-10",
            "price": "28.54",
            "revenue": 6760
        },
        "2019-11": {
            "month": "2019-11",
            "price": "28.68",
            "revenue": 16504
        },
        "2019-12": {
            "month": "2019-12",
            "price": "31.64",
            "revenue": 11264
        },
        "2020-01": {
            "month": "2020-01",
            "price": "31.83",
            "revenue": 10775
        },
        "2020-02": {
            "month": "2020-02",
            "price": "32.82",
            "revenue": 11862
        },
        "2020-03": {
            "month": "2020-03",
            "price": "30.71",
            "revenue": 27092
        },
        "2020-04": {
            "month": "2020-04",
            "price": "34.33",
            "revenue": 3160
        },
        "2020-05": {
            "month": "2020-05",
            "price": "35.52",
            "revenue": 8281
        },
        "2020-06": {
            "month": "2020-06",
            "price": "36.82",
            "revenue": 8659
        },
        "2020-07": {
            "month": "2020-07",
            "price": "38.59",
            "revenue": 7998
        },
        "2020-08": {
            "month": "2020-08",
            "price": "38.57",
            "revenue": 6712
        },
        "2020-09": {
            "month": "2020-09",
            "price": "28.85",
            "revenue": 4997
        },
        "2020-10": {
            "month": "2020-10",
            "price": "27.33",
            "revenue": 6211
        },
        "2020-11": {
            "month": "2020-11",
            "price": "27.67",
            "revenue": 2288
        },
        "2020-12": {
            "month": "2020-12",
            "price": "28.09",
            "revenue": 15085
        },
        "2021-01": {
            "month": "2021-01",
            "price": "26.92",
            "revenue": 6140
        },
        "2021-02": {
            "month": "2021-02",
            "price": "25.92",
            "revenue": 5257
        },
        "2021-03": {
            "month": "2021-03",
            "price": "25.92",
            "revenue": 11128
        },
        "2021-04": {
            "month": "2021-04",
            "price": "25.38",
            "revenue": 5984
        },
        "2021-05": {
            "month": "2021-05",
            "price": "24.14",
            "revenue": 8858
        },
        "2021-06": {
            "month": "2021-06",
            "price": "24.70",
            "revenue": 4245
        },
        "2021-07": {
            "month": "2021-07",
            "price": "23.94",
            "revenue": 5312
        },
        "2021-08": {
            "month": "2021-08",
            "price": "22.63",
            "revenue": 8056
        },
        "2021-09": {
            "month": "2021-09",
            "price": "22.47",
            "revenue": 5322
        },
        "2021-10": {
            "month": "2021-10",
            "price": "22.28",
            "revenue": 5850
        },
        "2021-11": {
            "month": "2021-11",
            "price": "22.88",
            "revenue": 9735
        },
        "2021-12": {
            "month": "2021-12",
            "price": "23.67",
            "revenue": 2912
        },
        "2022-01": {
            "month": "2022-01",
            "price": "23.07",
            "revenue": 7781
        },
        "2022-02": {
            "month": "2022-02",
            "price": "22.02",
            "revenue": 290
        },
        "2022-03": {
            "month": "2022-03",
            "price": "22.70",
            "revenue": 3888
        },
        "2022-04": {
            "month": "2022-04",
            "price": "23.40",
            "revenue": 194
        },
        "2022-05": {
            "month": "2022-05",
            "price": "21.67",
            "revenue": 3884
        },
        "2022-06": {
            "month": "2022-06",
            "price": "20.11",
            "revenue": 194
        },
        "2022-07": {
            "month": "2022-07",
            "price": "19.23",
            "revenue": 194
        },
        "2022-08": {
            "month": "2022-08",
            "price": "19.79",
            "revenue": 196
        },
        "2022-09": {
            "month": "2022-09",
            "price": "19.72",
            "revenue": 69195
        },
        "2022-10": {
            "month": "2022-10",
            "price": "20.10",
            "revenue": 386442
        },
        "2022-11": {
            "month": "2022-11",
            "price": "21.81",
            "revenue": 84087
        },
        "2022-12": {
            "month": "2022-12",
            "price": "21.40",
            "revenue": 13807
        },
        "2023-01": {
            "month": "2023-01",
            "price": "21.57",
            "revenue": 44882
        },
        "2023-02": {
            "month": "2023-02",
            "price": "22.49",
            "revenue": 13551
        },
        "2023-03": {
            "month": "2023-03",
            "price": "23.57",
            "revenue": 31665
        },
        "2023-04": {
            "month": "2023-04",
            "price": "22.21",
            "revenue": 8303
        },
        "2023-05": {
            "month": "2023-05",
            "price": "22.49",
            "revenue": 4615
        },
        "2023-06": {
            "month": "2023-06",
            "price": "22.54",
            "revenue": 7593
        },
        "2023-07": {
            "month": "2023-07",
            "price": "22.48",
            "revenue": 24130
        },
        "2023-08": {
            "month": "2023-08",
            "price": "22.57",
            "revenue": 7761
        },
        "2023-09": {
            "month": "2023-09",
            "price": "22.97",
            "revenue": 4941
        },
        "2023-10": {
            "month": "2023-10",
            "price": "22.77",
            "revenue": 15892
        },
        "2023-11": {
            "month": "2023-11",
            "price": "22.81",
            "revenue": 16558
        },
        "2023-12": {
            "month": "2023-12",
            "price": "23.70",
            "revenue": 19301
        },
        "2024-01": {
            "month": "2024-01",
            "price": "24.41",
            "revenue": 5949
        },
        "2024-02": {
            "month": "2024-02",
            "price": "24.98",
            "revenue": 12245
        }
    }
}
