{
    "summary": {
        "stock_name": "南紡",
        "stock_id": "1440",
        "category": "紡織纖維",
        "main_business": "各種紡織品之製造加工及販賣<br>有關合成纖維製品之製造及販賣<br>委託營造廠興建國民住宅、商業大樓出租、出售業務",
        "website_url": "http://www.tainanspin.com.tw",
        "ceo": "王立範",
        "pe_ratio": -415,
        "report_year_from": 2001,
        "report_year_to": 2023,
        "age": 22,
        "eps_negative_percentage": 13,
        "eps_growth_avg": {
            "last_all": 7.29,
            "last_2y": 46.52,
            "last_4y": 18.64,
            "last_8y": 11.85,
            "last_12y": 16.89,
            "last_16y": 14.64,
            "last_20y": 7.29,
            "at_2006_last_3y": -29.44,
            "at_2007_last_3y": -2.78,
            "at_2008_last_3y": -33.33,
            "at_2009_last_3y": 0,
            "at_2010_last_3y": 33.33,
            "at_2011_last_3y": -26.25,
            "at_2012_last_3y": 13.39,
            "at_2013_last_3y": 28.23,
            "at_2014_last_3y": -12.23,
            "at_2015_last_3y": 32.45,
            "at_2016_last_3y": 14.39,
            "at_2017_last_3y": 3.35,
            "at_2018_last_3y": 29.92,
            "at_2019_last_3y": -17.77,
            "at_2020_last_3y": 20.56,
            "at_2021_last_3y": 38.42,
            "at_2022_last_3y": 12.19,
            "at_2023_last_3y": 12.19,
            "at_2006_last_all": -29.44,
            "at_2007_last_all": 2.92,
            "at_2008_last_all": -17.67,
            "at_2009_last_all": -17.67,
            "at_2010_last_all": 1.94,
            "at_2011_last_all": -9.58,
            "at_2012_last_all": -6.02,
            "at_2013_last_all": 2.73,
            "at_2014_last_all": -3.73,
            "at_2015_last_all": 5.7,
            "at_2016_last_all": 0.78,
            "at_2017_last_all": 2.92,
            "at_2018_last_all": 5.89,
            "at_2019_last_all": -0.56,
            "at_2020_last_all": 5.73,
            "at_2021_last_all": 11.27,
            "at_2022_last_all": 7.29,
            "at_2023_last_all": 7.29
        },
        "latest_eps": -0.04,
        "latest_price": 16.6,
        "latest_roe": -0.14,
        "latest_gross_margin": -1.27,
        "latest_equity": 27016515,
        "latest_revenue": 5453311,
        "latest_gross_profit": -69047,
        "latest_net_income": -462189,
        "latest_debt_ratio": 46.61,
        "latest_current_ratio": 118.21,
        "latest_account_receivable_turnover_ratio": 3.23,
        "latest_inventory_turnover_ratio": 0.92,
        "latest_reinvestment_rate": 61.57,
        "latest_research_to_sale_ratio": 0.15
    },
    "eps_dividends": {
        "1991": {
            "cash": 0,
            "stock": 2,
            "eps": 0
        },
        "1992": {
            "cash": 0,
            "stock": 2.2,
            "eps": 0
        },
        "1993": {
            "cash": 0,
            "stock": 1.2,
            "eps": 0
        },
        "1994": {
            "cash": 0,
            "stock": 1,
            "eps": 0
        },
        "1995": {
            "cash": 0,
            "stock": 1.8,
            "eps": 0
        },
        "2000": {
            "cash": 0.4,
            "stock": 0.4,
            "eps": 0
        },
        "2001": {
            "cash": 0,
            "stock": 0,
            "eps": -0.64
        },
        "2002": {
            "cash": 0,
            "stock": 0,
            "eps": 0.5
        },
        "2003": {
            "cash": 0.2,
            "stock": 0,
            "eps": 0.6
        },
        "2004": {
            "cash": 0.3,
            "stock": 0,
            "eps": 0.55
        },
        "2005": {
            "cash": 0.2,
            "stock": 0,
            "eps": 0
        },
        "2006": {
            "cash": 0,
            "stock": 0,
            "eps": 0.31
        },
        "2007": {
            "cash": 0.25,
            "stock": 0,
            "eps": 1.15
        },
        "2008": {
            "cash": 0.6,
            "stock": 0,
            "eps": -0.16
        },
        "2009": {
            "cash": 0,
            "stock": 0,
            "eps": 0.65
        },
        "2010": {
            "cash": 0.4,
            "stock": 0.2,
            "eps": 1.74
        },
        "2011": {
            "cash": 1,
            "stock": 0.3,
            "eps": 0.37
        },
        "2012": {
            "cash": 0,
            "stock": 0,
            "eps": 0.44
        },
        "2013": {
            "cash": 0.15,
            "stock": 0.15,
            "eps": 0.76
        },
        "2014": {
            "cash": 0.3,
            "stock": 0.3,
            "eps": 0.29
        },
        "2015": {
            "cash": 0.17,
            "stock": 0.1,
            "eps": 0.75
        },
        "2016": {
            "cash": 0.45,
            "stock": 0,
            "eps": 0.35
        },
        "2017": {
            "cash": 0.32,
            "stock": 0,
            "eps": 0.45
        },
        "2018": {
            "cash": 0.36,
            "stock": 0,
            "eps": 0.65
        },
        "2019": {
            "cash": 0.4,
            "stock": 0,
            "eps": 0.06
        },
        "2020": {
            "cash": 0.2,
            "stock": 0,
            "eps": 0.56
        },
        "2021": {
            "cash": 0.35,
            "stock": 0,
            "eps": 1.77
        },
        "2022": {
            "cash": 0.8,
            "stock": 0,
            "eps": 0.7
        },
        "2023": {
            "cash": 0.35,
            "stock": 0,
            "eps": -0.29
        }
    },
    "dividends": {
        "1991-05-30": {
            "cash": 0,
            "stock": 2
        },
        "1992-05-16": {
            "cash": 0,
            "stock": 2.2
        },
        "1993-05-28": {
            "cash": 0,
            "stock": 1.2
        },
        "1994-05-20": {
            "cash": 0,
            "stock": 1
        },
        "1995-05-30": {
            "cash": 0,
            "stock": 1.8
        },
        "2000-06-03": {
            "cash": 0.4,
            "stock": 0.4
        },
        "2003-05-28": {
            "cash": 0.2,
            "stock": 0
        },
        "2004-06-10": {
            "cash": 0.3,
            "stock": 0
        },
        "2005-03-18": {
            "cash": 0.2,
            "stock": 0
        },
        "2007-03-20": {
            "cash": 0.25,
            "stock": 0
        },
        "2008-03-18": {
            "cash": 0.6,
            "stock": 0
        },
        "2010-03-17": {
            "cash": 0.4,
            "stock": 0.2
        },
        "2011-01-01": {
            "cash": 0.2,
            "stock": 0
        },
        "2011-03-17": {
            "cash": 0.8,
            "stock": 0.3
        },
        "2013-03-21": {
            "cash": 0.15,
            "stock": 0.15
        },
        "2014-09-12": {
            "cash": 0.3,
            "stock": 0.3
        },
        "2015-09-03": {
            "cash": 0.17,
            "stock": 0.1
        },
        "2016-09-09": {
            "cash": 0.45,
            "stock": 0
        },
        "2017-09-08": {
            "cash": 0.32,
            "stock": 0
        },
        "2018-09-10": {
            "cash": 0.36,
            "stock": 0
        },
        "2019-09-10": {
            "cash": 0.4,
            "stock": 0
        },
        "2020-09-10": {
            "cash": 0.2,
            "stock": 0
        },
        "2021-09-08": {
            "cash": 0.35,
            "stock": 0
        },
        "2022-08-15": {
            "cash": 0.8,
            "stock": 0
        },
        "2023-08-15": {
            "cash": 0.35,
            "stock": 0
        }
    },
    "prices": {
        "200101": "4.98",
        "200102": "5.36",
        "200103": "4.71",
        "200104": "4.20",
        "200105": "3.37",
        "200106": "3.38",
        "200107": "3.16",
        "200108": "3.52",
        "200109": "3.29",
        "200110": "3.13",
        "200111": "3.06",
        "200112": "3.36",
        "200201": "3.94",
        "200202": "3.86",
        "200203": "5.18",
        "200204": "6.71",
        "200205": "6.52",
        "200206": "6.84",
        "200207": "5.98",
        "200208": "5.44",
        "200209": "5.27",
        "200210": "4.84",
        "200211": "5.78",
        "200212": "6.22",
        "200301": "7.91",
        "200302": "8.95",
        "200303": "6.94",
        "200304": "7.20",
        "200305": "6.54",
        "200306": "7.28",
        "200307": "7.36",
        "200308": "7.32",
        "200309": "7.33",
        "200310": "8.68",
        "200311": "10.20",
        "200312": "9.81",
        "200401": "10.88",
        "200402": "11.64",
        "200403": "10.91",
        "200404": "10.57",
        "200405": "9.87",
        "200406": "9.30",
        "200407": "8.69",
        "200408": "8.42",
        "200409": "9.72",
        "200410": "9.59",
        "200411": "9.45",
        "200412": "10.18",
        "200501": "10.74",
        "200502": "10.20",
        "200503": "9.74",
        "200504": "8.32",
        "200505": "7.54",
        "200506": "7.90",
        "200507": "7.81",
        "200508": "7.45",
        "200509": "6.87",
        "200510": "6.70",
        "200511": "6.87",
        "200512": "7.12",
        "200601": "6.85",
        "200602": "6.42",
        "200603": "6.05",
        "200604": "6.31",
        "200605": "7.83",
        "200606": "7.38",
        "200607": "7.08",
        "200608": "6.99",
        "200609": "6.99",
        "200610": "8.29",
        "200611": "9.92",
        "200612": "15.32",
        "200701": "15.15",
        "200702": "14.91",
        "200703": "14.00",
        "200704": "15.18",
        "200705": "15.22",
        "200706": "15.03",
        "200707": "16.88",
        "200708": "16.35",
        "200709": "17.21",
        "200710": "17.23",
        "200711": "14.11",
        "200712": "12.97",
        "200801": "14.58",
        "200802": "16.76",
        "200803": "17.06",
        "200804": "17.41",
        "200805": "16.70",
        "200806": "13.83",
        "200807": "11.15",
        "200808": "10.47",
        "200809": "8.53",
        "200810": "6.45",
        "200811": "6.15",
        "200812": "6.23",
        "200901": "6.30",
        "200902": "6.10",
        "200903": "6.69",
        "200904": "8.35",
        "200905": "9.44",
        "200906": "9.96",
        "200907": "12.36",
        "200908": "11.04",
        "200909": "11.85",
        "200910": "12.62",
        "200911": "12.18",
        "200912": "12.30",
        "201001": "13.19",
        "201002": "11.70",
        "201003": "12.85",
        "201004": "13.81",
        "201005": "13.00",
        "201006": "13.05",
        "201007": "13.51",
        "201008": "15.10",
        "201009": "16.20",
        "201010": "19.05",
        "201011": "21.62",
        "201012": "22.13",
        "201101": "21.08",
        "201102": "19.35",
        "201103": "18.77",
        "201104": "19.69",
        "201105": "18.58",
        "201106": "17.96",
        "201107": "18.56",
        "201108": "16.29",
        "201109": "13.86",
        "201110": "13.60",
        "201111": "11.82",
        "201112": "10.06",
        "201201": "10.77",
        "201202": "12.87",
        "201203": "14.08",
        "201204": "12.44",
        "201205": "12.58",
        "201206": "12.18",
        "201207": "11.98",
        "201208": "13.09",
        "201209": "14.02",
        "201210": "13.75",
        "201211": "12.93",
        "201212": "13.60",
        "201301": "14.19",
        "201302": "14.37",
        "201303": "14.84",
        "201304": "14.37",
        "201305": "14.64",
        "201306": "14.17",
        "201307": "14.60",
        "201308": "14.40",
        "201309": "16.45",
        "201310": "21.69",
        "201311": "21.64",
        "201312": "21.08",
        "201401": "20.68",
        "201402": "20.46",
        "201403": "21.26",
        "201404": "21.30",
        "201405": "19.31",
        "201406": "19.44",
        "201407": "19.55",
        "201408": "18.51",
        "201409": "18.19",
        "201410": "17.00",
        "201411": "17.24",
        "201412": "18.41",
        "201501": "17.60",
        "201502": "17.33",
        "201503": "16.84",
        "201504": "16.42",
        "201505": "16.94",
        "201506": "15.95",
        "201507": "14.82",
        "201508": "13.78",
        "201509": "13.95",
        "201510": "15.53",
        "201511": "14.88",
        "201512": "14.05",
        "201601": "13.58",
        "201602": "13.79",
        "201603": "13.90",
        "201604": "13.19",
        "201605": "12.76",
        "201606": "12.44",
        "201607": "13.34",
        "201608": "13.28",
        "201609": "12.54",
        "201610": "12.40",
        "201611": "12.01",
        "201612": "12.32",
        "201701": "12.98",
        "201702": "13.79",
        "201703": "14.79",
        "201704": "14.33",
        "201705": "13.55",
        "201706": "13.43",
        "201707": "13.25",
        "201708": "13.16",
        "201709": "13.70",
        "201710": "13.85",
        "201711": "13.54",
        "201712": "13.42",
        "201801": "14.20",
        "201802": "13.39",
        "201803": "13.29",
        "201804": "13.25",
        "201805": "13.32",
        "201806": "14.32",
        "201807": "13.27",
        "201808": "13.53",
        "201809": "13.38",
        "201810": "12.67",
        "201811": "12.37",
        "201812": "12.38",
        "201901": "11.92",
        "201902": "12.24",
        "201903": "12.31",
        "201904": "12.18",
        "201905": "12.21",
        "201906": "12.16",
        "201907": "12.34",
        "201908": "11.69",
        "201909": "11.42",
        "201910": "11.30",
        "201911": "10.88",
        "201912": "10.55",
        "202001": "10.45",
        "202002": "10.13",
        "202003": "8.77",
        "202004": "8.49",
        "202005": "8.82",
        "202006": "10.73",
        "202007": "11.15",
        "202008": "11.20",
        "202009": "11.95",
        "202010": "12.11",
        "202011": "14.24",
        "202012": "14.81",
        "202101": "13.64",
        "202102": "13.85",
        "202103": "15.97",
        "202104": "24.28",
        "202105": "27.72",
        "202106": "27.98",
        "202107": "26.18",
        "202108": "23.40",
        "202109": "22.50",
        "202110": "22.68",
        "202111": "23.75",
        "202112": "24.65",
        "202201": "24.59",
        "202202": "24.37",
        "202203": "23.18",
        "202204": "22.27",
        "202205": "19.80",
        "202206": "20.14",
        "202207": "18.10",
        "202208": "18.21",
        "202209": "17.84",
        "202210": "16.39",
        "202211": "17.04",
        "202212": "17.22",
        "202301": "16.78",
        "202302": "17.53",
        "202303": "17.16",
        "202304": "16.91",
        "202305": "16.40",
        "202306": "16.43"
    },
    "quarters": {
        "20011": {
            "year_quarter": 20011,
            "year": 2001,
            "quarter": 1,
            "eps": 0.02,
            "eps_growth_year": -50,
            "eps_4q": -0.02,
            "eps_4q_growth_year": -106.15,
            "roe": 0.13,
            "roe_4q": 0.13,
            "gross_profit": 148093,
            "gross_margin": 6.25,
            "gross_margin_4q_avg": 6.25,
            "net_income": 24386,
            "revenue": 2368050,
            "common_shares": 15013380,
            "book_valuer_per_share": 12.57,
            "book_valuer_per_share_4q_avg": 12.57,
            "equity": 18869203,
            "current_ratio": 155.23,
            "debt_ratio": 38.49,
            "inventory_turnover_ratio": 0.54,
            "account_receivable_turnover_ratio": null,
            "reinvestment_rate": null,
            "research_to_sale_ratio": null,
            "price_fair": 0,
            "eps_avg_yearly": 0,
            "eps_latest_yearly": 0,
            "eps_growth_yearly": 0
        },
        "20012": {
            "year_quarter": 20012,
            "year": 2001,
            "quarter": 2,
            "eps": -0.23,
            "eps_growth_year": -1250,
            "eps_4q": -0.27,
            "eps_4q_growth_year": -188.28,
            "roe": -1.88,
            "roe_4q": -1.75,
            "gross_profit": 68373,
            "gross_margin": 2.78,
            "gross_margin_4q_avg": 4.52,
            "net_income": -350666,
            "revenue": 2460364,
            "common_shares": 15013380,
            "book_valuer_per_share": 12.32,
            "book_valuer_per_share_4q_avg": 12.45,
            "equity": 18501563,
            "current_ratio": 143.02,
            "debt_ratio": 39.33,
            "inventory_turnover_ratio": 0.64,
            "account_receivable_turnover_ratio": null,
            "reinvestment_rate": null,
            "research_to_sale_ratio": null,
            "price_fair": 0,
            "eps_avg_yearly": 0,
            "eps_latest_yearly": 0,
            "eps_growth_yearly": 0
        },
        "20013": {
            "year_quarter": 20013,
            "year": 2001,
            "quarter": 3,
            "eps": -0.11,
            "eps_growth_year": null,
            "eps_4q": -0.34,
            "eps_4q_growth_year": -297.55,
            "roe": -0.88,
            "roe_4q": -2.63,
            "gross_profit": 9430,
            "gross_margin": 0.38,
            "gross_margin_4q_avg": 3.14,
            "net_income": -160732,
            "revenue": 2511427,
            "common_shares": 15013380,
            "book_valuer_per_share": 12.12,
            "book_valuer_per_share_4q_avg": 12.34,
            "equity": 18202979,
            "current_ratio": 150.81,
            "debt_ratio": 39.21,
            "inventory_turnover_ratio": 0.66,
            "account_receivable_turnover_ratio": null,
            "reinvestment_rate": null,
            "research_to_sale_ratio": null,
            "price_fair": 0,
            "eps_avg_yearly": 0,
            "eps_latest_yearly": 0,
            "eps_growth_yearly": 0
        },
        "20014": {
            "year_quarter": 20014,
            "year": 2001,
            "quarter": 4,
            "eps": -0.32,
            "eps_growth_year": null,
            "eps_4q": -0.65,
            "eps_4q_growth_year": -6637.9,
            "roe": -2.7,
            "roe_4q": -5.33,
            "gross_profit": 36543,
            "gross_margin": 1.73,
            "gross_margin_4q_avg": 2.79,
            "net_income": -486883,
            "revenue": 2106773,
            "common_shares": 15013380,
            "book_valuer_per_share": 11.87,
            "book_valuer_per_share_4q_avg": 12.22,
            "equity": 17818346,
            "current_ratio": 179.62,
            "debt_ratio": 41.04,
            "inventory_turnover_ratio": 0.49,
            "account_receivable_turnover_ratio": null,
            "reinvestment_rate": null,
            "research_to_sale_ratio": null,
            "price_fair": 0,
            "eps_avg_yearly": 0,
            "eps_latest_yearly": 0,
            "eps_growth_yearly": 0
        },
        "20021": {
            "year_quarter": 20021,
            "year": 2002,
            "quarter": 1,
            "eps": 0.09,
            "eps_growth_year": 350,
            "eps_4q": -0.61,
            "eps_4q_growth_year": null,
            "roe": 0.71,
            "roe_4q": -4.75,
            "gross_profit": 194610,
            "gross_margin": 7.95,
            "gross_margin_4q_avg": 3.21,
            "net_income": 128043,
            "revenue": 2449360,
            "common_shares": 15013380,
            "book_valuer_per_share": 12.01,
            "book_valuer_per_share_4q_avg": 12.08,
            "equity": 18030721,
            "current_ratio": 159.8,
            "debt_ratio": 39.09,
            "inventory_turnover_ratio": 0.53,
            "account_receivable_turnover_ratio": null,
            "reinvestment_rate": null,
            "research_to_sale_ratio": null,
            "price_fair": 0,
            "eps_avg_yearly": 0,
            "eps_latest_yearly": 0,
            "eps_growth_yearly": 0
        },
        "20022": {
            "year_quarter": 20022,
            "year": 2002,
            "quarter": 2,
            "eps": 0.24,
            "eps_growth_year": null,
            "eps_4q": -0.11,
            "eps_4q_growth_year": null,
            "roe": 1.96,
            "roe_4q": -0.9100000000000003,
            "gross_profit": 414251,
            "gross_margin": 15.49,
            "gross_margin_4q_avg": 6.39,
            "net_income": 356282,
            "revenue": 2673844,
            "common_shares": 15013380,
            "book_valuer_per_share": 12.19,
            "book_valuer_per_share_4q_avg": 12.05,
            "equity": 18296150,
            "current_ratio": 199.9,
            "debt_ratio": 37.05,
            "inventory_turnover_ratio": 0.59,
            "account_receivable_turnover_ratio": null,
            "reinvestment_rate": null,
            "research_to_sale_ratio": null,
            "price_fair": 33.6,
            "eps_avg_yearly": 0.96,
            "eps_latest_yearly": 0.96,
            "eps_growth_yearly": 666.67
        },
        "20023": {
            "year_quarter": 20023,
            "year": 2002,
            "quarter": 3,
            "eps": 0.05,
            "eps_growth_year": null,
            "eps_4q": 0.05,
            "eps_4q_growth_year": null,
            "roe": 0.44,
            "roe_4q": 0.4099999999999997,
            "gross_profit": 180055,
            "gross_margin": 6.68,
            "gross_margin_4q_avg": 7.96,
            "net_income": 81062,
            "revenue": 2693682,
            "common_shares": 15013380,
            "book_valuer_per_share": 12.27,
            "book_valuer_per_share_4q_avg": 12.09,
            "equity": 18428709,
            "current_ratio": 214.58,
            "debt_ratio": 36.37,
            "inventory_turnover_ratio": 0.62,
            "account_receivable_turnover_ratio": null,
            "reinvestment_rate": null,
            "research_to_sale_ratio": null,
            "price_fair": 20.3,
            "eps_avg_yearly": 0.58,
            "eps_latest_yearly": 0.2,
            "eps_growth_yearly": 175
        },
        "20024": {
            "year_quarter": 20024,
            "year": 2002,
            "quarter": 4,
            "eps": 0.12,
            "eps_growth_year": null,
            "eps_4q": 0.49,
            "eps_4q_growth_year": null,
            "roe": 1,
            "roe_4q": 4.109999999999999,
            "gross_profit": 273034,
            "gross_margin": 8.85,
            "gross_margin_4q_avg": 9.74,
            "net_income": 185415,
            "revenue": 3086185,
            "common_shares": 15013380,
            "book_valuer_per_share": 12.37,
            "book_valuer_per_share_4q_avg": 12.21,
            "equity": 18577388,
            "current_ratio": 221.3,
            "debt_ratio": 38.04,
            "inventory_turnover_ratio": 0.6,
            "account_receivable_turnover_ratio": null,
            "reinvestment_rate": null,
            "research_to_sale_ratio": null,
            "price_fair": 19.13,
            "eps_avg_yearly": 0.55,
            "eps_latest_yearly": 0.48,
            "eps_growth_yearly": 303.33
        },
        "20031": {
            "year_quarter": 20031,
            "year": 2003,
            "quarter": 1,
            "eps": 0.16,
            "eps_growth_year": 77.78,
            "eps_4q": 0.57,
            "eps_4q_growth_year": null,
            "roe": 1.3,
            "roe_4q": 4.699999999999999,
            "gross_profit": 358792,
            "gross_margin": 12.13,
            "gross_margin_4q_avg": 10.79,
            "net_income": 243844,
            "revenue": 2957017,
            "common_shares": 14935240,
            "book_valuer_per_share": 12.6,
            "book_valuer_per_share_4q_avg": 12.36,
            "equity": 18814768,
            "current_ratio": 197.87,
            "debt_ratio": 36.14,
            "inventory_turnover_ratio": 0.53,
            "account_receivable_turnover_ratio": null,
            "reinvestment_rate": -691.1,
            "research_to_sale_ratio": null,
            "price_fair": 19.95,
            "eps_avg_yearly": 0.57,
            "eps_latest_yearly": 0.64,
            "eps_growth_yearly": 260.83
        },
        "20032": {
            "year_quarter": 20032,
            "year": 2003,
            "quarter": 2,
            "eps": 0.11,
            "eps_growth_year": -54.17,
            "eps_4q": 0.46,
            "eps_4q_growth_year": null,
            "roe": 0.87,
            "roe_4q": 3.61,
            "gross_profit": 165423,
            "gross_margin": 6.89,
            "gross_margin_4q_avg": 8.64,
            "net_income": 162229,
            "revenue": 2399647,
            "common_shares": 14935240,
            "book_valuer_per_share": 12.47,
            "book_valuer_per_share_4q_avg": 12.43,
            "equity": 18630253,
            "current_ratio": 180.94,
            "debt_ratio": 37.19,
            "inventory_turnover_ratio": 0.49,
            "account_receivable_turnover_ratio": null,
            "reinvestment_rate": -750.09,
            "research_to_sale_ratio": null,
            "price_fair": 19.04,
            "eps_avg_yearly": 0.54,
            "eps_latest_yearly": 0.44,
            "eps_growth_yearly": 183.67
        },
        "20033": {
            "year_quarter": 20033,
            "year": 2003,
            "quarter": 3,
            "eps": 0.16,
            "eps_growth_year": 220,
            "eps_4q": 0.55,
            "eps_4q_growth_year": 1027.03,
            "roe": 1.31,
            "roe_4q": 4.48,
            "gross_profit": 214359,
            "gross_margin": 6.8,
            "gross_margin_4q_avg": 8.67,
            "net_income": 245348,
            "revenue": 3150231,
            "common_shares": 14935240,
            "book_valuer_per_share": 12.6,
            "book_valuer_per_share_4q_avg": 12.51,
            "equity": 18817497,
            "current_ratio": 194.97,
            "debt_ratio": 36.87,
            "inventory_turnover_ratio": 0.64,
            "account_receivable_turnover_ratio": null,
            "reinvestment_rate": -576.92,
            "research_to_sale_ratio": null,
            "price_fair": 19.6,
            "eps_avg_yearly": 0.56,
            "eps_latest_yearly": 0.64,
            "eps_growth_yearly": 183.36
        },
        "20034": {
            "year_quarter": 20034,
            "year": 2003,
            "quarter": 4,
            "eps": 0.17,
            "eps_growth_year": 41.67,
            "eps_4q": 0.61,
            "eps_4q_growth_year": 25.18,
            "roe": 1.35,
            "roe_4q": 4.83,
            "gross_profit": 394285,
            "gross_margin": 11.91,
            "gross_margin_4q_avg": 9.43,
            "net_income": 252683,
            "revenue": 3309370,
            "common_shares": 14935240,
            "book_valuer_per_share": 12.39,
            "book_valuer_per_share_4q_avg": 12.52,
            "equity": 18547201,
            "current_ratio": 215.87,
            "debt_ratio": 38.84,
            "inventory_turnover_ratio": 0.55,
            "account_receivable_turnover_ratio": null,
            "reinvestment_rate": -391.83,
            "research_to_sale_ratio": null,
            "price_fair": 20.2,
            "eps_avg_yearly": 0.58,
            "eps_latest_yearly": 0.68,
            "eps_growth_yearly": 160.74
        },
        "20041": {
            "year_quarter": 20041,
            "year": 2004,
            "quarter": 1,
            "eps": 0.47,
            "eps_growth_year": 193.75,
            "eps_4q": 0.91,
            "eps_4q_growth_year": 60.54,
            "roe": 3.72,
            "roe_4q": 7.250000000000001,
            "gross_profit": 413743,
            "gross_margin": 11.6,
            "gross_margin_4q_avg": 9.3,
            "net_income": 700666,
            "revenue": 3566008,
            "common_shares": 14935240,
            "book_valuer_per_share": 12.81,
            "book_valuer_per_share_4q_avg": 12.57,
            "equity": 19131859,
            "current_ratio": 269.36,
            "debt_ratio": 33.78,
            "inventory_turnover_ratio": 0.57,
            "account_receivable_turnover_ratio": null,
            "reinvestment_rate": -288.94,
            "research_to_sale_ratio": null,
            "price_fair": 25.9,
            "eps_avg_yearly": 0.74,
            "eps_latest_yearly": 1.88,
            "eps_growth_yearly": 228.88
        },
        "20042": {
            "year_quarter": 20042,
            "year": 2004,
            "quarter": 2,
            "eps": 0.16,
            "eps_growth_year": 45.45,
            "eps_4q": 0.96,
            "eps_4q_growth_year": 109.68,
            "roe": 1.27,
            "roe_4q": 7.65,
            "gross_profit": 220134,
            "gross_margin": 5.52,
            "gross_margin_4q_avg": 8.96,
            "net_income": 240891,
            "revenue": 3986496,
            "common_shares": 14935240,
            "book_valuer_per_share": 12.68,
            "book_valuer_per_share_4q_avg": 12.62,
            "equity": 18934181,
            "current_ratio": 216.04,
            "debt_ratio": 34.4,
            "inventory_turnover_ratio": 0.79,
            "account_receivable_turnover_ratio": null,
            "reinvestment_rate": -239.59,
            "research_to_sale_ratio": null,
            "price_fair": 25.51,
            "eps_avg_yearly": 0.73,
            "eps_latest_yearly": 0.64,
            "eps_growth_yearly": 174.13
        },
        "20043": {
            "year_quarter": 20043,
            "year": 2004,
            "quarter": 3,
            "eps": 0.1,
            "eps_growth_year": -37.5,
            "eps_4q": 0.87,
            "eps_4q_growth_year": 59.53,
            "roe": 0.81,
            "roe_4q": 7.15,
            "gross_profit": 179432,
            "gross_margin": 4.52,
            "gross_margin_4q_avg": 8.39,
            "net_income": 154980,
            "revenue": 3973335,
            "common_shares": 14935240,
            "book_valuer_per_share": 12.79,
            "book_valuer_per_share_4q_avg": 12.67,
            "equity": 19106639,
            "current_ratio": 253.66,
            "debt_ratio": 33.22,
            "inventory_turnover_ratio": 0.84,
            "account_receivable_turnover_ratio": null,
            "reinvestment_rate": -203.36,
            "research_to_sale_ratio": null,
            "price_fair": 24.36,
            "eps_avg_yearly": 0.7,
            "eps_latest_yearly": 0.4,
            "eps_growth_yearly": 141.72
        },
        "20044": {
            "year_quarter": 20044,
            "year": 2004,
            "quarter": 4,
            "eps": -0.18,
            "eps_growth_year": -205.88,
            "eps_4q": 0.57,
            "eps_4q_growth_year": -6.98,
            "roe": -1.41,
            "roe_4q": 4.390000000000001,
            "gross_profit": 288617,
            "gross_margin": 8.25,
            "gross_margin_4q_avg": 7.47,
            "net_income": -266886,
            "revenue": 3496380,
            "common_shares": 14935240,
            "book_valuer_per_share": 12.47,
            "book_valuer_per_share_4q_avg": 12.69,
            "equity": 18666875,
            "current_ratio": 254.23,
            "debt_ratio": 37.34,
            "inventory_turnover_ratio": 0.62,
            "account_receivable_turnover_ratio": null,
            "reinvestment_rate": -138.51,
            "research_to_sale_ratio": null,
            "price_fair": 24.36,
            "eps_avg_yearly": 0.7,
            "eps_latest_yearly": 0.4,
            "eps_growth_yearly": 141.72
        },
        "20051": {
            "year_quarter": 20051,
            "year": 2005,
            "quarter": 1,
            "eps": -0.02,
            "eps_growth_year": -104.26,
            "eps_4q": 0.08,
            "eps_4q_growth_year": -91.35,
            "roe": -0.13,
            "roe_4q": 0.54,
            "gross_profit": 113548,
            "gross_margin": 3.01,
            "gross_margin_4q_avg": 5.33,
            "net_income": -26067,
            "revenue": 3775737,
            "common_shares": 14935240,
            "book_valuer_per_share": 14.16,
            "book_valuer_per_share_4q_avg": 13.03,
            "equity": 21148290,
            "current_ratio": 310.77,
            "debt_ratio": 24.77,
            "inventory_turnover_ratio": 0.68,
            "account_receivable_turnover_ratio": null,
            "reinvestment_rate": -215.16,
            "research_to_sale_ratio": null,
            "price_fair": 24.36,
            "eps_avg_yearly": 0.7,
            "eps_latest_yearly": 0.4,
            "eps_growth_yearly": 141.72
        },
        "20052": {
            "year_quarter": 20052,
            "year": 2005,
            "quarter": 2,
            "eps": 0.08,
            "eps_growth_year": -50,
            "eps_4q": -0.01,
            "eps_4q_growth_year": -100.78,
            "roe": 0.6,
            "roe_4q": -0.1299999999999999,
            "gross_profit": 186717,
            "gross_margin": 5.48,
            "gross_margin_4q_avg": 5.32,
            "net_income": 126215,
            "revenue": 3406592,
            "common_shares": 14935240,
            "book_valuer_per_share": 14.04,
            "book_valuer_per_share_4q_avg": 13.37,
            "equity": 20967275,
            "current_ratio": 305.74,
            "debt_ratio": 24.57,
            "inventory_turnover_ratio": 0.66,
            "account_receivable_turnover_ratio": null,
            "reinvestment_rate": -149.46,
            "research_to_sale_ratio": null,
            "price_fair": 24.36,
            "eps_avg_yearly": 0.7,
            "eps_latest_yearly": 0.4,
            "eps_growth_yearly": 141.72
        },
        "20053": {
            "year_quarter": 20053,
            "year": 2005,
            "quarter": 3,
            "eps": 0.16,
            "eps_growth_year": 60,
            "eps_4q": 0.05,
            "eps_4q_growth_year": -94.25,
            "roe": 1.15,
            "roe_4q": 0.2100000000000002,
            "gross_profit": 208024,
            "gross_margin": 5.52,
            "gross_margin_4q_avg": 5.57,
            "net_income": 242661,
            "revenue": 3767653,
            "common_shares": 14935240,
            "book_valuer_per_share": 14.29,
            "book_valuer_per_share_4q_avg": 13.74,
            "equity": 21335721,
            "current_ratio": 264.72,
            "debt_ratio": 24.66,
            "inventory_turnover_ratio": 0.73,
            "account_receivable_turnover_ratio": null,
            "reinvestment_rate": -119.03,
            "research_to_sale_ratio": null,
            "price_fair": 24.18,
            "eps_avg_yearly": 0.69,
            "eps_latest_yearly": 0.64,
            "eps_growth_yearly": 165.2
        },
        "20054": {
            "year_quarter": 20054,
            "year": 2005,
            "quarter": 4,
            "eps": -0.22,
            "eps_growth_year": null,
            "eps_4q": 0.02,
            "eps_4q_growth_year": -96.84,
            "roe": -1.52,
            "roe_4q": 0.09999999999999987,
            "gross_profit": 269907,
            "gross_margin": 8.39,
            "gross_margin_4q_avg": 5.6,
            "net_income": -321383,
            "revenue": 3217638,
            "common_shares": 14935240,
            "book_valuer_per_share": 14.04,
            "book_valuer_per_share_4q_avg": 14.13,
            "equity": 21026676,
            "current_ratio": 141.79,
            "debt_ratio": 31.83,
            "inventory_turnover_ratio": 0.68,
            "account_receivable_turnover_ratio": null,
            "reinvestment_rate": -45.58,
            "research_to_sale_ratio": null,
            "price_fair": 24.18,
            "eps_avg_yearly": 0.69,
            "eps_latest_yearly": 0.64,
            "eps_growth_yearly": 165.2
        },
        "20061": {
            "year_quarter": 20061,
            "year": 2006,
            "quarter": 1,
            "eps": -0.01,
            "eps_growth_year": null,
            "eps_4q": 0.01,
            "eps_4q_growth_year": -83.36,
            "roe": -0.1,
            "roe_4q": 0.12999999999999978,
            "gross_profit": 177618,
            "gross_margin": 5.27,
            "gross_margin_4q_avg": 6.17,
            "net_income": -20524,
            "revenue": 3367470,
            "common_shares": 14935240,
            "book_valuer_per_share": 14.41,
            "book_valuer_per_share_4q_avg": 14.2,
            "equity": 21520323,
            "current_ratio": 138.77,
            "debt_ratio": 25.43,
            "inventory_turnover_ratio": 1.05,
            "account_receivable_turnover_ratio": null,
            "reinvestment_rate": 45.2,
            "research_to_sale_ratio": null,
            "price_fair": 24.18,
            "eps_avg_yearly": 0.69,
            "eps_latest_yearly": 0.64,
            "eps_growth_yearly": 165.2
        },
        "20062": {
            "year_quarter": 20062,
            "year": 2006,
            "quarter": 2,
            "eps": 0.07,
            "eps_growth_year": -12.5,
            "eps_4q": 0,
            "eps_4q_growth_year": null,
            "roe": 0.49,
            "roe_4q": 0.020000000000000018,
            "gross_profit": 260596,
            "gross_margin": 8.4,
            "gross_margin_4q_avg": 6.9,
            "net_income": 106258,
            "revenue": 3101040,
            "common_shares": 14935240,
            "book_valuer_per_share": 14.54,
            "book_valuer_per_share_4q_avg": 14.32,
            "equity": 21714348,
            "current_ratio": 188.98,
            "debt_ratio": 22.66,
            "inventory_turnover_ratio": 1.39,
            "account_receivable_turnover_ratio": null,
            "reinvestment_rate": 50.94,
            "research_to_sale_ratio": null,
            "price_fair": 23.24,
            "eps_avg_yearly": 0.66,
            "eps_latest_yearly": 0.64,
            "eps_growth_yearly": 115.05
        },
        "20063": {
            "year_quarter": 20063,
            "year": 2006,
            "quarter": 3,
            "eps": 0.13,
            "eps_growth_year": -18.75,
            "eps_4q": -0.03,
            "eps_4q_growth_year": -157.59,
            "roe": 0.88,
            "roe_4q": -0.25,
            "gross_profit": 261469,
            "gross_margin": 10.41,
            "gross_margin_4q_avg": 8.12,
            "net_income": 192875,
            "revenue": 2511621,
            "common_shares": 14935240,
            "book_valuer_per_share": 14.72,
            "book_valuer_per_share_4q_avg": 14.43,
            "equity": 21982842,
            "current_ratio": 206.76,
            "debt_ratio": 22.35,
            "inventory_turnover_ratio": 1.31,
            "account_receivable_turnover_ratio": null,
            "reinvestment_rate": 52.63,
            "research_to_sale_ratio": null,
            "price_fair": 24.36,
            "eps_avg_yearly": 0.7,
            "eps_latest_yearly": 0.52,
            "eps_growth_yearly": 181.01
        },
        "20064": {
            "year_quarter": 20064,
            "year": 2006,
            "quarter": 4,
            "eps": 0.12,
            "eps_growth_year": null,
            "eps_4q": 0.31,
            "eps_4q_growth_year": 1654.93,
            "roe": 0.78,
            "roe_4q": 2.0500000000000003,
            "gross_profit": 242247,
            "gross_margin": 9.84,
            "gross_margin_4q_avg": 8.48,
            "net_income": 172529,
            "revenue": 2461841,
            "common_shares": 14935240,
            "book_valuer_per_share": 14.81,
            "book_valuer_per_share_4q_avg": 14.62,
            "equity": 22230052,
            "current_ratio": 177.26,
            "debt_ratio": 28.57,
            "inventory_turnover_ratio": 0.86,
            "account_receivable_turnover_ratio": null,
            "reinvestment_rate": 108.55,
            "research_to_sale_ratio": null,
            "price_fair": 24.36,
            "eps_avg_yearly": 0.7,
            "eps_latest_yearly": 0.48,
            "eps_growth_yearly": 121.93
        },
        "20071": {
            "year_quarter": 20071,
            "year": 2007,
            "quarter": 1,
            "eps": 0.5,
            "eps_growth_year": null,
            "eps_4q": 0.82,
            "eps_4q_growth_year": 6125.31,
            "roe": 3.32,
            "roe_4q": 5.47,
            "gross_profit": 282835,
            "gross_margin": 9.85,
            "gross_margin_4q_avg": 9.63,
            "net_income": 741594,
            "revenue": 2870653,
            "common_shares": 14935240,
            "book_valuer_per_share": 15.04,
            "book_valuer_per_share_4q_avg": 14.78,
            "equity": 22468337,
            "current_ratio": 284.17,
            "debt_ratio": 21.48,
            "inventory_turnover_ratio": 0.97,
            "account_receivable_turnover_ratio": null,
            "reinvestment_rate": 47.55,
            "research_to_sale_ratio": null,
            "price_fair": 29.12,
            "eps_avg_yearly": 0.83,
            "eps_latest_yearly": 2,
            "eps_growth_yearly": 235.26
        },
        "20072": {
            "year_quarter": 20072,
            "year": 2007,
            "quarter": 2,
            "eps": 0.27,
            "eps_growth_year": 285.71,
            "eps_4q": 1.02,
            "eps_4q_growth_year": 22013.25,
            "roe": 1.77,
            "roe_4q": 6.75,
            "gross_profit": 367693,
            "gross_margin": 11.79,
            "gross_margin_4q_avg": 10.47,
            "net_income": 397771,
            "revenue": 3119341,
            "common_shares": 14935240,
            "book_valuer_per_share": 15.13,
            "book_valuer_per_share_4q_avg": 14.93,
            "equity": 22592331,
            "current_ratio": 286.18,
            "debt_ratio": 21.71,
            "inventory_turnover_ratio": 1.51,
            "account_receivable_turnover_ratio": null,
            "reinvestment_rate": 45.91,
            "research_to_sale_ratio": null,
            "price_fair": 31.36,
            "eps_avg_yearly": 0.9,
            "eps_latest_yearly": 1.08,
            "eps_growth_yearly": 229.36
        },
        "20073": {
            "year_quarter": 20073,
            "year": 2007,
            "quarter": 3,
            "eps": 0.15,
            "eps_growth_year": 15.38,
            "eps_4q": 1.05,
            "eps_4q_growth_year": null,
            "roe": 0.96,
            "roe_4q": 6.83,
            "gross_profit": 346270,
            "gross_margin": 11.1,
            "gross_margin_4q_avg": 10.65,
            "net_income": 219526,
            "revenue": 3118285,
            "common_shares": 14935240,
            "book_valuer_per_share": 15.5,
            "book_valuer_per_share_4q_avg": 15.12,
            "equity": 23146668,
            "current_ratio": 272.21,
            "debt_ratio": 21.91,
            "inventory_turnover_ratio": 1.54,
            "account_receivable_turnover_ratio": null,
            "reinvestment_rate": 48.82,
            "research_to_sale_ratio": null,
            "price_fair": 31.22,
            "eps_avg_yearly": 0.89,
            "eps_latest_yearly": 0.6,
            "eps_growth_yearly": 193.4
        },
        "20074": {
            "year_quarter": 20074,
            "year": 2007,
            "quarter": 4,
            "eps": 0.23,
            "eps_growth_year": 91.67,
            "eps_4q": 1.13,
            "eps_4q_growth_year": 261.33,
            "roe": 1.49,
            "roe_4q": 7.540000000000001,
            "gross_profit": 421609,
            "gross_margin": 13.32,
            "gross_margin_4q_avg": 11.52,
            "net_income": 345816,
            "revenue": 3164758,
            "common_shares": 14935240,
            "book_valuer_per_share": 15.57,
            "book_valuer_per_share_4q_avg": 15.31,
            "equity": 23338140,
            "current_ratio": 175.79,
            "debt_ratio": 27.43,
            "inventory_turnover_ratio": 1.05,
            "account_receivable_turnover_ratio": null,
            "reinvestment_rate": 93.8,
            "research_to_sale_ratio": null,
            "price_fair": 32.06,
            "eps_avg_yearly": 0.92,
            "eps_latest_yearly": 0.92,
            "eps_growth_yearly": 212.24
        },
        "20081": {
            "year_quarter": 20081,
            "year": 2008,
            "quarter": 1,
            "eps": 0.06,
            "eps_growth_year": -88,
            "eps_4q": 0.7,
            "eps_4q_growth_year": -14.92,
            "roe": 0.39,
            "roe_4q": 4.609999999999999,
            "gross_profit": 491835,
            "gross_margin": 11.91,
            "gross_margin_4q_avg": 12.03,
            "net_income": 91209,
            "revenue": 4129943,
            "common_shares": 14935240,
            "book_valuer_per_share": 15.29,
            "book_valuer_per_share_4q_avg": 15.37,
            "equity": 22920281,
            "current_ratio": 163.76,
            "debt_ratio": 29.18,
            "inventory_turnover_ratio": 1.04,
            "account_receivable_turnover_ratio": null,
            "reinvestment_rate": 219.89,
            "research_to_sale_ratio": null,
            "price_fair": 26.32,
            "eps_avg_yearly": 0.75,
            "eps_latest_yearly": 0.24,
            "eps_growth_yearly": 112.08
        },
        "20082": {
            "year_quarter": 20082,
            "year": 2008,
            "quarter": 2,
            "eps": 0.09,
            "eps_growth_year": -66.67,
            "eps_4q": 0.53,
            "eps_4q_growth_year": -47.72,
            "roe": 0.61,
            "roe_4q": 3.45,
            "gross_profit": 498690,
            "gross_margin": 11.56,
            "gross_margin_4q_avg": 11.97,
            "net_income": 134327,
            "revenue": 4312074,
            "common_shares": 14935240,
            "book_valuer_per_share": 14.32,
            "book_valuer_per_share_4q_avg": 15.17,
            "equity": 21441802,
            "current_ratio": 134.56,
            "debt_ratio": 33.55,
            "inventory_turnover_ratio": 1.07,
            "account_receivable_turnover_ratio": null,
            "reinvestment_rate": 231.36,
            "research_to_sale_ratio": null,
            "price_fair": 25.34,
            "eps_avg_yearly": 0.72,
            "eps_latest_yearly": 0.36,
            "eps_growth_yearly": 158.47
        },
        "20083": {
            "year_quarter": 20083,
            "year": 2008,
            "quarter": 3,
            "eps": 0.08,
            "eps_growth_year": -46.67,
            "eps_4q": 0.47,
            "eps_4q_growth_year": -55.41,
            "roe": 0.55,
            "roe_4q": 3.04,
            "gross_profit": 353366,
            "gross_margin": 8.18,
            "gross_margin_4q_avg": 11.24,
            "net_income": 119378,
            "revenue": 4320092,
            "common_shares": 14935240,
            "book_valuer_per_share": 14.43,
            "book_valuer_per_share_4q_avg": 14.9,
            "equity": 21609479,
            "current_ratio": 149.74,
            "debt_ratio": 30.73,
            "inventory_turnover_ratio": 1.13,
            "account_receivable_turnover_ratio": null,
            "reinvestment_rate": 246.91,
            "research_to_sale_ratio": null,
            "price_fair": 25.06,
            "eps_avg_yearly": 0.72,
            "eps_latest_yearly": 0.32,
            "eps_growth_yearly": 169.02
        },
        "20084": {
            "year_quarter": 20084,
            "year": 2008,
            "quarter": 4,
            "eps": -0.39,
            "eps_growth_year": -269.57,
            "eps_4q": -0.16,
            "eps_4q_growth_year": -113.71,
            "roe": -2.77,
            "roe_4q": -1.2199999999999998,
            "gross_profit": -301956,
            "gross_margin": -9.56,
            "gross_margin_4q_avg": 5.52,
            "net_income": -588304,
            "revenue": 3158909,
            "common_shares": 14935240,
            "book_valuer_per_share": 13.96,
            "book_valuer_per_share_4q_avg": 14.5,
            "equity": 20909230,
            "current_ratio": 139.99,
            "debt_ratio": 30.6,
            "inventory_turnover_ratio": 1.02,
            "account_receivable_turnover_ratio": 6.31,
            "reinvestment_rate": 148.26,
            "research_to_sale_ratio": null,
            "price_fair": 25.06,
            "eps_avg_yearly": 0.72,
            "eps_latest_yearly": 0.32,
            "eps_growth_yearly": 169.02
        },
        "20091": {
            "year_quarter": 20091,
            "year": 2009,
            "quarter": 1,
            "eps": 0.04,
            "eps_growth_year": -33.33,
            "eps_4q": -0.21,
            "eps_4q_growth_year": -130.62,
            "roe": 0.25,
            "roe_4q": -1.3599999999999999,
            "gross_profit": 269599,
            "gross_margin": 7.53,
            "gross_margin_4q_avg": 4.43,
            "net_income": 52375,
            "revenue": 3579210,
            "common_shares": 14935240,
            "book_valuer_per_share": 14.14,
            "book_valuer_per_share_4q_avg": 14.21,
            "equity": 21175815,
            "current_ratio": 147.9,
            "debt_ratio": 29.5,
            "inventory_turnover_ratio": 1.16,
            "account_receivable_turnover_ratio": 3.3,
            "reinvestment_rate": 258.74,
            "research_to_sale_ratio": null,
            "price_fair": 25.06,
            "eps_avg_yearly": 0.72,
            "eps_latest_yearly": 0.32,
            "eps_growth_yearly": 169.02
        },
        "20092": {
            "year_quarter": 20092,
            "year": 2009,
            "quarter": 2,
            "eps": 0.21,
            "eps_growth_year": 133.33,
            "eps_4q": -0.07,
            "eps_4q_growth_year": -113.6,
            "roe": 1.45,
            "roe_4q": -0.52,
            "gross_profit": 587798,
            "gross_margin": 14.01,
            "gross_margin_4q_avg": 5.04,
            "net_income": 311094,
            "revenue": 4195139,
            "common_shares": 14935240,
            "book_valuer_per_share": 14.54,
            "book_valuer_per_share_4q_avg": 14.27,
            "equity": 21778078,
            "current_ratio": 169.33,
            "debt_ratio": 28.13,
            "inventory_turnover_ratio": 1.44,
            "account_receivable_turnover_ratio": 3.52,
            "reinvestment_rate": 224.97,
            "research_to_sale_ratio": null,
            "price_fair": 25.45,
            "eps_avg_yearly": 0.73,
            "eps_latest_yearly": 0.84,
            "eps_growth_yearly": 308.2
        },
        "20093": {
            "year_quarter": 20093,
            "year": 2009,
            "quarter": 3,
            "eps": 0.15,
            "eps_growth_year": 87.5,
            "eps_4q": -0,
            "eps_4q_growth_year": -100.53,
            "roe": 1.01,
            "roe_4q": -0.06000000000000005,
            "gross_profit": 557315,
            "gross_margin": 13.16,
            "gross_margin_4q_avg": 6.29,
            "net_income": 222709,
            "revenue": 4236185,
            "common_shares": 14935240,
            "book_valuer_per_share": 14.79,
            "book_valuer_per_share_4q_avg": 14.36,
            "equity": 22145694,
            "current_ratio": 207.73,
            "debt_ratio": 26.11,
            "inventory_turnover_ratio": 1.47,
            "account_receivable_turnover_ratio": 3.57,
            "reinvestment_rate": 219.13,
            "research_to_sale_ratio": null,
            "price_fair": 25.33,
            "eps_avg_yearly": 0.72,
            "eps_latest_yearly": 0.6,
            "eps_growth_yearly": 261.45
        },
        "20094": {
            "year_quarter": 20094,
            "year": 2009,
            "quarter": 4,
            "eps": 0.25,
            "eps_growth_year": null,
            "eps_4q": 0.64,
            "eps_4q_growth_year": null,
            "roe": 1.68,
            "roe_4q": 4.39,
            "gross_profit": 761384,
            "gross_margin": 14.96,
            "gross_margin_4q_avg": 12.42,
            "net_income": 375132,
            "revenue": 5090505,
            "common_shares": 14935240,
            "book_valuer_per_share": 15.05,
            "book_valuer_per_share_4q_avg": 14.63,
            "equity": 22530694,
            "current_ratio": 225.62,
            "debt_ratio": 26.4,
            "inventory_turnover_ratio": 1.6,
            "account_receivable_turnover_ratio": 7.15,
            "reinvestment_rate": 232.64,
            "research_to_sale_ratio": null,
            "price_fair": 26.13,
            "eps_avg_yearly": 0.75,
            "eps_latest_yearly": 1,
            "eps_growth_yearly": 261.88
        },
        "20101": {
            "year_quarter": 20101,
            "year": 2010,
            "quarter": 1,
            "eps": 0.24,
            "eps_growth_year": 500,
            "eps_4q": 0.85,
            "eps_4q_growth_year": null,
            "roe": 1.59,
            "roe_4q": 5.73,
            "gross_profit": 815422,
            "gross_margin": 17.01,
            "gross_margin_4q_avg": 14.79,
            "net_income": 359315,
            "revenue": 4792844,
            "common_shares": 14935240,
            "book_valuer_per_share": 15.09,
            "book_valuer_per_share_4q_avg": 14.87,
            "equity": 22606354,
            "current_ratio": 239.14,
            "debt_ratio": 26.51,
            "inventory_turnover_ratio": 1.26,
            "account_receivable_turnover_ratio": 3.26,
            "reinvestment_rate": 195.33,
            "research_to_sale_ratio": 0.25,
            "price_fair": 26.71,
            "eps_avg_yearly": 0.76,
            "eps_latest_yearly": 0.96,
            "eps_growth_yearly": 240.51
        },
        "20102": {
            "year_quarter": 20102,
            "year": 2010,
            "quarter": 2,
            "eps": 0.49,
            "eps_growth_year": 134.41,
            "eps_4q": 1.12,
            "eps_4q_growth_year": null,
            "roe": 3.32,
            "roe_4q": 7.6,
            "gross_profit": 1227069,
            "gross_margin": 22.19,
            "gross_margin_4q_avg": 16.83,
            "net_income": 752097,
            "revenue": 5528973,
            "common_shares": 14935240,
            "book_valuer_per_share": 15.18,
            "book_valuer_per_share_4q_avg": 15.03,
            "equity": 22733746,
            "current_ratio": 238.92,
            "debt_ratio": 26.72,
            "inventory_turnover_ratio": 1.33,
            "account_receivable_turnover_ratio": 3.68,
            "reinvestment_rate": 169.83,
            "research_to_sale_ratio": 0.29,
            "price_fair": 29.7,
            "eps_avg_yearly": 0.85,
            "eps_latest_yearly": 1.96,
            "eps_growth_yearly": 253.09
        },
        "20103": {
            "year_quarter": 20103,
            "year": 2010,
            "quarter": 3,
            "eps": 0.47,
            "eps_growth_year": 211.12,
            "eps_4q": 1.44,
            "eps_4q_growth_year": null,
            "roe": 3.11,
            "roe_4q": 9.7,
            "gross_profit": 1278527,
            "gross_margin": 22.43,
            "gross_margin_4q_avg": 19.15,
            "net_income": 714612,
            "revenue": 5700237,
            "common_shares": 15233945,
            "book_valuer_per_share": 15.24,
            "book_valuer_per_share_4q_avg": 15.14,
            "equity": 23285630,
            "current_ratio": 312.09,
            "debt_ratio": 24.59,
            "inventory_turnover_ratio": 1.46,
            "account_receivable_turnover_ratio": 3.48,
            "reinvestment_rate": 145.91,
            "research_to_sale_ratio": 0.3,
            "price_fair": 33.1,
            "eps_avg_yearly": 0.95,
            "eps_latest_yearly": 1.88,
            "eps_growth_yearly": 227.43
        },
        "20104": {
            "year_quarter": 20104,
            "year": 2010,
            "quarter": 4,
            "eps": 0.54,
            "eps_growth_year": 116.44,
            "eps_4q": 1.74,
            "eps_4q_growth_year": 170.92,
            "roe": 3.51,
            "roe_4q": 11.53,
            "gross_profit": 1515566,
            "gross_margin": 22.44,
            "gross_margin_4q_avg": 21.02,
            "net_income": 826029,
            "revenue": 6753004,
            "common_shares": 15233945,
            "book_valuer_per_share": 15.55,
            "book_valuer_per_share_4q_avg": 15.27,
            "equity": 23752945,
            "current_ratio": 261.13,
            "debt_ratio": 27.36,
            "inventory_turnover_ratio": 1.51,
            "account_receivable_turnover_ratio": 3.68,
            "reinvestment_rate": 65.94,
            "research_to_sale_ratio": 0.32,
            "price_fair": 37.3,
            "eps_avg_yearly": 1.07,
            "eps_latest_yearly": 2.16,
            "eps_growth_yearly": 233.89
        },
        "20111": {
            "year_quarter": 20111,
            "year": 2011,
            "quarter": 1,
            "eps": 0.76,
            "eps_growth_year": 216.67,
            "eps_4q": 2.26,
            "eps_4q_growth_year": 167.12,
            "roe": 4.8,
            "roe_4q": 14.739999999999998,
            "gross_profit": 1828877,
            "gross_margin": 26.47,
            "gross_margin_4q_avg": 23.38,
            "net_income": 1157409,
            "revenue": 6908350,
            "common_shares": 15233945,
            "book_valuer_per_share": 16,
            "book_valuer_per_share_4q_avg": 15.49,
            "equity": 24442201,
            "current_ratio": 283.16,
            "debt_ratio": 27.49,
            "inventory_turnover_ratio": 1.06,
            "account_receivable_turnover_ratio": 4.1,
            "reinvestment_rate": 109.96,
            "research_to_sale_ratio": 0.2,
            "price_fair": 39.9,
            "eps_avg_yearly": 1.14,
            "eps_latest_yearly": 3.04,
            "eps_growth_yearly": 155.05
        },
        "20112": {
            "year_quarter": 20112,
            "year": 2011,
            "quarter": 2,
            "eps": 0.02,
            "eps_growth_year": -95.1,
            "eps_4q": 1.74,
            "eps_4q_growth_year": 55.4,
            "roe": 0.15,
            "roe_4q": 11.57,
            "gross_profit": 237482,
            "gross_margin": 4.75,
            "gross_margin_4q_avg": 19.02,
            "net_income": 36240,
            "revenue": 5004449,
            "common_shares": 15233945,
            "book_valuer_per_share": 15.21,
            "book_valuer_per_share_4q_avg": 15.5,
            "equity": 23293719,
            "current_ratio": 197.16,
            "debt_ratio": 33.29,
            "inventory_turnover_ratio": 0.72,
            "account_receivable_turnover_ratio": 3.15,
            "reinvestment_rate": 123.52,
            "research_to_sale_ratio": 0.36,
            "price_fair": 37.4,
            "eps_avg_yearly": 1.07,
            "eps_latest_yearly": 0.08,
            "eps_growth_yearly": 140.37
        },
        "20113": {
            "year_quarter": 20113,
            "year": 2011,
            "quarter": 3,
            "eps": -0.64,
            "eps_growth_year": -237.49,
            "eps_4q": 0.64,
            "eps_4q_growth_year": -55.28,
            "roe": -4.37,
            "roe_4q": 4.09,
            "gross_profit": -1039130,
            "gross_margin": -15.82,
            "gross_margin_4q_avg": 9.46,
            "net_income": -1016611,
            "revenue": 6568795,
            "common_shares": 15690963,
            "book_valuer_per_share": 14.71,
            "book_valuer_per_share_4q_avg": 15.37,
            "equity": 23201826,
            "current_ratio": 210.21,
            "debt_ratio": 29.73,
            "inventory_turnover_ratio": 1.18,
            "account_receivable_turnover_ratio": 3.27,
            "reinvestment_rate": 180,
            "research_to_sale_ratio": 0.29,
            "price_fair": 38.66,
            "eps_avg_yearly": 1.1,
            "eps_latest_yearly": 0.08,
            "eps_growth_yearly": 164.85
        },
        "20114": {
            "year_quarter": 20114,
            "year": 2011,
            "quarter": 4,
            "eps": 0.23,
            "eps_growth_year": -56.6,
            "eps_4q": 0.35,
            "eps_4q_growth_year": -79.65,
            "roe": 1.55,
            "roe_4q": 2.1299999999999994,
            "gross_profit": 301969,
            "gross_margin": 5.08,
            "gross_margin_4q_avg": 5.12,
            "net_income": 362874,
            "revenue": 5948308,
            "common_shares": 15690963,
            "book_valuer_per_share": 14.92,
            "book_valuer_per_share_4q_avg": 15.21,
            "equity": 23528817,
            "current_ratio": 264.72,
            "debt_ratio": 25.66,
            "inventory_turnover_ratio": 1.19,
            "account_receivable_turnover_ratio": 2.88,
            "reinvestment_rate": 89.96,
            "research_to_sale_ratio": 0.21,
            "price_fair": 39.2,
            "eps_avg_yearly": 1.12,
            "eps_latest_yearly": 0.08,
            "eps_growth_yearly": 160.81
        },
        "20121": {
            "year_quarter": 20121,
            "year": 2012,
            "quarter": 1,
            "eps": -0.04,
            "eps_growth_year": -105.26,
            "eps_4q": -0.43,
            "eps_4q_growth_year": -118.92,
            "roe": -0.32,
            "roe_4q": -2.99,
            "gross_profit": 204808,
            "gross_margin": 3.79,
            "gross_margin_4q_avg": -0.55,
            "net_income": -74934,
            "revenue": 5400937,
            "common_shares": 15690963,
            "book_valuer_per_share": 14.98,
            "book_valuer_per_share_4q_avg": 14.96,
            "equity": 23611956,
            "current_ratio": 268.54,
            "debt_ratio": 25.18,
            "inventory_turnover_ratio": 1.31,
            "account_receivable_turnover_ratio": 2.87,
            "reinvestment_rate": 98.79,
            "research_to_sale_ratio": 0.21,
            "price_fair": 42,
            "eps_avg_yearly": 1.2,
            "eps_latest_yearly": 0.08,
            "eps_growth_yearly": 202.3
        },
        "20122": {
            "year_quarter": 20122,
            "year": 2012,
            "quarter": 2,
            "eps": 0.17,
            "eps_growth_year": 586.7,
            "eps_4q": -0.29,
            "eps_4q_growth_year": -116.43,
            "roe": 1.09,
            "roe_4q": -2.05,
            "gross_profit": 448772,
            "gross_margin": 8.25,
            "gross_margin_4q_avg": 0.32,
            "net_income": 256399,
            "revenue": 5442443,
            "common_shares": 15690963,
            "book_valuer_per_share": 14.94,
            "book_valuer_per_share_4q_avg": 14.89,
            "equity": 23482768,
            "current_ratio": 271.91,
            "debt_ratio": 24.84,
            "inventory_turnover_ratio": 1.41,
            "account_receivable_turnover_ratio": 2.74,
            "reinvestment_rate": 99.61,
            "research_to_sale_ratio": 0.22,
            "price_fair": 44.94,
            "eps_avg_yearly": 1.28,
            "eps_latest_yearly": 0.08,
            "eps_growth_yearly": 202.53
        },
        "20123": {
            "year_quarter": 20123,
            "year": 2012,
            "quarter": 3,
            "eps": 0.12,
            "eps_growth_year": null,
            "eps_4q": 0.47,
            "eps_4q_growth_year": -26.36,
            "roe": 0.77,
            "roe_4q": 3.09,
            "gross_profit": 573313,
            "gross_margin": 10.36,
            "gross_margin_4q_avg": 6.87,
            "net_income": 182783,
            "revenue": 5534987,
            "common_shares": 15690963,
            "book_valuer_per_share": 15.14,
            "book_valuer_per_share_4q_avg": 15,
            "equity": 23794989,
            "current_ratio": 290.28,
            "debt_ratio": 24.25,
            "inventory_turnover_ratio": 1.38,
            "account_receivable_turnover_ratio": 2.8,
            "reinvestment_rate": 95.9,
            "research_to_sale_ratio": 0.22,
            "price_fair": 45.5,
            "eps_avg_yearly": 1.3,
            "eps_latest_yearly": 0.48,
            "eps_growth_yearly": 195.21
        },
        "20124": {
            "year_quarter": 20124,
            "year": 2012,
            "quarter": 4,
            "eps": 0.19,
            "eps_growth_year": -20.42,
            "eps_4q": 0.43,
            "eps_4q_growth_year": 20.65,
            "roe": 1.2,
            "roe_4q": 2.74,
            "gross_profit": 579059,
            "gross_margin": 10.58,
            "gross_margin_4q_avg": 8.25,
            "net_income": 288776,
            "revenue": 5471975,
            "common_shares": 15690963,
            "book_valuer_per_share": 15.44,
            "book_valuer_per_share_4q_avg": 15.13,
            "equity": 24258084,
            "current_ratio": 265.05,
            "debt_ratio": 24.37,
            "inventory_turnover_ratio": 1.27,
            "account_receivable_turnover_ratio": 2.41,
            "reinvestment_rate": 94.92,
            "research_to_sale_ratio": 0.23,
            "price_fair": 43.78,
            "eps_avg_yearly": 1.25,
            "eps_latest_yearly": 0.76,
            "eps_growth_yearly": 198.68
        },
        "20131": {
            "year_quarter": 20131,
            "year": 2013,
            "quarter": 1,
            "eps": 0.21,
            "eps_growth_year": null,
            "eps_4q": 0.68,
            "eps_4q_growth_year": null,
            "roe": 1.36,
            "roe_4q": 4.42,
            "gross_profit": 657095,
            "gross_margin": 12.87,
            "gross_margin_4q_avg": 10.52,
            "net_income": 332155,
            "revenue": 5107408,
            "common_shares": 15690963,
            "book_valuer_per_share": 15.67,
            "book_valuer_per_share_4q_avg": 15.3,
            "equity": 24613364,
            "current_ratio": 271.19,
            "debt_ratio": 25.21,
            "inventory_turnover_ratio": 1.02,
            "account_receivable_turnover_ratio": 2.48,
            "reinvestment_rate": 31.6,
            "research_to_sale_ratio": 0.26,
            "price_fair": 42.58,
            "eps_avg_yearly": 1.22,
            "eps_latest_yearly": 0.84,
            "eps_growth_yearly": 185.63
        },
        "20132": {
            "year_quarter": 20132,
            "year": 2013,
            "quarter": 2,
            "eps": 0.25,
            "eps_growth_year": 50.89,
            "eps_4q": 0.76,
            "eps_4q_growth_year": null,
            "roe": 1.6,
            "roe_4q": 4.93,
            "gross_profit": 744762,
            "gross_margin": 13.47,
            "gross_margin_4q_avg": 11.82,
            "net_income": 394276,
            "revenue": 5527926,
            "common_shares": 15690963,
            "book_valuer_per_share": 15.7,
            "book_valuer_per_share_4q_avg": 15.49,
            "equity": 24665306,
            "current_ratio": 219.07,
            "debt_ratio": 26.96,
            "inventory_turnover_ratio": 1.02,
            "account_receivable_turnover_ratio": 3.44,
            "reinvestment_rate": 51.09,
            "research_to_sale_ratio": 0.18,
            "price_fair": 43.05,
            "eps_avg_yearly": 1.23,
            "eps_latest_yearly": 1,
            "eps_growth_yearly": 50.31
        },
        "20133": {
            "year_quarter": 20133,
            "year": 2013,
            "quarter": 3,
            "eps": 0.2,
            "eps_growth_year": 69.49,
            "eps_4q": 0.84,
            "eps_4q_growth_year": 77.64,
            "roe": 1.25,
            "roe_4q": 5.41,
            "gross_profit": 691988,
            "gross_margin": 12.08,
            "gross_margin_4q_avg": 12.25,
            "net_income": 312464,
            "revenue": 5728143,
            "common_shares": 15926328,
            "book_valuer_per_share": 15.87,
            "book_valuer_per_share_4q_avg": 15.67,
            "equity": 25504844,
            "current_ratio": 218.83,
            "debt_ratio": 27.25,
            "inventory_turnover_ratio": 1.11,
            "account_receivable_turnover_ratio": 3.57,
            "reinvestment_rate": 69.75,
            "research_to_sale_ratio": 0.19,
            "price_fair": 43.63,
            "eps_avg_yearly": 1.25,
            "eps_latest_yearly": 0.8,
            "eps_growth_yearly": 53.17
        },
        "20134": {
            "year_quarter": 20134,
            "year": 2013,
            "quarter": 4,
            "eps": 0.1,
            "eps_growth_year": -44.67,
            "eps_4q": 0.76,
            "eps_4q_growth_year": 78.69,
            "roe": 0.61,
            "roe_4q": 4.82,
            "gross_profit": 483206,
            "gross_margin": 9.32,
            "gross_margin_4q_avg": 11.94,
            "net_income": 158066,
            "revenue": 5185814,
            "common_shares": 15926328,
            "book_valuer_per_share": 16.09,
            "book_valuer_per_share_4q_avg": 15.83,
            "equity": 25946498,
            "current_ratio": 203.29,
            "debt_ratio": 28.51,
            "inventory_turnover_ratio": 1.12,
            "account_receivable_turnover_ratio": 3.22,
            "reinvestment_rate": -0.03,
            "research_to_sale_ratio": 0.24,
            "price_fair": 29.06,
            "eps_avg_yearly": 1.2,
            "eps_latest_yearly": 0.4,
            "eps_growth_yearly": 14.28
        },
        "20141": {
            "year_quarter": 20141,
            "year": 2014,
            "quarter": 1,
            "eps": 0.08,
            "eps_growth_year": -61.9,
            "eps_4q": 0.63,
            "eps_4q_growth_year": -8.45,
            "roe": 0.41,
            "roe_4q": 3.87,
            "gross_profit": 425935,
            "gross_margin": 9.34,
            "gross_margin_4q_avg": 11.05,
            "net_income": 106415,
            "revenue": 4561889,
            "common_shares": 15926328,
            "book_valuer_per_share": 16.14,
            "book_valuer_per_share_4q_avg": 15.95,
            "equity": 26007670,
            "current_ratio": 172.35,
            "debt_ratio": 31.19,
            "inventory_turnover_ratio": 0.93,
            "account_receivable_turnover_ratio": 2.92,
            "reinvestment_rate": 40.49,
            "research_to_sale_ratio": 0.21,
            "price_fair": 21.66,
            "eps_avg_yearly": 1.14,
            "eps_latest_yearly": 0.32,
            "eps_growth_yearly": 8.95
        },
        "20142": {
            "year_quarter": 20142,
            "year": 2014,
            "quarter": 2,
            "eps": 0.08,
            "eps_growth_year": -68,
            "eps_4q": 0.45,
            "eps_4q_growth_year": -41.26,
            "roe": 0.46,
            "roe_4q": 2.73,
            "gross_profit": 482728,
            "gross_margin": 9.26,
            "gross_margin_4q_avg": 10,
            "net_income": 118457,
            "revenue": 5213569,
            "common_shares": 15926328,
            "book_valuer_per_share": 15.66,
            "book_valuer_per_share_4q_avg": 15.94,
            "equity": 25577833,
            "current_ratio": 141.65,
            "debt_ratio": 34.8,
            "inventory_turnover_ratio": 0.94,
            "account_receivable_turnover_ratio": 3.55,
            "reinvestment_rate": 72.49,
            "research_to_sale_ratio": 0.16,
            "price_fair": 3.02,
            "eps_avg_yearly": 1.01,
            "eps_latest_yearly": 0.32,
            "eps_growth_yearly": -25.77
        },
        "20143": {
            "year_quarter": 20143,
            "year": 2014,
            "quarter": 3,
            "eps": 0.08,
            "eps_growth_year": -60,
            "eps_4q": 0.34,
            "eps_4q_growth_year": -60.15,
            "roe": 0.47,
            "roe_4q": 1.9499999999999997,
            "gross_profit": 383545,
            "gross_margin": 6.96,
            "gross_margin_4q_avg": 8.72,
            "net_income": 118968,
            "revenue": 5506991,
            "common_shares": 16404118,
            "book_valuer_per_share": 15.19,
            "book_valuer_per_share_4q_avg": 15.77,
            "equity": 25543021,
            "current_ratio": 134.1,
            "debt_ratio": 33.94,
            "inventory_turnover_ratio": 1.07,
            "account_receivable_turnover_ratio": 3.93,
            "reinvestment_rate": 112.1,
            "research_to_sale_ratio": 0.17,
            "price_fair": 2.63,
            "eps_avg_yearly": 0.88,
            "eps_latest_yearly": 0.32,
            "eps_growth_yearly": -24.41
        },
        "20144": {
            "year_quarter": 20144,
            "year": 2014,
            "quarter": 4,
            "eps": 0.05,
            "eps_growth_year": -47.39,
            "eps_4q": 0.29,
            "eps_4q_growth_year": -61.96,
            "roe": 0.14,
            "roe_4q": 1.48,
            "gross_profit": 454600,
            "gross_margin": 8.29,
            "gross_margin_4q_avg": 8.46,
            "net_income": 35049,
            "revenue": 5482532,
            "common_shares": 16404118,
            "book_valuer_per_share": 15.32,
            "book_valuer_per_share_4q_avg": 15.58,
            "equity": 25700947,
            "current_ratio": 129.68,
            "debt_ratio": 35.21,
            "inventory_turnover_ratio": 1.22,
            "account_receivable_turnover_ratio": 3.68,
            "reinvestment_rate": 208.55,
            "research_to_sale_ratio": 0.15,
            "price_fair": 2.14,
            "eps_avg_yearly": 0.71,
            "eps_latest_yearly": 0.2,
            "eps_growth_yearly": -41.88
        },
        "20151": {
            "year_quarter": 20151,
            "year": 2015,
            "quarter": 1,
            "eps": 0.12,
            "eps_growth_year": 50,
            "eps_4q": 0.34,
            "eps_4q_growth_year": -45.57,
            "roe": 0.74,
            "roe_4q": 1.81,
            "gross_profit": 643023,
            "gross_margin": 12.18,
            "gross_margin_4q_avg": 9.17,
            "net_income": 190808,
            "revenue": 5279253,
            "common_shares": 16404118,
            "book_valuer_per_share": 15.31,
            "book_valuer_per_share_4q_avg": 15.37,
            "equity": 25674483,
            "current_ratio": 108.34,
            "debt_ratio": 38.07,
            "inventory_turnover_ratio": 1.21,
            "account_receivable_turnover_ratio": 3.16,
            "reinvestment_rate": 374.13,
            "research_to_sale_ratio": 0.15,
            "price_fair": 1.5,
            "eps_avg_yearly": 0.5,
            "eps_latest_yearly": 0.48,
            "eps_growth_yearly": -8.79
        },
        "20152": {
            "year_quarter": 20152,
            "year": 2015,
            "quarter": 2,
            "eps": 0.26,
            "eps_growth_year": 225,
            "eps_4q": 0.51,
            "eps_4q_growth_year": 15.32,
            "roe": 1.59,
            "roe_4q": 2.9400000000000004,
            "gross_profit": 840946,
            "gross_margin": 14.1,
            "gross_margin_4q_avg": 10.38,
            "net_income": 404360,
            "revenue": 5965110,
            "common_shares": 16404118,
            "book_valuer_per_share": 15.07,
            "book_valuer_per_share_4q_avg": 15.22,
            "equity": 25257616,
            "current_ratio": 104.06,
            "debt_ratio": 39.11,
            "inventory_turnover_ratio": 1.21,
            "account_receivable_turnover_ratio": 3.44,
            "reinvestment_rate": 286.2,
            "research_to_sale_ratio": 0.13,
            "price_fair": 20.3,
            "eps_avg_yearly": 0.58,
            "eps_latest_yearly": 1.04,
            "eps_growth_yearly": 62.55
        },
        "20153": {
            "year_quarter": 20153,
            "year": 2015,
            "quarter": 3,
            "eps": 0.23,
            "eps_growth_year": 187.5,
            "eps_4q": 0.66,
            "eps_4q_growth_year": 97.43,
            "roe": 1.39,
            "roe_4q": 3.86,
            "gross_profit": 700555,
            "gross_margin": 12.86,
            "gross_margin_4q_avg": 11.86,
            "net_income": 354222,
            "revenue": 5445721,
            "common_shares": 16568159,
            "book_valuer_per_share": 15.31,
            "book_valuer_per_share_4q_avg": 15.25,
            "equity": 25879498,
            "current_ratio": 109.46,
            "debt_ratio": 36.91,
            "inventory_turnover_ratio": 1.03,
            "account_receivable_turnover_ratio": 3.23,
            "reinvestment_rate": 161.05,
            "research_to_sale_ratio": 0.15,
            "price_fair": 21.22,
            "eps_avg_yearly": 0.61,
            "eps_latest_yearly": 0.92,
            "eps_growth_yearly": 54.19
        },
        "20154": {
            "year_quarter": 20154,
            "year": 2015,
            "quarter": 4,
            "eps": 0.14,
            "eps_growth_year": 154.19,
            "eps_4q": 0.75,
            "eps_4q_growth_year": 157.94,
            "roe": 0.78,
            "roe_4q": 4.5,
            "gross_profit": 680926,
            "gross_margin": 14.09,
            "gross_margin_4q_avg": 13.31,
            "net_income": 202823,
            "revenue": 4834045,
            "common_shares": 16568159,
            "book_valuer_per_share": 15.59,
            "book_valuer_per_share_4q_avg": 15.32,
            "equity": 26309246,
            "current_ratio": 111.17,
            "debt_ratio": 35.7,
            "inventory_turnover_ratio": 0.91,
            "account_receivable_turnover_ratio": 3.37,
            "reinvestment_rate": 168.64,
            "research_to_sale_ratio": 0.16,
            "price_fair": 21.1,
            "eps_avg_yearly": 0.6,
            "eps_latest_yearly": 0.56,
            "eps_growth_yearly": 39.14
        },
        "20161": {
            "year_quarter": 20161,
            "year": 2016,
            "quarter": 1,
            "eps": 0.02,
            "eps_growth_year": -83.33,
            "eps_4q": 0.64,
            "eps_4q_growth_year": 87.6,
            "roe": 0.04,
            "roe_4q": 3.8,
            "gross_profit": 470716,
            "gross_margin": 11.2,
            "gross_margin_4q_avg": 13.06,
            "net_income": 11076,
            "revenue": 4202145,
            "common_shares": 16568159,
            "book_valuer_per_share": 15.52,
            "book_valuer_per_share_4q_avg": 15.37,
            "equity": 26177411,
            "current_ratio": 102.74,
            "debt_ratio": 35.43,
            "inventory_turnover_ratio": 0.83,
            "account_receivable_turnover_ratio": 3.06,
            "reinvestment_rate": 163.14,
            "research_to_sale_ratio": 0.16,
            "price_fair": 13.45,
            "eps_avg_yearly": 0.57,
            "eps_latest_yearly": 0.08,
            "eps_growth_yearly": 13.67
        },
        "20162": {
            "year_quarter": 20162,
            "year": 2016,
            "quarter": 2,
            "eps": 0.12,
            "eps_growth_year": -53.85,
            "eps_4q": 0.5,
            "eps_4q_growth_year": -2.63,
            "roe": 0.66,
            "roe_4q": 2.87,
            "gross_profit": 524849,
            "gross_margin": 10.96,
            "gross_margin_4q_avg": 12.28,
            "net_income": 169399,
            "revenue": 4790213,
            "common_shares": 16568159,
            "book_valuer_per_share": 15.06,
            "book_valuer_per_share_4q_avg": 15.37,
            "equity": 25398323,
            "current_ratio": 94.62,
            "debt_ratio": 37.45,
            "inventory_turnover_ratio": 0.97,
            "account_receivable_turnover_ratio": 3.32,
            "reinvestment_rate": 200.34,
            "research_to_sale_ratio": 0.16,
            "price_fair": 19.69,
            "eps_avg_yearly": 0.56,
            "eps_latest_yearly": 0.48,
            "eps_growth_yearly": 137.82
        },
        "20163": {
            "year_quarter": 20163,
            "year": 2016,
            "quarter": 3,
            "eps": 0.13,
            "eps_growth_year": -43.48,
            "eps_4q": 0.4,
            "eps_4q_growth_year": -39.12,
            "roe": 0.75,
            "roe_4q": 2.2300000000000004,
            "gross_profit": 647742,
            "gross_margin": 11.83,
            "gross_margin_4q_avg": 12.02,
            "net_income": 191617,
            "revenue": 5473642,
            "common_shares": 16568159,
            "book_valuer_per_share": 15.03,
            "book_valuer_per_share_4q_avg": 15.3,
            "equity": 25371817,
            "current_ratio": 104.71,
            "debt_ratio": 36.79,
            "inventory_turnover_ratio": 1.16,
            "account_receivable_turnover_ratio": 3.63,
            "reinvestment_rate": 192.96,
            "research_to_sale_ratio": 0.15,
            "price_fair": 19.78,
            "eps_avg_yearly": 0.57,
            "eps_latest_yearly": 0.52,
            "eps_growth_yearly": 147.26
        },
        "20164": {
            "year_quarter": 20164,
            "year": 2016,
            "quarter": 4,
            "eps": 0.08,
            "eps_growth_year": -39.69,
            "eps_4q": 0.35,
            "eps_4q_growth_year": -53.34,
            "roe": 0.41,
            "roe_4q": 1.8599999999999999,
            "gross_profit": 618378,
            "gross_margin": 12.39,
            "gross_margin_4q_avg": 11.6,
            "net_income": 104438,
            "revenue": 4991874,
            "common_shares": 16568159,
            "book_valuer_per_share": 15.11,
            "book_valuer_per_share_4q_avg": 15.18,
            "equity": 25464897,
            "current_ratio": 101.48,
            "debt_ratio": 37.48,
            "inventory_turnover_ratio": 1.08,
            "account_receivable_turnover_ratio": 3.11,
            "reinvestment_rate": 186.53,
            "research_to_sale_ratio": 0.15,
            "price_fair": 18.81,
            "eps_avg_yearly": 0.54,
            "eps_latest_yearly": 0.32,
            "eps_growth_yearly": 123.06
        },
        "20171": {
            "year_quarter": 20171,
            "year": 2017,
            "quarter": 1,
            "eps": 0.07,
            "eps_growth_year": 250,
            "eps_4q": 0.4,
            "eps_4q_growth_year": -36.85,
            "roe": 0.37,
            "roe_4q": 2.19,
            "gross_profit": 659815,
            "gross_margin": 12.9,
            "gross_margin_4q_avg": 12.02,
            "net_income": 94398,
            "revenue": 5114990,
            "common_shares": 16568159,
            "book_valuer_per_share": 15.11,
            "book_valuer_per_share_4q_avg": 15.08,
            "equity": 25434046,
            "current_ratio": 100.39,
            "debt_ratio": 38.66,
            "inventory_turnover_ratio": 0.98,
            "account_receivable_turnover_ratio": 2.98,
            "reinvestment_rate": 291.2,
            "research_to_sale_ratio": 0.14,
            "price_fair": 17.59,
            "eps_avg_yearly": 0.5,
            "eps_latest_yearly": 0.28,
            "eps_growth_yearly": 117.3
        },
        "20172": {
            "year_quarter": 20172,
            "year": 2017,
            "quarter": 2,
            "eps": 0.16,
            "eps_growth_year": 33.33,
            "eps_4q": 0.44,
            "eps_4q_growth_year": -11.35,
            "roe": 0.95,
            "roe_4q": 2.4799999999999995,
            "gross_profit": 617575,
            "gross_margin": 12.31,
            "gross_margin_4q_avg": 12.36,
            "net_income": 241561,
            "revenue": 5016191,
            "common_shares": 16568159,
            "book_valuer_per_share": 14.99,
            "book_valuer_per_share_4q_avg": 15.06,
            "equity": 25212950,
            "current_ratio": 98.74,
            "debt_ratio": 39.49,
            "inventory_turnover_ratio": 0.87,
            "account_receivable_turnover_ratio": 2.91,
            "reinvestment_rate": 284.1,
            "research_to_sale_ratio": 0.14,
            "price_fair": 16.8,
            "eps_avg_yearly": 0.48,
            "eps_latest_yearly": 0.64,
            "eps_growth_yearly": 144.68
        },
        "20173": {
            "year_quarter": 20173,
            "year": 2017,
            "quarter": 3,
            "eps": 0.13,
            "eps_growth_year": 0,
            "eps_4q": 0.45,
            "eps_4q_growth_year": 10.79,
            "roe": 0.76,
            "roe_4q": 2.49,
            "gross_profit": 530542,
            "gross_margin": 9.85,
            "gross_margin_4q_avg": 11.86,
            "net_income": 189550,
            "revenue": 5385811,
            "common_shares": 16568159,
            "book_valuer_per_share": 14.96,
            "book_valuer_per_share_4q_avg": 15.04,
            "equity": 24945584,
            "current_ratio": 101.71,
            "debt_ratio": 38.64,
            "inventory_turnover_ratio": 1.02,
            "account_receivable_turnover_ratio": 3.33,
            "reinvestment_rate": 255.52,
            "research_to_sale_ratio": 0.14,
            "price_fair": 16.19,
            "eps_avg_yearly": 0.46,
            "eps_latest_yearly": 0.52,
            "eps_growth_yearly": 144.99
        },
        "20174": {
            "year_quarter": 20174,
            "year": 2017,
            "quarter": 4,
            "eps": 0.09,
            "eps_growth_year": 8.6,
            "eps_4q": 0.45,
            "eps_4q_growth_year": 30.29,
            "roe": 0.64,
            "roe_4q": 2.7199999999999998,
            "gross_profit": 641915,
            "gross_margin": 11.57,
            "gross_margin_4q_avg": 11.66,
            "net_income": 159746,
            "revenue": 5546141,
            "common_shares": 16568159,
            "book_valuer_per_share": 15.07,
            "book_valuer_per_share_4q_avg": 15.03,
            "equity": 25129091,
            "current_ratio": 105.53,
            "debt_ratio": 41.3,
            "inventory_turnover_ratio": 1.06,
            "account_receivable_turnover_ratio": 3.06,
            "reinvestment_rate": 236.22,
            "research_to_sale_ratio": 0.14,
            "price_fair": 16.1,
            "eps_avg_yearly": 0.46,
            "eps_latest_yearly": 0.36,
            "eps_growth_yearly": 149.8
        },
        "20181": {
            "year_quarter": 20181,
            "year": 2018,
            "quarter": 1,
            "eps": 0.1,
            "eps_growth_year": 42.86,
            "eps_4q": 0.48,
            "eps_4q_growth_year": 19.5,
            "roe": 0.66,
            "roe_4q": 3.01,
            "gross_profit": 749097,
            "gross_margin": 12.48,
            "gross_margin_4q_avg": 11.55,
            "net_income": 165610,
            "revenue": 6000881,
            "common_shares": 16568159,
            "book_valuer_per_share": 15.14,
            "book_valuer_per_share_4q_avg": 15.04,
            "equity": 25236831,
            "current_ratio": 107.98,
            "debt_ratio": 41.82,
            "inventory_turnover_ratio": 1.03,
            "account_receivable_turnover_ratio": 3.02,
            "reinvestment_rate": 31.07,
            "research_to_sale_ratio": 0.12,
            "price_fair": 16.28,
            "eps_avg_yearly": 0.47,
            "eps_latest_yearly": 0.4,
            "eps_growth_yearly": 157.58
        },
        "20182": {
            "year_quarter": 20182,
            "year": 2018,
            "quarter": 2,
            "eps": 0.34,
            "eps_growth_year": 112.5,
            "eps_4q": 0.66,
            "eps_4q_growth_year": 48.22,
            "roe": 2.2,
            "roe_4q": 4.260000000000001,
            "gross_profit": 927017,
            "gross_margin": 14.3,
            "gross_margin_4q_avg": 12.05,
            "net_income": 555280,
            "revenue": 6480789,
            "common_shares": 16568159,
            "book_valuer_per_share": 15.15,
            "book_valuer_per_share_4q_avg": 15.08,
            "equity": 25262913,
            "current_ratio": 107.66,
            "debt_ratio": 43.69,
            "inventory_turnover_ratio": 0.94,
            "account_receivable_turnover_ratio": 3.15,
            "reinvestment_rate": -3.09,
            "research_to_sale_ratio": 0.13,
            "price_fair": 18.55,
            "eps_avg_yearly": 0.53,
            "eps_latest_yearly": 1.36,
            "eps_growth_yearly": 217.58
        },
        "20183": {
            "year_quarter": 20183,
            "year": 2018,
            "quarter": 3,
            "eps": 0.25,
            "eps_growth_year": 92.31,
            "eps_4q": 0.78,
            "eps_4q_growth_year": 73.93,
            "roe": 1.59,
            "roe_4q": 5.09,
            "gross_profit": 841733,
            "gross_margin": 13.28,
            "gross_margin_4q_avg": 12.91,
            "net_income": 403364,
            "revenue": 6336543,
            "common_shares": 16568159,
            "book_valuer_per_share": 15.3,
            "book_valuer_per_share_4q_avg": 15.17,
            "equity": 25488084,
            "current_ratio": 111.35,
            "debt_ratio": 42.35,
            "inventory_turnover_ratio": 0.83,
            "account_receivable_turnover_ratio": 3.18,
            "reinvestment_rate": -17.03,
            "research_to_sale_ratio": 0.26,
            "price_fair": 20.04,
            "eps_avg_yearly": 0.57,
            "eps_latest_yearly": 1,
            "eps_growth_yearly": 210.96
        },
        "20184": {
            "year_quarter": 20184,
            "year": 2018,
            "quarter": 4,
            "eps": -0.04,
            "eps_growth_year": -144.38,
            "eps_4q": 0.65,
            "eps_4q_growth_year": 42.38,
            "roe": -0.24,
            "roe_4q": 4.21,
            "gross_profit": 217085,
            "gross_margin": 3.54,
            "gross_margin_4q_avg": 10.9,
            "net_income": -61560,
            "revenue": 6127881,
            "common_shares": 16568159,
            "book_valuer_per_share": 15.08,
            "book_valuer_per_share_4q_avg": 15.17,
            "equity": 25132320,
            "current_ratio": 108.53,
            "debt_ratio": 43.08,
            "inventory_turnover_ratio": 0.89,
            "account_receivable_turnover_ratio": 3.19,
            "reinvestment_rate": -61.25,
            "research_to_sale_ratio": 0.37,
            "price_fair": 20.91,
            "eps_avg_yearly": 0.6,
            "eps_latest_yearly": 1,
            "eps_growth_yearly": 235.03
        },
        "20191": {
            "year_quarter": 20191,
            "year": 2019,
            "quarter": 1,
            "eps": 0.02,
            "eps_growth_year": -80,
            "eps_4q": 0.56,
            "eps_4q_growth_year": 16.98,
            "roe": 0.11,
            "roe_4q": 3.66,
            "gross_profit": 349807,
            "gross_margin": 6.07,
            "gross_margin_4q_avg": 9.3,
            "net_income": 28675,
            "revenue": 5765387,
            "common_shares": 16568159,
            "book_valuer_per_share": 15.31,
            "book_valuer_per_share_4q_avg": 15.21,
            "equity": 25520711,
            "current_ratio": 104.85,
            "debt_ratio": 43.3,
            "inventory_turnover_ratio": 0.85,
            "account_receivable_turnover_ratio": 2.74,
            "reinvestment_rate": -80.75,
            "research_to_sale_ratio": 0.26,
            "price_fair": 21.2,
            "eps_avg_yearly": 0.61,
            "eps_latest_yearly": 1,
            "eps_growth_yearly": 211.81
        },
        "20192": {
            "year_quarter": 20192,
            "year": 2019,
            "quarter": 2,
            "eps": 0.06,
            "eps_growth_year": -82.35,
            "eps_4q": 0.29,
            "eps_4q_growth_year": -56.65,
            "roe": 0.43,
            "roe_4q": 1.8900000000000001,
            "gross_profit": 407843,
            "gross_margin": 6.97,
            "gross_margin_4q_avg": 7.47,
            "net_income": 109685,
            "revenue": 5854588,
            "common_shares": 16568159,
            "book_valuer_per_share": 14.97,
            "book_valuer_per_share_4q_avg": 15.17,
            "equity": 24971346,
            "current_ratio": 97.41,
            "debt_ratio": 45.14,
            "inventory_turnover_ratio": 0.85,
            "account_receivable_turnover_ratio": 2.78,
            "reinvestment_rate": -76.99,
            "research_to_sale_ratio": 0.41,
            "price_fair": 19.2,
            "eps_avg_yearly": 0.55,
            "eps_latest_yearly": 0.24,
            "eps_growth_yearly": 235.62
        },
        "20193": {
            "year_quarter": 20193,
            "year": 2019,
            "quarter": 3,
            "eps": -0.04,
            "eps_growth_year": -116,
            "eps_4q": -0,
            "eps_4q_growth_year": -100.51,
            "roe": -0.22,
            "roe_4q": 0.08000000000000002,
            "gross_profit": 144055,
            "gross_margin": 2.53,
            "gross_margin_4q_avg": 4.78,
            "net_income": -53510,
            "revenue": 5694541,
            "common_shares": 16568159,
            "book_valuer_per_share": 14.84,
            "book_valuer_per_share_4q_avg": 15.05,
            "equity": 24763281,
            "current_ratio": 94.72,
            "debt_ratio": 44.22,
            "inventory_turnover_ratio": 0.94,
            "account_receivable_turnover_ratio": 2.96,
            "reinvestment_rate": -94.59,
            "research_to_sale_ratio": 0.31,
            "price_fair": 18.2,
            "eps_avg_yearly": 0.52,
            "eps_latest_yearly": 0.24,
            "eps_growth_yearly": 257.3
        },
        "20194": {
            "year_quarter": 20194,
            "year": 2019,
            "quarter": 4,
            "eps": 0.02,
            "eps_growth_year": null,
            "eps_4q": 0.06,
            "eps_4q_growth_year": -91.46,
            "roe": 0.13,
            "roe_4q": 0.44999999999999996,
            "gross_profit": 372598,
            "gross_margin": 6.61,
            "gross_margin_4q_avg": 5.55,
            "net_income": 31989,
            "revenue": 5632909,
            "common_shares": 16568159,
            "book_valuer_per_share": 14.81,
            "book_valuer_per_share_4q_avg": 14.98,
            "equity": 24711520,
            "current_ratio": 94.79,
            "debt_ratio": 44.69,
            "inventory_turnover_ratio": 1.08,
            "account_receivable_turnover_ratio": 2.92,
            "reinvestment_rate": -97.4,
            "research_to_sale_ratio": 0.26,
            "price_fair": 18.08,
            "eps_avg_yearly": 0.52,
            "eps_latest_yearly": 0.24,
            "eps_growth_yearly": 291.78
        },
        "20201": {
            "year_quarter": 20201,
            "year": 2020,
            "quarter": 1,
            "eps": 0.06,
            "eps_growth_year": 200,
            "eps_4q": 0.1,
            "eps_4q_growth_year": -82.47,
            "roe": 0.39,
            "roe_4q": 0.73,
            "gross_profit": 491683,
            "gross_margin": 9.76,
            "gross_margin_4q_avg": 6.47,
            "net_income": 95899,
            "revenue": 5037884,
            "common_shares": 16568159,
            "book_valuer_per_share": 14.5,
            "book_valuer_per_share_4q_avg": 14.78,
            "equity": 24191043,
            "current_ratio": 96.84,
            "debt_ratio": 46.99,
            "inventory_turnover_ratio": 1.02,
            "account_receivable_turnover_ratio": 2.68,
            "reinvestment_rate": -86.03,
            "research_to_sale_ratio": 0.42,
            "price_fair": 18.55,
            "eps_avg_yearly": 0.53,
            "eps_latest_yearly": 0.24,
            "eps_growth_yearly": 387.02
        },
        "20202": {
            "year_quarter": 20202,
            "year": 2020,
            "quarter": 2,
            "eps": -0.11,
            "eps_growth_year": -283.33,
            "eps_4q": -0.06,
            "eps_4q_growth_year": -122.17,
            "roe": -0.56,
            "roe_4q": -0.26,
            "gross_profit": 139849,
            "gross_margin": 3.93,
            "gross_margin_4q_avg": 5.71,
            "net_income": -134917,
            "revenue": 3562690,
            "common_shares": 16568159,
            "book_valuer_per_share": 14.59,
            "book_valuer_per_share_4q_avg": 14.69,
            "equity": 24380546,
            "current_ratio": 100.86,
            "debt_ratio": 47.72,
            "inventory_turnover_ratio": 0.73,
            "account_receivable_turnover_ratio": 2.1,
            "reinvestment_rate": -165.68,
            "research_to_sale_ratio": 0.36,
            "price_fair": 18.71,
            "eps_avg_yearly": 0.53,
            "eps_latest_yearly": 0.24,
            "eps_growth_yearly": 240.39
        },
        "20203": {
            "year_quarter": 20203,
            "year": 2020,
            "quarter": 3,
            "eps": 0.2,
            "eps_growth_year": null,
            "eps_4q": 0.17,
            "eps_4q_growth_year": null,
            "roe": 1.33,
            "roe_4q": 1.29,
            "gross_profit": 309792,
            "gross_margin": 7.75,
            "gross_margin_4q_avg": 7.01,
            "net_income": 324720,
            "revenue": 3997598,
            "common_shares": 16568159,
            "book_valuer_per_share": 14.67,
            "book_valuer_per_share_4q_avg": 14.64,
            "equity": 24501415,
            "current_ratio": 113.58,
            "debt_ratio": 46.96,
            "inventory_turnover_ratio": 0.8,
            "account_receivable_turnover_ratio": 2.48,
            "reinvestment_rate": -140.07,
            "research_to_sale_ratio": 0.16,
            "price_fair": 18.76,
            "eps_avg_yearly": 0.54,
            "eps_latest_yearly": 0.24,
            "eps_growth_yearly": 261.09
        },
        "20204": {
            "year_quarter": 20204,
            "year": 2020,
            "quarter": 4,
            "eps": 0.41,
            "eps_growth_year": 2059.18,
            "eps_4q": 0.57,
            "eps_4q_growth_year": 923.47,
            "roe": 2.75,
            "roe_4q": 3.91,
            "gross_profit": 721312,
            "gross_margin": 14.34,
            "gross_margin_4q_avg": 8.95,
            "net_income": 685559,
            "revenue": 5030049,
            "common_shares": 16568159,
            "book_valuer_per_share": 15.14,
            "book_valuer_per_share_4q_avg": 14.73,
            "equity": 25277681,
            "current_ratio": 91.56,
            "debt_ratio": 46.07,
            "inventory_turnover_ratio": 1.04,
            "account_receivable_turnover_ratio": 3.11,
            "reinvestment_rate": -92.09,
            "research_to_sale_ratio": 0.14,
            "price_fair": 23.38,
            "eps_avg_yearly": 0.67,
            "eps_latest_yearly": 1.64,
            "eps_growth_yearly": 318.48
        },
        "20211": {
            "year_quarter": 20211,
            "year": 2021,
            "quarter": 1,
            "eps": 0.68,
            "eps_growth_year": 1033.33,
            "eps_4q": 1.18,
            "eps_4q_growth_year": 1094.78,
            "roe": 4.38,
            "roe_4q": 7.9,
            "gross_profit": 1026966,
            "gross_margin": 19.23,
            "gross_margin_4q_avg": 11.31,
            "net_income": 1125521,
            "revenue": 5341594,
            "common_shares": 16568159,
            "book_valuer_per_share": 15.62,
            "book_valuer_per_share_4q_avg": 15.01,
            "equity": 26082868,
            "current_ratio": 109.53,
            "debt_ratio": 47.2,
            "inventory_turnover_ratio": 1.02,
            "account_receivable_turnover_ratio": 2.9,
            "reinvestment_rate": -9.2,
            "research_to_sale_ratio": 0.15,
            "price_fair": 31.92,
            "eps_avg_yearly": 0.91,
            "eps_latest_yearly": 2.72,
            "eps_growth_yearly": 349.82
        },
        "20212": {
            "year_quarter": 20212,
            "year": 2021,
            "quarter": 2,
            "eps": 0.61,
            "eps_growth_year": null,
            "eps_4q": 1.9,
            "eps_4q_growth_year": null,
            "roe": 3.85,
            "roe_4q": 12.31,
            "gross_profit": 1023215,
            "gross_margin": 19.27,
            "gross_margin_4q_avg": 15.15,
            "net_income": 1021952,
            "revenue": 5310445,
            "common_shares": 16568159,
            "book_valuer_per_share": 16.18,
            "book_valuer_per_share_4q_avg": 15.4,
            "equity": 27011703,
            "current_ratio": 124.56,
            "debt_ratio": 45.05,
            "inventory_turnover_ratio": 0.87,
            "account_receivable_turnover_ratio": 2.67,
            "reinvestment_rate": 3.93,
            "research_to_sale_ratio": 0.22,
            "price_fair": 38.22,
            "eps_avg_yearly": 1.09,
            "eps_latest_yearly": 2.44,
            "eps_growth_yearly": 294.27
        },
        "20213": {
            "year_quarter": 20213,
            "year": 2021,
            "quarter": 3,
            "eps": 0.27,
            "eps_growth_year": 35,
            "eps_4q": 1.97,
            "eps_4q_growth_year": 1032.95,
            "roe": 1.7,
            "roe_4q": 12.68,
            "gross_profit": 471071,
            "gross_margin": 10.78,
            "gross_margin_4q_avg": 15.91,
            "net_income": 463630,
            "revenue": 4369785,
            "common_shares": 16568159,
            "book_valuer_per_share": 16.47,
            "book_valuer_per_share_4q_avg": 15.85,
            "equity": 27519186,
            "current_ratio": 128.71,
            "debt_ratio": 45.37,
            "inventory_turnover_ratio": 0.66,
            "account_receivable_turnover_ratio": 2.4,
            "reinvestment_rate": 14.41,
            "research_to_sale_ratio": 0.2,
            "price_fair": 40.18,
            "eps_avg_yearly": 1.15,
            "eps_latest_yearly": 1.08,
            "eps_growth_yearly": 279.48
        },
        "20214": {
            "year_quarter": 20214,
            "year": 2021,
            "quarter": 4,
            "eps": 0.21,
            "eps_growth_year": -49.27,
            "eps_4q": 1.77,
            "eps_4q_growth_year": 212.5,
            "roe": 1.29,
            "roe_4q": 11.219999999999999,
            "gross_profit": 763796,
            "gross_margin": 14.77,
            "gross_margin_4q_avg": 16.01,
            "net_income": 358194,
            "revenue": 5171686,
            "common_shares": 16568159,
            "book_valuer_per_share": 16.74,
            "book_valuer_per_share_4q_avg": 16.25,
            "equity": 27975331,
            "current_ratio": 131.31,
            "debt_ratio": 44.27,
            "inventory_turnover_ratio": 0.72,
            "account_receivable_turnover_ratio": 2.97,
            "reinvestment_rate": 6.49,
            "research_to_sale_ratio": 0.18,
            "price_fair": 41.86,
            "eps_avg_yearly": 1.2,
            "eps_latest_yearly": 0.84,
            "eps_growth_yearly": 282.9
        },
        "20221": {
            "year_quarter": 20221,
            "year": 2022,
            "quarter": 1,
            "eps": 0.46,
            "eps_growth_year": -32.35,
            "eps_4q": 1.55,
            "eps_4q_growth_year": 30.84,
            "roe": 2.75,
            "roe_4q": 9.59,
            "gross_profit": 1191524,
            "gross_margin": 20.58,
            "gross_margin_4q_avg": 16.35,
            "net_income": 767908,
            "revenue": 5790996,
            "common_shares": 16568159,
            "book_valuer_per_share": 16.65,
            "book_valuer_per_share_4q_avg": 16.51,
            "equity": 27843858,
            "current_ratio": 130.57,
            "debt_ratio": 45.36,
            "inventory_turnover_ratio": 0.81,
            "account_receivable_turnover_ratio": 3,
            "reinvestment_rate": 73.61,
            "research_to_sale_ratio": 0.15,
            "price_fair": 46.9,
            "eps_avg_yearly": 1.34,
            "eps_latest_yearly": 1.84,
            "eps_growth_yearly": 326.07
        },
        "20222": {
            "year_quarter": 20222,
            "year": 2022,
            "quarter": 2,
            "eps": 0.25,
            "eps_growth_year": -59.02,
            "eps_4q": 1.19,
            "eps_4q_growth_year": -37.45,
            "roe": 1.53,
            "roe_4q": 7.2700000000000005,
            "gross_profit": 951976,
            "gross_margin": 17,
            "gross_margin_4q_avg": 15.78,
            "net_income": 428898,
            "revenue": 5599257,
            "common_shares": 16568159,
            "book_valuer_per_share": 16.78,
            "book_valuer_per_share_4q_avg": 16.66,
            "equity": 28082487,
            "current_ratio": 136.27,
            "debt_ratio": 44.42,
            "inventory_turnover_ratio": 0.74,
            "account_receivable_turnover_ratio": 2.93,
            "reinvestment_rate": 73.13,
            "research_to_sale_ratio": 0.24,
            "price_fair": 45.64,
            "eps_avg_yearly": 1.3,
            "eps_latest_yearly": 1,
            "eps_growth_yearly": 211.81
        },
        "20223": {
            "year_quarter": 20223,
            "year": 2022,
            "quarter": 3,
            "eps": 0.18,
            "eps_growth_year": -33.33,
            "eps_4q": 1.1,
            "eps_4q_growth_year": -44.25,
            "roe": 1.07,
            "roe_4q": 6.64,
            "gross_profit": 415576,
            "gross_margin": 8.14,
            "gross_margin_4q_avg": 15.12,
            "net_income": 302168,
            "revenue": 5106989,
            "common_shares": 16568159,
            "book_valuer_per_share": 17.02,
            "book_valuer_per_share_4q_avg": 16.8,
            "equity": 28486342,
            "current_ratio": 140.68,
            "debt_ratio": 43.85,
            "inventory_turnover_ratio": 0.67,
            "account_receivable_turnover_ratio": 3.09,
            "reinvestment_rate": 70.87,
            "research_to_sale_ratio": 0.2,
            "price_fair": 44.66,
            "eps_avg_yearly": 1.28,
            "eps_latest_yearly": 0.72,
            "eps_growth_yearly": 211.2
        },
        "20224": {
            "year_quarter": 20224,
            "year": 2022,
            "quarter": 4,
            "eps": -0.19,
            "eps_growth_year": -191.32,
            "eps_4q": 0.7,
            "eps_4q_growth_year": -60.43,
            "roe": -1.09,
            "roe_4q": 4.26,
            "gross_profit": -147230,
            "gross_margin": -2.69,
            "gross_margin_4q_avg": 10.76,
            "net_income": -307216,
            "revenue": 5470990,
            "common_shares": 16568159,
            "book_valuer_per_share": 16.67,
            "book_valuer_per_share_4q_avg": 16.78,
            "equity": 27906975,
            "current_ratio": 135.47,
            "debt_ratio": 44.37,
            "inventory_turnover_ratio": 0.85,
            "account_receivable_turnover_ratio": 3.72,
            "reinvestment_rate": 66.59,
            "research_to_sale_ratio": 0.15,
            "price_fair": 44.66,
            "eps_avg_yearly": 1.28,
            "eps_latest_yearly": 0.72,
            "eps_growth_yearly": 211.2
        },
        "20231": {
            "year_quarter": 20231,
            "year": 2023,
            "quarter": 1,
            "eps": -0.29,
            "eps_growth_year": -163.04,
            "eps_4q": -0.04,
            "eps_4q_growth_year": -102.91,
            "roe": -1.68,
            "roe_4q": -0.16999999999999993,
            "gross_profit": -69047,
            "gross_margin": -1.27,
            "gross_margin_4q_avg": 5.3,
            "net_income": -462189,
            "revenue": 5453311,
            "common_shares": 16568159,
            "book_valuer_per_share": 16.12,
            "book_valuer_per_share_4q_avg": 16.65,
            "equity": 27016515,
            "current_ratio": 118.21,
            "debt_ratio": 46.61,
            "inventory_turnover_ratio": 0.92,
            "account_receivable_turnover_ratio": 3.23,
            "reinvestment_rate": 61.57,
            "research_to_sale_ratio": 0.15,
            "price_fair": 44.66,
            "eps_avg_yearly": 1.28,
            "eps_latest_yearly": 0.72,
            "eps_growth_yearly": 211.2
        }
    },
    "months": {
        "2001-06": {
            "month": "2001-06",
            "price": "3.38",
            "revenue": 795093
        },
        "2001-07": {
            "month": "2001-07",
            "price": "3.16",
            "revenue": 897823
        },
        "2001-08": {
            "month": "2001-08",
            "price": "3.52",
            "revenue": 890082
        },
        "2001-09": {
            "month": "2001-09",
            "price": "3.29",
            "revenue": 723521
        },
        "2001-10": {
            "month": "2001-10",
            "price": "3.13",
            "revenue": 769001
        },
        "2001-11": {
            "month": "2001-11",
            "price": "3.06",
            "revenue": 673737
        },
        "2001-12": {
            "month": "2001-12",
            "price": "3.36",
            "revenue": 664035
        },
        "2002-01": {
            "month": "2002-01",
            "price": "3.94",
            "revenue": 769799
        },
        "2002-02": {
            "month": "2002-02",
            "price": "3.86",
            "revenue": 650029
        },
        "2002-03": {
            "month": "2002-03",
            "price": "5.18",
            "revenue": 1029532
        },
        "2002-04": {
            "month": "2002-04",
            "price": "6.71",
            "revenue": 1095412
        },
        "2002-05": {
            "month": "2002-05",
            "price": "6.52",
            "revenue": 841509
        },
        "2002-06": {
            "month": "2002-06",
            "price": "6.84",
            "revenue": 736923
        },
        "2002-07": {
            "month": "2002-07",
            "price": "5.98",
            "revenue": 756996
        },
        "2002-08": {
            "month": "2002-08",
            "price": "5.44",
            "revenue": 1017997
        },
        "2002-09": {
            "month": "2002-09",
            "price": "5.27",
            "revenue": 918688
        },
        "2002-10": {
            "month": "2002-10",
            "price": "4.84",
            "revenue": 1068274
        },
        "2002-11": {
            "month": "2002-11",
            "price": "5.78",
            "revenue": 964183
        },
        "2002-12": {
            "month": "2002-12",
            "price": "6.22",
            "revenue": 1053728
        },
        "2003-01": {
            "month": "2003-01",
            "price": "7.91",
            "revenue": 1040959
        },
        "2003-02": {
            "month": "2003-02",
            "price": "8.95",
            "revenue": 937239
        },
        "2003-03": {
            "month": "2003-03",
            "price": "6.94",
            "revenue": 978818
        },
        "2003-04": {
            "month": "2003-04",
            "price": "7.20",
            "revenue": 776980
        },
        "2003-05": {
            "month": "2003-05",
            "price": "6.54",
            "revenue": 784203
        },
        "2003-06": {
            "month": "2003-06",
            "price": "7.28",
            "revenue": 838463
        },
        "2003-07": {
            "month": "2003-07",
            "price": "7.36",
            "revenue": 1069395
        },
        "2003-08": {
            "month": "2003-08",
            "price": "7.32",
            "revenue": 1094954
        },
        "2003-09": {
            "month": "2003-09",
            "price": "7.33",
            "revenue": 985882
        },
        "2003-10": {
            "month": "2003-10",
            "price": "8.68",
            "revenue": 1149712
        },
        "2003-11": {
            "month": "2003-11",
            "price": "10.20",
            "revenue": 1145673
        },
        "2003-12": {
            "month": "2003-12",
            "price": "9.81",
            "revenue": 1013985
        },
        "2004-01": {
            "month": "2004-01",
            "price": "10.88",
            "revenue": 1108565
        },
        "2004-02": {
            "month": "2004-02",
            "price": "11.64",
            "revenue": 1241490
        },
        "2004-03": {
            "month": "2004-03",
            "price": "10.91",
            "revenue": 1215953
        },
        "2004-04": {
            "month": "2004-04",
            "price": "10.57",
            "revenue": 1478874
        },
        "2004-05": {
            "month": "2004-05",
            "price": "9.87",
            "revenue": 1217367
        },
        "2004-06": {
            "month": "2004-06",
            "price": "9.30",
            "revenue": 1290256
        },
        "2004-07": {
            "month": "2004-07",
            "price": "8.69",
            "revenue": 1144593
        },
        "2004-08": {
            "month": "2004-08",
            "price": "8.42",
            "revenue": 1424815
        },
        "2004-09": {
            "month": "2004-09",
            "price": "9.72",
            "revenue": 1403927
        },
        "2004-10": {
            "month": "2004-10",
            "price": "9.59",
            "revenue": 1417841
        },
        "2004-11": {
            "month": "2004-11",
            "price": "9.45",
            "revenue": 977378
        },
        "2004-12": {
            "month": "2004-12",
            "price": "10.18",
            "revenue": 1101162
        },
        "2005-01": {
            "month": "2005-01",
            "price": "10.74",
            "revenue": 1215542
        },
        "2005-02": {
            "month": "2005-02",
            "price": "10.20",
            "revenue": 961712
        },
        "2005-03": {
            "month": "2005-03",
            "price": "9.74",
            "revenue": 1598483
        },
        "2005-04": {
            "month": "2005-04",
            "price": "8.32",
            "revenue": 1165619
        },
        "2005-05": {
            "month": "2005-05",
            "price": "7.54",
            "revenue": 1104475
        },
        "2005-06": {
            "month": "2005-06",
            "price": "7.90",
            "revenue": 1136497
        },
        "2005-07": {
            "month": "2005-07",
            "price": "7.81",
            "revenue": 1226383
        },
        "2005-08": {
            "month": "2005-08",
            "price": "7.45",
            "revenue": 1362082
        },
        "2005-09": {
            "month": "2005-09",
            "price": "6.87",
            "revenue": 1179188
        },
        "2005-10": {
            "month": "2005-10",
            "price": "6.70",
            "revenue": 1143714
        },
        "2005-11": {
            "month": "2005-11",
            "price": "6.87",
            "revenue": 1007499
        },
        "2005-12": {
            "month": "2005-12",
            "price": "7.12",
            "revenue": 1066425
        },
        "2006-01": {
            "month": "2006-01",
            "price": "6.85",
            "revenue": 1009110
        },
        "2006-02": {
            "month": "2006-02",
            "price": "6.42",
            "revenue": 1138042
        },
        "2006-03": {
            "month": "2006-03",
            "price": "6.05",
            "revenue": 1220318
        },
        "2006-04": {
            "month": "2006-04",
            "price": "6.31",
            "revenue": 1153593
        },
        "2006-05": {
            "month": "2006-05",
            "price": "7.83",
            "revenue": 1057749
        },
        "2006-06": {
            "month": "2006-06",
            "price": "7.38",
            "revenue": 889698
        },
        "2006-07": {
            "month": "2006-07",
            "price": "7.08",
            "revenue": 841061
        },
        "2006-08": {
            "month": "2006-08",
            "price": "6.99",
            "revenue": 996373
        },
        "2006-09": {
            "month": "2006-09",
            "price": "6.99",
            "revenue": 674186
        },
        "2006-10": {
            "month": "2006-10",
            "price": "8.29",
            "revenue": 778141
        },
        "2006-11": {
            "month": "2006-11",
            "price": "9.92",
            "revenue": 877014
        },
        "2006-12": {
            "month": "2006-12",
            "price": "15.32",
            "revenue": 806684
        },
        "2007-01": {
            "month": "2007-01",
            "price": "15.15",
            "revenue": 874109
        },
        "2007-02": {
            "month": "2007-02",
            "price": "14.91",
            "revenue": 605676
        },
        "2007-03": {
            "month": "2007-03",
            "price": "14.00",
            "revenue": 1390868
        },
        "2007-04": {
            "month": "2007-04",
            "price": "15.18",
            "revenue": 1421736
        },
        "2007-05": {
            "month": "2007-05",
            "price": "15.22",
            "revenue": 1583109
        },
        "2007-06": {
            "month": "2007-06",
            "price": "15.03",
            "revenue": 1207706
        },
        "2007-07": {
            "month": "2007-07",
            "price": "16.88",
            "revenue": 1356044
        },
        "2007-08": {
            "month": "2007-08",
            "price": "16.35",
            "revenue": 1541695
        },
        "2007-09": {
            "month": "2007-09",
            "price": "17.21",
            "revenue": 1469356
        },
        "2007-10": {
            "month": "2007-10",
            "price": "17.23",
            "revenue": 1663907
        },
        "2007-11": {
            "month": "2007-11",
            "price": "14.11",
            "revenue": 1429722
        },
        "2007-12": {
            "month": "2007-12",
            "price": "12.97",
            "revenue": 1170187
        },
        "2008-01": {
            "month": "2008-01",
            "price": "14.58",
            "revenue": 1352375
        },
        "2008-02": {
            "month": "2008-02",
            "price": "16.76",
            "revenue": 1227816
        },
        "2008-03": {
            "month": "2008-03",
            "price": "17.06",
            "revenue": 1498248
        },
        "2008-04": {
            "month": "2008-04",
            "price": "17.41",
            "revenue": 1395785
        },
        "2008-05": {
            "month": "2008-05",
            "price": "16.70",
            "revenue": 1404610
        },
        "2008-06": {
            "month": "2008-06",
            "price": "13.83",
            "revenue": 1403790
        },
        "2008-07": {
            "month": "2008-07",
            "price": "11.15",
            "revenue": 1507005
        },
        "2008-08": {
            "month": "2008-08",
            "price": "10.47",
            "revenue": 1381535
        },
        "2008-09": {
            "month": "2008-09",
            "price": "8.53",
            "revenue": 1272540
        },
        "2008-10": {
            "month": "2008-10",
            "price": "6.45",
            "revenue": 1157858
        },
        "2008-11": {
            "month": "2008-11",
            "price": "6.15",
            "revenue": 936495
        },
        "2008-12": {
            "month": "2008-12",
            "price": "6.23",
            "revenue": 988295
        },
        "2009-01": {
            "month": "2009-01",
            "price": "6.30",
            "revenue": 884352
        },
        "2009-02": {
            "month": "2009-02",
            "price": "6.10",
            "revenue": 1302568
        },
        "2009-03": {
            "month": "2009-03",
            "price": "6.69",
            "revenue": 1331669
        },
        "2009-04": {
            "month": "2009-04",
            "price": "8.35",
            "revenue": 1359554
        },
        "2009-05": {
            "month": "2009-05",
            "price": "9.44",
            "revenue": 1366284
        },
        "2009-06": {
            "month": "2009-06",
            "price": "9.96",
            "revenue": 1378831
        },
        "2009-07": {
            "month": "2009-07",
            "price": "12.36",
            "revenue": 1492922
        },
        "2009-08": {
            "month": "2009-08",
            "price": "11.04",
            "revenue": 1428026
        },
        "2009-09": {
            "month": "2009-09",
            "price": "11.85",
            "revenue": 1407355
        },
        "2009-10": {
            "month": "2009-10",
            "price": "12.62",
            "revenue": 1429477
        },
        "2009-11": {
            "month": "2009-11",
            "price": "12.18",
            "revenue": 1474690
        },
        "2009-12": {
            "month": "2009-12",
            "price": "12.30",
            "revenue": 1704207
        },
        "2010-01": {
            "month": "2010-01",
            "price": "13.19",
            "revenue": 1629372
        },
        "2010-02": {
            "month": "2010-02",
            "price": "11.70",
            "revenue": 1150662
        },
        "2010-03": {
            "month": "2010-03",
            "price": "12.85",
            "revenue": 1920719
        },
        "2010-04": {
            "month": "2010-04",
            "price": "13.81",
            "revenue": 1802365
        },
        "2010-05": {
            "month": "2010-05",
            "price": "13.00",
            "revenue": 1911029
        },
        "2010-06": {
            "month": "2010-06",
            "price": "13.05",
            "revenue": 1714502
        },
        "2010-07": {
            "month": "2010-07",
            "price": "13.51",
            "revenue": 1531089
        },
        "2010-08": {
            "month": "2010-08",
            "price": "15.10",
            "revenue": 1749697
        },
        "2010-09": {
            "month": "2010-09",
            "price": "16.20",
            "revenue": 2235850
        },
        "2010-10": {
            "month": "2010-10",
            "price": "19.05",
            "revenue": 2250263
        },
        "2010-11": {
            "month": "2010-11",
            "price": "21.62",
            "revenue": 2303716
        },
        "2010-12": {
            "month": "2010-12",
            "price": "22.13",
            "revenue": 2170127
        },
        "2011-01": {
            "month": "2011-01",
            "price": "21.08",
            "revenue": 2365699
        },
        "2011-02": {
            "month": "2011-02",
            "price": "19.35",
            "revenue": 2195285
        },
        "2011-03": {
            "month": "2011-03",
            "price": "18.77",
            "revenue": 2284773
        },
        "2011-04": {
            "month": "2011-04",
            "price": "19.69",
            "revenue": 1660492
        },
        "2011-05": {
            "month": "2011-05",
            "price": "18.58",
            "revenue": 1346994
        },
        "2011-06": {
            "month": "2011-06",
            "price": "17.96",
            "revenue": 1850190
        },
        "2011-07": {
            "month": "2011-07",
            "price": "18.56",
            "revenue": 1708460
        },
        "2011-08": {
            "month": "2011-08",
            "price": "16.29",
            "revenue": 2235937
        },
        "2011-09": {
            "month": "2011-09",
            "price": "13.86",
            "revenue": 2470003
        },
        "2011-10": {
            "month": "2011-10",
            "price": "13.60",
            "revenue": 1761943
        },
        "2011-11": {
            "month": "2011-11",
            "price": "11.82",
            "revenue": 1831243
        },
        "2011-12": {
            "month": "2011-12",
            "price": "10.06",
            "revenue": 1942197
        },
        "2012-01": {
            "month": "2012-01",
            "price": "10.77",
            "revenue": 1358106
        },
        "2012-02": {
            "month": "2012-02",
            "price": "12.87",
            "revenue": 2026933
        },
        "2012-03": {
            "month": "2012-03",
            "price": "14.08",
            "revenue": 1876780
        },
        "2012-04": {
            "month": "2012-04",
            "price": "12.44",
            "revenue": 1825690
        },
        "2012-05": {
            "month": "2012-05",
            "price": "12.58",
            "revenue": 1873367
        },
        "2012-06": {
            "month": "2012-06",
            "price": "12.18",
            "revenue": 1638395
        },
        "2012-07": {
            "month": "2012-07",
            "price": "11.98",
            "revenue": 1649950
        },
        "2012-08": {
            "month": "2012-08",
            "price": "13.09",
            "revenue": 1934744
        },
        "2012-09": {
            "month": "2012-09",
            "price": "14.02",
            "revenue": 1806957
        },
        "2012-10": {
            "month": "2012-10",
            "price": "13.75",
            "revenue": 1812320
        },
        "2012-11": {
            "month": "2012-11",
            "price": "12.93",
            "revenue": 1785772
        },
        "2012-12": {
            "month": "2012-12",
            "price": "13.60",
            "revenue": 1739886
        },
        "2013-01": {
            "month": "2013-01",
            "price": "14.19",
            "revenue": 1912555
        },
        "2013-02": {
            "month": "2013-02",
            "price": "14.37",
            "revenue": 1480009
        },
        "2013-03": {
            "month": "2013-03",
            "price": "14.84",
            "revenue": 1714880
        },
        "2013-04": {
            "month": "2013-04",
            "price": "14.37",
            "revenue": 1888705
        },
        "2013-05": {
            "month": "2013-05",
            "price": "14.64",
            "revenue": 1964883
        },
        "2013-06": {
            "month": "2013-06",
            "price": "14.17",
            "revenue": 1662233
        },
        "2013-07": {
            "month": "2013-07",
            "price": "14.60",
            "revenue": 1991106
        },
        "2013-08": {
            "month": "2013-08",
            "price": "14.40",
            "revenue": 1952799
        },
        "2013-09": {
            "month": "2013-09",
            "price": "16.45",
            "revenue": 1796308
        },
        "2013-10": {
            "month": "2013-10",
            "price": "21.69",
            "revenue": 1846262
        },
        "2013-11": {
            "month": "2013-11",
            "price": "21.64",
            "revenue": 1701143
        },
        "2013-12": {
            "month": "2013-12",
            "price": "21.08",
            "revenue": 1638408
        },
        "2014-01": {
            "month": "2014-01",
            "price": "20.68",
            "revenue": 1359493
        },
        "2014-02": {
            "month": "2014-02",
            "price": "20.46",
            "revenue": 1575697
        },
        "2014-03": {
            "month": "2014-03",
            "price": "21.26",
            "revenue": 1626697
        },
        "2014-04": {
            "month": "2014-04",
            "price": "21.30",
            "revenue": 1795391
        },
        "2014-05": {
            "month": "2014-05",
            "price": "19.31",
            "revenue": 1738661
        },
        "2014-06": {
            "month": "2014-06",
            "price": "19.44",
            "revenue": 1705251
        },
        "2014-07": {
            "month": "2014-07",
            "price": "19.55",
            "revenue": 1923041
        },
        "2014-08": {
            "month": "2014-08",
            "price": "18.51",
            "revenue": 1879704
        },
        "2014-09": {
            "month": "2014-09",
            "price": "18.19",
            "revenue": 1678513
        },
        "2014-10": {
            "month": "2014-10",
            "price": "17.00",
            "revenue": 1884121
        },
        "2014-11": {
            "month": "2014-11",
            "price": "17.24",
            "revenue": 1787812
        },
        "2014-12": {
            "month": "2014-12",
            "price": "18.41",
            "revenue": 1853424
        },
        "2015-01": {
            "month": "2015-01",
            "price": "17.60",
            "revenue": 1872430
        },
        "2015-02": {
            "month": "2015-02",
            "price": "17.33",
            "revenue": 1366800
        },
        "2015-03": {
            "month": "2015-03",
            "price": "16.84",
            "revenue": 2040026
        },
        "2015-04": {
            "month": "2015-04",
            "price": "16.42",
            "revenue": 1901271
        },
        "2015-05": {
            "month": "2015-05",
            "price": "16.94",
            "revenue": 2019562
        },
        "2015-06": {
            "month": "2015-06",
            "price": "15.95",
            "revenue": 2044299
        },
        "2015-07": {
            "month": "2015-07",
            "price": "14.82",
            "revenue": 1887942
        },
        "2015-08": {
            "month": "2015-08",
            "price": "13.78",
            "revenue": 1760063
        },
        "2015-09": {
            "month": "2015-09",
            "price": "13.95",
            "revenue": 1779656
        },
        "2015-10": {
            "month": "2015-10",
            "price": "15.53",
            "revenue": 1567007
        },
        "2015-11": {
            "month": "2015-11",
            "price": "14.88",
            "revenue": 1671225
        },
        "2015-12": {
            "month": "2015-12",
            "price": "14.05",
            "revenue": 1612943
        },
        "2016-01": {
            "month": "2016-01",
            "price": "13.58",
            "revenue": 1211459
        },
        "2016-02": {
            "month": "2016-02",
            "price": "13.79",
            "revenue": 1239596
        },
        "2016-03": {
            "month": "2016-03",
            "price": "13.90",
            "revenue": 1750254
        },
        "2016-04": {
            "month": "2016-04",
            "price": "13.19",
            "revenue": 1535691
        },
        "2016-05": {
            "month": "2016-05",
            "price": "12.76",
            "revenue": 1629072
        },
        "2016-06": {
            "month": "2016-06",
            "price": "12.44",
            "revenue": 1626286
        },
        "2016-07": {
            "month": "2016-07",
            "price": "13.34",
            "revenue": 1852871
        },
        "2016-08": {
            "month": "2016-08",
            "price": "13.28",
            "revenue": 1945355
        },
        "2016-09": {
            "month": "2016-09",
            "price": "12.54",
            "revenue": 1675633
        },
        "2016-10": {
            "month": "2016-10",
            "price": "12.40",
            "revenue": 1650926
        },
        "2016-11": {
            "month": "2016-11",
            "price": "12.01",
            "revenue": 1655614
        },
        "2016-12": {
            "month": "2016-12",
            "price": "12.32",
            "revenue": 1683620
        },
        "2017-01": {
            "month": "2017-01",
            "price": "12.98",
            "revenue": 1327130
        },
        "2017-02": {
            "month": "2017-02",
            "price": "13.79",
            "revenue": 1727052
        },
        "2017-03": {
            "month": "2017-03",
            "price": "14.79",
            "revenue": 2060539
        },
        "2017-04": {
            "month": "2017-04",
            "price": "14.33",
            "revenue": 1605353
        },
        "2017-05": {
            "month": "2017-05",
            "price": "13.55",
            "revenue": 1650484
        },
        "2017-06": {
            "month": "2017-06",
            "price": "13.43",
            "revenue": 1759305
        },
        "2017-07": {
            "month": "2017-07",
            "price": "13.25",
            "revenue": 1756469
        },
        "2017-08": {
            "month": "2017-08",
            "price": "13.16",
            "revenue": 1839451
        },
        "2017-09": {
            "month": "2017-09",
            "price": "13.70",
            "revenue": 1791643
        },
        "2017-10": {
            "month": "2017-10",
            "price": "13.85",
            "revenue": 1812447
        },
        "2017-11": {
            "month": "2017-11",
            "price": "13.54",
            "revenue": 1882294
        },
        "2017-12": {
            "month": "2017-12",
            "price": "13.42",
            "revenue": 1854566
        },
        "2018-01": {
            "month": "2018-01",
            "price": "14.20",
            "revenue": 2137441
        },
        "2018-02": {
            "month": "2018-02",
            "price": "13.39",
            "revenue": 1619825
        },
        "2018-03": {
            "month": "2018-03",
            "price": "13.29",
            "revenue": 2249692
        },
        "2018-04": {
            "month": "2018-04",
            "price": "13.25",
            "revenue": 1870378
        },
        "2018-05": {
            "month": "2018-05",
            "price": "13.32",
            "revenue": 2440906
        },
        "2018-06": {
            "month": "2018-06",
            "price": "14.32",
            "revenue": 2163425
        },
        "2018-07": {
            "month": "2018-07",
            "price": "13.27",
            "revenue": 2097312
        },
        "2018-08": {
            "month": "2018-08",
            "price": "13.53",
            "revenue": 2222815
        },
        "2018-09": {
            "month": "2018-09",
            "price": "13.38",
            "revenue": 2016456
        },
        "2018-10": {
            "month": "2018-10",
            "price": "12.67",
            "revenue": 2120558
        },
        "2018-11": {
            "month": "2018-11",
            "price": "12.37",
            "revenue": 2117403
        },
        "2018-12": {
            "month": "2018-12",
            "price": "12.38",
            "revenue": 1889883
        },
        "2019-01": {
            "month": "2019-01",
            "price": "11.92",
            "revenue": 2034326
        },
        "2019-02": {
            "month": "2019-02",
            "price": "12.24",
            "revenue": 1513609
        },
        "2019-03": {
            "month": "2019-03",
            "price": "12.31",
            "revenue": 2217452
        },
        "2019-04": {
            "month": "2019-04",
            "price": "12.18",
            "revenue": 1972090
        },
        "2019-05": {
            "month": "2019-05",
            "price": "12.21",
            "revenue": 2022479
        },
        "2019-06": {
            "month": "2019-06",
            "price": "12.16",
            "revenue": 1860018
        },
        "2019-07": {
            "month": "2019-07",
            "price": "12.34",
            "revenue": 2169047
        },
        "2019-08": {
            "month": "2019-08",
            "price": "11.69",
            "revenue": 1875976
        },
        "2019-09": {
            "month": "2019-09",
            "price": "11.42",
            "revenue": 1647316
        },
        "2019-10": {
            "month": "2019-10",
            "price": "11.30",
            "revenue": 2011385
        },
        "2019-11": {
            "month": "2019-11",
            "price": "10.88",
            "revenue": 1768543
        },
        "2019-12": {
            "month": "2019-12",
            "price": "10.55",
            "revenue": 1857387
        },
        "2020-01": {
            "month": "2020-01",
            "price": "10.45",
            "revenue": 1354218
        },
        "2020-02": {
            "month": "2020-02",
            "price": "10.13",
            "revenue": 1978926
        },
        "2020-03": {
            "month": "2020-03",
            "price": "8.77",
            "revenue": 1704740
        },
        "2020-04": {
            "month": "2020-04",
            "price": "8.49",
            "revenue": 1036389
        },
        "2020-05": {
            "month": "2020-05",
            "price": "8.82",
            "revenue": 1173545
        },
        "2020-06": {
            "month": "2020-06",
            "price": "10.73",
            "revenue": 1352756
        },
        "2020-07": {
            "month": "2020-07",
            "price": "11.15",
            "revenue": 1348536
        },
        "2020-08": {
            "month": "2020-08",
            "price": "11.20",
            "revenue": 1230819
        },
        "2020-09": {
            "month": "2020-09",
            "price": "11.95",
            "revenue": 1418244
        },
        "2020-10": {
            "month": "2020-10",
            "price": "12.11",
            "revenue": 1614790
        },
        "2020-11": {
            "month": "2020-11",
            "price": "14.24",
            "revenue": 1633489
        },
        "2020-12": {
            "month": "2020-12",
            "price": "14.81",
            "revenue": 1781769
        },
        "2021-01": {
            "month": "2021-01",
            "price": "13.64",
            "revenue": 1721188
        },
        "2021-02": {
            "month": "2021-02",
            "price": "13.85",
            "revenue": 1435743
        },
        "2021-03": {
            "month": "2021-03",
            "price": "15.97",
            "revenue": 2176174
        },
        "2021-04": {
            "month": "2021-04",
            "price": "24.28",
            "revenue": 1891812
        },
        "2021-05": {
            "month": "2021-05",
            "price": "27.72",
            "revenue": 1592547
        },
        "2021-06": {
            "month": "2021-06",
            "price": "27.98",
            "revenue": 1834576
        },
        "2021-07": {
            "month": "2021-07",
            "price": "26.18",
            "revenue": 1721379
        },
        "2021-08": {
            "month": "2021-08",
            "price": "23.40",
            "revenue": 1414727
        },
        "2021-09": {
            "month": "2021-09",
            "price": "22.50",
            "revenue": 1233678
        },
        "2021-10": {
            "month": "2021-10",
            "price": "22.68",
            "revenue": 1539664
        },
        "2021-11": {
            "month": "2021-11",
            "price": "23.75",
            "revenue": 1742497
        },
        "2021-12": {
            "month": "2021-12",
            "price": "24.65",
            "revenue": 1889526
        },
        "2022-01": {
            "month": "2022-01",
            "price": "24.59",
            "revenue": 1784787
        },
        "2022-02": {
            "month": "2022-02",
            "price": "24.37",
            "revenue": 1945614
        },
        "2022-03": {
            "month": "2022-03",
            "price": "23.18",
            "revenue": 2060595
        },
        "2022-04": {
            "month": "2022-04",
            "price": "22.27",
            "revenue": 1765497
        },
        "2022-05": {
            "month": "2022-05",
            "price": "19.80",
            "revenue": 1968738
        },
        "2022-06": {
            "month": "2022-06",
            "price": "20.14",
            "revenue": 1865022
        },
        "2022-07": {
            "month": "2022-07",
            "price": "18.10",
            "revenue": 1727479
        },
        "2022-08": {
            "month": "2022-08",
            "price": "18.21",
            "revenue": 1615212
        },
        "2022-09": {
            "month": "2022-09",
            "price": "17.84",
            "revenue": 1759926
        },
        "2022-10": {
            "month": "2022-10",
            "price": "16.39",
            "revenue": 1870857
        },
        "2022-11": {
            "month": "2022-11",
            "price": "17.04",
            "revenue": 1786531
        },
        "2022-12": {
            "month": "2022-12",
            "price": "17.22",
            "revenue": 1817974
        },
        "2023-01": {
            "month": "2023-01",
            "price": "16.78",
            "revenue": 1392081
        },
        "2023-02": {
            "month": "2023-02",
            "price": "17.53",
            "revenue": 2006312
        },
        "2023-03": {
            "month": "2023-03",
            "price": "17.16",
            "revenue": 2054918
        },
        "2023-04": {
            "month": "2023-04",
            "price": "16.91",
            "revenue": 1611302
        },
        "2023-05": {
            "month": "2023-05",
            "price": "16.40",
            "revenue": 1760972
        }
    }
}
