{
    "summary": {
        "stock_name": "大東",
        "stock_id": "1441",
        "category": "紡織纖維",
        "main_business": "棉紗，混紡紗，化纖紗<br>布<br>營建",
        "website_url": "http://www.tahtong.com.tw",
        "ceo": "陳建州",
        "pe_ratio": -2,
        "report_year_from": 2001,
        "report_year_to": 2023,
        "age": 23,
        "eps_negative_percentage": 78,
        "eps_growth_avg": {
            "last_all": -81.29,
            "last_2y": null,
            "last_4y": -100,
            "last_8y": -100,
            "last_12y": -76.61,
            "last_16y": -81.29,
            "last_20y": -81.29,
            "at_2006_last_3y": null,
            "at_2007_last_3y": -100,
            "at_2008_last_3y": -100,
            "at_2009_last_3y": -100,
            "at_2010_last_3y": -100,
            "at_2011_last_3y": -10.53,
            "at_2012_last_3y": -53.23,
            "at_2013_last_3y": -68.82,
            "at_2014_last_3y": -68.82,
            "at_2015_last_3y": -97.96,
            "at_2016_last_3y": -100,
            "at_2017_last_3y": null,
            "at_2018_last_3y": null,
            "at_2019_last_3y": -100,
            "at_2020_last_3y": -100,
            "at_2021_last_3y": -100,
            "at_2022_last_3y": -100,
            "at_2023_last_3y": null,
            "at_2024_last_3y": null,
            "at_2006_last_all": null,
            "at_2007_last_all": -100,
            "at_2008_last_all": -100,
            "at_2009_last_all": -100,
            "at_2010_last_all": -100,
            "at_2011_last_all": -55.26,
            "at_2012_last_all": -68.82,
            "at_2013_last_all": -76.61,
            "at_2014_last_all": -76.61,
            "at_2015_last_all": -76.61,
            "at_2016_last_all": -76.61,
            "at_2017_last_all": -76.61,
            "at_2018_last_all": -76.61,
            "at_2019_last_all": -81.29,
            "at_2020_last_all": -81.29,
            "at_2021_last_all": -81.29,
            "at_2022_last_all": -81.29,
            "at_2023_last_all": -81.29,
            "at_2024_last_all": -81.29
        },
        "latest_eps": -5.6,
        "latest_price": 13.95,
        "latest_roe": -61.65,
        "latest_gross_margin": -11.29,
        "latest_equity": 440099,
        "latest_revenue": 301638,
        "latest_gross_profit": -34056,
        "latest_net_income": -84408,
        "latest_debt_ratio": 77.19,
        "latest_current_ratio": 52.49,
        "latest_account_receivable_turnover_ratio": 4.53,
        "latest_inventory_turnover_ratio": 0.86,
        "latest_reinvestment_rate": null,
        "latest_research_to_sale_ratio": 0.51
    },
    "eps_dividends": {
        "1991": {
            "cash": 0.5,
            "stock": 0.7,
            "eps": 0
        },
        "1995": {
            "cash": 0.8,
            "stock": 0,
            "eps": 0
        },
        "2001": {
            "cash": 0,
            "stock": 0,
            "eps": -2.77
        },
        "2002": {
            "cash": 0,
            "stock": 0,
            "eps": -2.28
        },
        "2003": {
            "cash": 0,
            "stock": 0,
            "eps": -5.08
        },
        "2004": {
            "cash": 0,
            "stock": 0,
            "eps": -0.49
        },
        "2005": {
            "cash": 0,
            "stock": 0,
            "eps": -0.9
        },
        "2006": {
            "cash": 0,
            "stock": 0,
            "eps": 0.01
        },
        "2007": {
            "cash": 0,
            "stock": 0,
            "eps": -0.16
        },
        "2008": {
            "cash": 0,
            "stock": 0,
            "eps": -1.46
        },
        "2009": {
            "cash": 0,
            "stock": 0,
            "eps": -1.23
        },
        "2010": {
            "cash": 0,
            "stock": 0,
            "eps": 2.47
        },
        "2011": {
            "cash": 0.7,
            "stock": 0.5,
            "eps": 2.21
        },
        "2012": {
            "cash": 0,
            "stock": 0,
            "eps": 0.09
        },
        "2013": {
            "cash": 0.1,
            "stock": 0.2,
            "eps": -0.13
        },
        "2014": {
            "cash": 0,
            "stock": 0,
            "eps": -2.17
        },
        "2015": {
            "cash": 0,
            "stock": 0,
            "eps": -0.93
        },
        "2016": {
            "cash": 0,
            "stock": 0,
            "eps": -2.36
        },
        "2017": {
            "cash": 0,
            "stock": 0,
            "eps": -4.13
        },
        "2018": {
            "cash": 0,
            "stock": 0,
            "eps": 11.56
        },
        "2019": {
            "cash": 0.4,
            "stock": 2.9,
            "eps": -3.54
        },
        "2020": {
            "cash": 0,
            "stock": 0,
            "eps": -2.46
        },
        "2021": {
            "cash": 0,
            "stock": 0,
            "eps": -0.75
        },
        "2022": {
            "cash": 0,
            "stock": 0,
            "eps": -2.45
        },
        "2023": {
            "cash": 0,
            "stock": 0,
            "eps": -2.5
        }
    },
    "dividends": {
        "1991-05-25": {
            "cash": 0.5,
            "stock": 0.7
        },
        "1995-06-10": {
            "cash": 0.8,
            "stock": 0
        },
        "2011-01-01": {
            "cash": 0.7,
            "stock": 0.5
        },
        "2013-04-19": {
            "cash": 0.1,
            "stock": 0.2
        },
        "2019-10-07": {
            "cash": 0.4,
            "stock": 2.9
        }
    },
    "prices": {
        "200101": "4.07",
        "200102": "4.68",
        "200103": "4.40",
        "200104": "4.16",
        "200105": "3.56",
        "200106": "3.43",
        "200107": "3.23",
        "200108": "3.23",
        "200109": "2.95",
        "200110": "2.47",
        "200111": "2.30",
        "200112": "2.29",
        "200201": "2.53",
        "200202": "3.24",
        "200203": "4.01",
        "200204": "4.33",
        "200205": "3.33",
        "200206": "3.23",
        "200207": "2.99",
        "200208": "2.50",
        "200209": "1.82",
        "200210": "1.78",
        "200211": "2.20",
        "200212": "2.36",
        "200301": "3.06",
        "200302": "2.79",
        "200303": "2.42",
        "200304": "2.36",
        "200305": "1.86",
        "200306": "2.45",
        "200307": "2.58",
        "200308": "2.76",
        "200309": "2.33",
        "200310": "2.45",
        "200311": "3.03",
        "200312": "2.94",
        "200401": "3.30",
        "200402": "4.96",
        "200403": "7.61",
        "200404": "6.92",
        "200405": "5.80",
        "200406": "4.51",
        "200407": "3.67",
        "200408": "3.81",
        "200409": "3.64",
        "200410": "3.55",
        "200411": "3.35",
        "200412": "3.41",
        "200501": "3.64",
        "200502": "3.29",
        "200503": "3.13",
        "200504": "2.68",
        "200505": "2.73",
        "200506": "3.03",
        "200507": "2.84",
        "200508": "2.57",
        "200509": "2.27",
        "200510": "2.05",
        "200511": "2.18",
        "200512": "2.22",
        "200601": "2.14",
        "200602": "2.11",
        "200603": "1.93",
        "200604": "1.99",
        "200605": "3.08",
        "200606": "2.90",
        "200607": "3.05",
        "200608": "2.78",
        "200609": "2.51",
        "200610": "3.01",
        "200611": "4.37",
        "200612": "7.52",
        "200701": "6.30",
        "200702": "6.09",
        "200703": "6.86",
        "200704": "7.76",
        "200705": "7.16",
        "200706": "6.98",
        "200707": "9.02",
        "200708": "7.19",
        "200709": "6.84",
        "200710": "6.92",
        "200711": "5.70",
        "200712": "4.87",
        "200801": "4.76",
        "200802": "5.23",
        "200803": "6.41",
        "200804": "6.75",
        "200805": "6.94",
        "200806": "5.85",
        "200807": "4.71",
        "200808": "4.55",
        "200809": "3.91",
        "200810": "3.34",
        "200811": "2.91",
        "200812": "3.01",
        "200901": "2.98",
        "200902": "2.84",
        "200903": "2.97",
        "200904": "6.14",
        "200905": "8.14",
        "200906": "7.07",
        "200907": "6.22",
        "200908": "5.24",
        "200909": "7.41",
        "200910": "7.91",
        "200911": "7.40",
        "200912": "8.80",
        "201001": "9.03",
        "201002": "8.00",
        "201003": "7.99",
        "201004": "8.13",
        "201005": "6.68",
        "201006": "6.64",
        "201007": "7.22",
        "201008": "7.78",
        "201009": "7.36",
        "201010": "9.12",
        "201011": "9.15",
        "201012": "9.12",
        "201101": "9.18",
        "201102": "9.15",
        "201103": "8.91",
        "201104": "9.38",
        "201105": "18.87",
        "201106": "19.42",
        "201107": "18.15",
        "201108": "18.43",
        "201109": "16.80",
        "201110": "13.85",
        "201111": "11.36",
        "201112": "9.93",
        "201201": "10.48",
        "201202": "11.98",
        "201203": "12.20",
        "201204": "10.76",
        "201205": "10.30",
        "201206": "10.07",
        "201207": "8.68",
        "201208": "8.39",
        "201209": "10.08",
        "201210": "10.08",
        "201211": "9.09",
        "201212": "9.41",
        "201301": "9.76",
        "201302": "9.30",
        "201303": "9.09",
        "201304": "8.80",
        "201305": "9.89",
        "201306": "9.86",
        "201307": "9.44",
        "201308": "9.24",
        "201309": "9.28",
        "201310": "9.96",
        "201311": "9.87",
        "201312": "9.96",
        "201401": "10.02",
        "201402": "9.95",
        "201403": "9.80",
        "201404": "10.04",
        "201405": "9.57",
        "201406": "9.49",
        "201407": "9.64",
        "201408": "9.42",
        "201409": "9.29",
        "201410": "9.18",
        "201411": "9.22",
        "201412": "9.31",
        "201501": "9.30",
        "201502": "9.36",
        "201503": "9.77",
        "201504": "9.47",
        "201505": "9.43",
        "201506": "9.08",
        "201507": "8.32",
        "201508": "7.72",
        "201509": "7.22",
        "201510": "7.56",
        "201511": "7.40",
        "201512": "6.88",
        "201601": "6.73",
        "201602": "6.88",
        "201603": "7.21",
        "201604": "7.11",
        "201605": "6.79",
        "201606": "7.68",
        "201607": "7.96",
        "201608": "7.55",
        "201609": "7.37",
        "201610": "7.26",
        "201611": "6.59",
        "201612": "6.25",
        "201701": "6.35",
        "201702": "7.26",
        "201703": "7.18",
        "201704": "7.69",
        "201705": "8.33",
        "201706": "7.98",
        "201707": "7.82",
        "201708": "7.58",
        "201709": "7.45",
        "201710": "7.42",
        "201711": "7.19",
        "201712": "6.86",
        "201801": "7.77",
        "201802": "7.35",
        "201803": "12.92",
        "201804": "14.17",
        "201805": "14.67",
        "201806": "15.19",
        "201807": "15.88",
        "201808": "14.34",
        "201809": "13.20",
        "201810": "12.35",
        "201811": "12.31",
        "201812": "13.07",
        "201901": "13.45",
        "201902": "13.78",
        "201903": "14.16",
        "201904": "13.68",
        "201905": "15.25",
        "201906": "14.62",
        "201907": "14.29",
        "201908": "13.76",
        "201909": "9.43",
        "201910": "9.02",
        "201911": "8.32",
        "201912": "8.41",
        "202001": "8.78",
        "202002": "9.01",
        "202003": "7.03",
        "202004": "6.86",
        "202005": "7.10",
        "202006": "7.49",
        "202007": "7.42",
        "202008": "7.25",
        "202009": "8.14",
        "202010": "8.17",
        "202011": "8.14",
        "202012": "8.36",
        "202101": "7.90",
        "202102": "7.56",
        "202103": "7.91",
        "202104": "9.33",
        "202105": "12.66",
        "202106": "11.53",
        "202107": "11.22",
        "202108": "9.89",
        "202109": "9.37",
        "202110": "9.47",
        "202111": "9.38",
        "202112": "9.35",
        "202201": "9.26",
        "202202": "9.02",
        "202203": "8.56",
        "202204": "8.52",
        "202205": "8.32",
        "202206": "8.28",
        "202207": "7.98",
        "202208": "8.22",
        "202209": "8.10",
        "202210": "7.88",
        "202211": "7.98",
        "202212": "7.93",
        "202301": "7.97",
        "202302": "8.03",
        "202303": "8.13",
        "202304": "8.09",
        "202305": "8.20",
        "202306": "8.14",
        "202307": "8.06",
        "202308": "8.70",
        "202309": "13.14",
        "202310": "13.33",
        "202311": "13.22",
        "202312": "13.94"
    },
    "quarters": {
        "20011": {
            "year_quarter": 20011,
            "year": 2001,
            "quarter": 1,
            "eps": -0.26,
            "eps_growth_year": -471.43,
            "eps_4q": -1.54,
            "eps_4q_growth_year": null,
            "roe": -2.23,
            "roe_4q": -2.23,
            "gross_profit": -1774,
            "gross_margin": -0.37,
            "gross_margin_4q_avg": -0.37,
            "net_income": -42600,
            "net_income_4q": null,
            "revenue": 473313,
            "revenue_4q": null,
            "common_shares": 1625006,
            "book_valuer_per_share": 11.54,
            "book_valuer_per_share_4q_avg": 11.54,
            "equity": 1874891,
            "current_ratio": 110.88,
            "debt_ratio": 54.03,
            "inventory_turnover_ratio": 0.39,
            "account_receivable_turnover_ratio": null,
            "reinvestment_rate": null,
            "research_to_sale_ratio": null,
            "price_fair": 0,
            "eps_avg_yearly": 0,
            "eps_latest_yearly": 0,
            "eps_growth_yearly": 0
        },
        "20012": {
            "year_quarter": 20012,
            "year": 2001,
            "quarter": 2,
            "eps": -1.02,
            "eps_growth_year": null,
            "eps_4q": -2.55,
            "eps_4q_growth_year": null,
            "roe": -9.2,
            "roe_4q": -11.43,
            "gross_profit": -2028,
            "gross_margin": -0.48,
            "gross_margin_4q_avg": -0.43,
            "net_income": -165662,
            "net_income_4q": null,
            "revenue": 422291,
            "revenue_4q": null,
            "common_shares": 1625006,
            "book_valuer_per_share": 10.63,
            "book_valuer_per_share_4q_avg": 11.09,
            "equity": 1727524,
            "current_ratio": 109.26,
            "debt_ratio": 55.03,
            "inventory_turnover_ratio": 0.37,
            "account_receivable_turnover_ratio": null,
            "reinvestment_rate": null,
            "research_to_sale_ratio": null,
            "price_fair": 0,
            "eps_avg_yearly": 0,
            "eps_latest_yearly": 0,
            "eps_growth_yearly": 0
        },
        "20013": {
            "year_quarter": 20013,
            "year": 2001,
            "quarter": 3,
            "eps": -0.48,
            "eps_growth_year": null,
            "eps_4q": -2.59,
            "eps_4q_growth_year": null,
            "roe": -4.65,
            "roe_4q": -16.08,
            "gross_profit": -14037,
            "gross_margin": -2.85,
            "gross_margin_4q_avg": -1.23,
            "net_income": -78538,
            "net_income_4q": null,
            "revenue": 492018,
            "revenue_4q": null,
            "common_shares": 1625006,
            "book_valuer_per_share": 10.15,
            "book_valuer_per_share_4q_avg": 10.77,
            "equity": 1649693,
            "current_ratio": 104.27,
            "debt_ratio": 55.98,
            "inventory_turnover_ratio": 0.5,
            "account_receivable_turnover_ratio": null,
            "reinvestment_rate": null,
            "research_to_sale_ratio": null,
            "price_fair": 0,
            "eps_avg_yearly": 0,
            "eps_latest_yearly": 0,
            "eps_growth_yearly": 0
        },
        "20014": {
            "year_quarter": 20014,
            "year": 2001,
            "quarter": 4,
            "eps": -1.01,
            "eps_growth_year": null,
            "eps_4q": -2.77,
            "eps_4q_growth_year": null,
            "roe": -10.45,
            "roe_4q": -26.529999999999998,
            "gross_profit": -1348,
            "gross_margin": -0.28,
            "gross_margin_4q_avg": -1,
            "net_income": -164156,
            "net_income_4q": null,
            "revenue": 478960,
            "revenue_4q": null,
            "common_shares": 1625006,
            "book_valuer_per_share": 9.18,
            "book_valuer_per_share_4q_avg": 10.38,
            "equity": 1491175,
            "current_ratio": 88.78,
            "debt_ratio": 55.36,
            "inventory_turnover_ratio": 0.56,
            "account_receivable_turnover_ratio": null,
            "reinvestment_rate": null,
            "research_to_sale_ratio": null,
            "price_fair": 0,
            "eps_avg_yearly": 0,
            "eps_latest_yearly": 0,
            "eps_growth_yearly": 0
        },
        "20021": {
            "year_quarter": 20021,
            "year": 2002,
            "quarter": 1,
            "eps": -0.29,
            "eps_growth_year": null,
            "eps_4q": -2.86,
            "eps_4q_growth_year": null,
            "roe": -3.15,
            "roe_4q": -27.45,
            "gross_profit": -5553,
            "gross_margin": -1.36,
            "gross_margin_4q_avg": -1.24,
            "net_income": -46111,
            "net_income_4q": null,
            "revenue": 408234,
            "revenue_4q": null,
            "common_shares": 1625006,
            "book_valuer_per_share": 8.86,
            "book_valuer_per_share_4q_avg": 9.71,
            "equity": 1440529,
            "current_ratio": 82.83,
            "debt_ratio": 56.63,
            "inventory_turnover_ratio": 0.56,
            "account_receivable_turnover_ratio": null,
            "reinvestment_rate": null,
            "research_to_sale_ratio": null,
            "price_fair": 0,
            "eps_avg_yearly": 0,
            "eps_latest_yearly": 0,
            "eps_growth_yearly": 0
        },
        "20022": {
            "year_quarter": 20022,
            "year": 2002,
            "quarter": 2,
            "eps": -0.83,
            "eps_growth_year": null,
            "eps_4q": -2.59,
            "eps_4q_growth_year": null,
            "roe": -9.72,
            "roe_4q": -27.97,
            "gross_profit": 2176,
            "gross_margin": 0.5,
            "gross_margin_4q_avg": -1,
            "net_income": -132881,
            "net_income_4q": null,
            "revenue": 432424,
            "revenue_4q": null,
            "common_shares": 1625006,
            "book_valuer_per_share": 7.96,
            "book_valuer_per_share_4q_avg": 9.04,
            "equity": 1294112,
            "current_ratio": 91.59,
            "debt_ratio": 59.27,
            "inventory_turnover_ratio": 0.64,
            "account_receivable_turnover_ratio": null,
            "reinvestment_rate": null,
            "research_to_sale_ratio": null,
            "price_fair": 0,
            "eps_avg_yearly": 0,
            "eps_latest_yearly": 0,
            "eps_growth_yearly": 0
        },
        "20023": {
            "year_quarter": 20023,
            "year": 2002,
            "quarter": 3,
            "eps": -0.55,
            "eps_growth_year": null,
            "eps_4q": -2.65,
            "eps_4q_growth_year": null,
            "roe": -6.96,
            "roe_4q": -30.279999999999998,
            "gross_profit": 11413,
            "gross_margin": 3.06,
            "gross_margin_4q_avg": 0.48,
            "net_income": -87312,
            "net_income_4q": null,
            "revenue": 372717,
            "revenue_4q": null,
            "common_shares": 1625006,
            "book_valuer_per_share": 7.49,
            "book_valuer_per_share_4q_avg": 8.37,
            "equity": 1216586,
            "current_ratio": 85.65,
            "debt_ratio": 59.1,
            "inventory_turnover_ratio": 0.59,
            "account_receivable_turnover_ratio": null,
            "reinvestment_rate": null,
            "research_to_sale_ratio": null,
            "price_fair": 0,
            "eps_avg_yearly": 0,
            "eps_latest_yearly": 0,
            "eps_growth_yearly": 0
        },
        "20024": {
            "year_quarter": 20024,
            "year": 2002,
            "quarter": 4,
            "eps": -0.61,
            "eps_growth_year": null,
            "eps_4q": -2.27,
            "eps_4q_growth_year": null,
            "roe": -8.45,
            "roe_4q": -28.28,
            "gross_profit": 26957,
            "gross_margin": 6.5,
            "gross_margin_4q_avg": 2.18,
            "net_income": -98202,
            "net_income_4q": null,
            "revenue": 414488,
            "revenue_4q": null,
            "common_shares": 1625006,
            "book_valuer_per_share": 6.81,
            "book_valuer_per_share_4q_avg": 7.78,
            "equity": 1107274,
            "current_ratio": 80.2,
            "debt_ratio": 61.71,
            "inventory_turnover_ratio": 0.69,
            "account_receivable_turnover_ratio": null,
            "reinvestment_rate": null,
            "research_to_sale_ratio": null,
            "price_fair": 0,
            "eps_avg_yearly": 0,
            "eps_latest_yearly": 0,
            "eps_growth_yearly": 0
        },
        "20031": {
            "year_quarter": 20031,
            "year": 2003,
            "quarter": 1,
            "eps": -0.1,
            "eps_growth_year": null,
            "eps_4q": -2.13,
            "eps_4q_growth_year": null,
            "roe": -1.43,
            "roe_4q": -26.560000000000002,
            "gross_profit": 29334,
            "gross_margin": 9.59,
            "gross_margin_4q_avg": 4.91,
            "net_income": -15695,
            "net_income_4q": null,
            "revenue": 305790,
            "revenue_4q": null,
            "common_shares": 1625006,
            "book_valuer_per_share": 6.72,
            "book_valuer_per_share_4q_avg": 7.25,
            "equity": 1091526,
            "current_ratio": 81.16,
            "debt_ratio": 60.5,
            "inventory_turnover_ratio": 0.51,
            "account_receivable_turnover_ratio": null,
            "reinvestment_rate": null,
            "research_to_sale_ratio": null,
            "price_fair": 0,
            "eps_avg_yearly": 0,
            "eps_latest_yearly": 0,
            "eps_growth_yearly": 0
        },
        "20032": {
            "year_quarter": 20032,
            "year": 2003,
            "quarter": 2,
            "eps": -0.69,
            "eps_growth_year": null,
            "eps_4q": -1.92,
            "eps_4q_growth_year": null,
            "roe": -9.93,
            "roe_4q": -26.77,
            "gross_profit": 14056,
            "gross_margin": 4.33,
            "gross_margin_4q_avg": 5.87,
            "net_income": -110938,
            "net_income_4q": null,
            "revenue": 324253,
            "revenue_4q": null,
            "common_shares": 1625006,
            "book_valuer_per_share": 7.03,
            "book_valuer_per_share_4q_avg": 7.01,
            "equity": 1142144,
            "current_ratio": 83.68,
            "debt_ratio": 62.33,
            "inventory_turnover_ratio": 0.59,
            "account_receivable_turnover_ratio": null,
            "reinvestment_rate": null,
            "research_to_sale_ratio": null,
            "price_fair": 0,
            "eps_avg_yearly": 0,
            "eps_latest_yearly": 0,
            "eps_growth_yearly": 0
        },
        "20033": {
            "year_quarter": 20033,
            "year": 2003,
            "quarter": 3,
            "eps": -0.02,
            "eps_growth_year": null,
            "eps_4q": -1.4,
            "eps_4q_growth_year": null,
            "roe": -0.3,
            "roe_4q": -20.11,
            "gross_profit": 26785,
            "gross_margin": 7.32,
            "gross_margin_4q_avg": 6.94,
            "net_income": -3363,
            "net_income_4q": null,
            "revenue": 365756,
            "revenue_4q": null,
            "common_shares": 1625006,
            "book_valuer_per_share": 6.97,
            "book_valuer_per_share_4q_avg": 6.88,
            "equity": 1131829,
            "current_ratio": 92.85,
            "debt_ratio": 62.62,
            "inventory_turnover_ratio": 0.67,
            "account_receivable_turnover_ratio": null,
            "reinvestment_rate": null,
            "research_to_sale_ratio": null,
            "price_fair": 0,
            "eps_avg_yearly": 0,
            "eps_latest_yearly": 0,
            "eps_growth_yearly": 0
        },
        "20034": {
            "year_quarter": 20034,
            "year": 2003,
            "quarter": 4,
            "eps": -4.27,
            "eps_growth_year": null,
            "eps_4q": -5.49,
            "eps_4q_growth_year": null,
            "roe": -50.24,
            "roe_4q": -61.9,
            "gross_profit": 33022,
            "gross_margin": 7.68,
            "gross_margin_4q_avg": 7.23,
            "net_income": -454166,
            "net_income_4q": null,
            "revenue": 429891,
            "revenue_4q": null,
            "common_shares": 1079004,
            "book_valuer_per_share": 6.27,
            "book_valuer_per_share_4q_avg": 6.75,
            "equity": 676253,
            "current_ratio": 70.48,
            "debt_ratio": 76.42,
            "inventory_turnover_ratio": 0.81,
            "account_receivable_turnover_ratio": null,
            "reinvestment_rate": null,
            "research_to_sale_ratio": null,
            "price_fair": 0,
            "eps_avg_yearly": 0,
            "eps_latest_yearly": 0,
            "eps_growth_yearly": 0
        },
        "20041": {
            "year_quarter": 20041,
            "year": 2004,
            "quarter": 1,
            "eps": 0.22,
            "eps_growth_year": null,
            "eps_4q": -5.06,
            "eps_4q_growth_year": null,
            "roe": 3.46,
            "roe_4q": -57.01,
            "gross_profit": 42498,
            "gross_margin": 11.49,
            "gross_margin_4q_avg": 7.71,
            "net_income": 23680,
            "net_income_4q": null,
            "revenue": 369815,
            "revenue_4q": null,
            "common_shares": 1079004,
            "book_valuer_per_share": 6.42,
            "book_valuer_per_share_4q_avg": 6.67,
            "equity": 692682,
            "current_ratio": 70.86,
            "debt_ratio": 75.66,
            "inventory_turnover_ratio": 0.65,
            "account_receivable_turnover_ratio": null,
            "reinvestment_rate": null,
            "research_to_sale_ratio": null,
            "price_fair": 0,
            "eps_avg_yearly": 0,
            "eps_latest_yearly": 0,
            "eps_growth_yearly": 0
        },
        "20042": {
            "year_quarter": 20042,
            "year": 2004,
            "quarter": 2,
            "eps": 0.01,
            "eps_growth_year": null,
            "eps_4q": -4.01,
            "eps_4q_growth_year": null,
            "roe": 0.21,
            "roe_4q": -46.87,
            "gross_profit": 25994,
            "gross_margin": 6.94,
            "gross_margin_4q_avg": 8.36,
            "net_income": 1490,
            "net_income_4q": null,
            "revenue": 374774,
            "revenue_4q": null,
            "common_shares": 1079004,
            "book_valuer_per_share": 6.47,
            "book_valuer_per_share_4q_avg": 6.53,
            "equity": 698054,
            "current_ratio": 72.17,
            "debt_ratio": 74.58,
            "inventory_turnover_ratio": 0.71,
            "account_receivable_turnover_ratio": null,
            "reinvestment_rate": null,
            "research_to_sale_ratio": null,
            "price_fair": 0.12,
            "eps_avg_yearly": 0.04,
            "eps_latest_yearly": 0.04,
            "eps_growth_yearly": -381.82
        },
        "20043": {
            "year_quarter": 20043,
            "year": 2004,
            "quarter": 3,
            "eps": -0.11,
            "eps_growth_year": null,
            "eps_4q": -4.08,
            "eps_4q_growth_year": null,
            "roe": -1.62,
            "roe_4q": -48.190000000000005,
            "gross_profit": 15658,
            "gross_margin": 4.13,
            "gross_margin_4q_avg": 7.56,
            "net_income": -11347,
            "net_income_4q": null,
            "revenue": 379028,
            "revenue_4q": null,
            "common_shares": 1079004,
            "book_valuer_per_share": 6.48,
            "book_valuer_per_share_4q_avg": 6.41,
            "equity": 698757,
            "current_ratio": 69.88,
            "debt_ratio": 73.83,
            "inventory_turnover_ratio": 0.82,
            "account_receivable_turnover_ratio": null,
            "reinvestment_rate": null,
            "research_to_sale_ratio": null,
            "price_fair": 0.12,
            "eps_avg_yearly": 0.04,
            "eps_latest_yearly": 0.04,
            "eps_growth_yearly": -381.82
        },
        "20044": {
            "year_quarter": 20044,
            "year": 2004,
            "quarter": 4,
            "eps": -0.61,
            "eps_growth_year": null,
            "eps_4q": -0.49,
            "eps_4q_growth_year": null,
            "roe": -10.07,
            "roe_4q": -8.02,
            "gross_profit": 36897,
            "gross_margin": 8.56,
            "gross_margin_4q_avg": 7.78,
            "net_income": -65470,
            "net_income_4q": null,
            "revenue": 431285,
            "revenue_4q": null,
            "common_shares": 1079004,
            "book_valuer_per_share": 5.58,
            "book_valuer_per_share_4q_avg": 6.24,
            "equity": 601758,
            "current_ratio": 72.01,
            "debt_ratio": 76.1,
            "inventory_turnover_ratio": 0.93,
            "account_receivable_turnover_ratio": null,
            "reinvestment_rate": null,
            "research_to_sale_ratio": null,
            "price_fair": 0.12,
            "eps_avg_yearly": 0.04,
            "eps_latest_yearly": 0.04,
            "eps_growth_yearly": -381.82
        },
        "20051": {
            "year_quarter": 20051,
            "year": 2005,
            "quarter": 1,
            "eps": 0.23,
            "eps_growth_year": 4.55,
            "eps_4q": -0.49,
            "eps_4q_growth_year": null,
            "roe": 3.54,
            "roe_4q": -7.94,
            "gross_profit": 20395,
            "gross_margin": 6.33,
            "gross_margin_4q_avg": 6.49,
            "net_income": 24207,
            "net_income_4q": null,
            "revenue": 322058,
            "revenue_4q": null,
            "common_shares": 1079004,
            "book_valuer_per_share": 7.09,
            "book_valuer_per_share_4q_avg": 6.41,
            "equity": 765278,
            "current_ratio": 77.05,
            "debt_ratio": 67.75,
            "inventory_turnover_ratio": 0.73,
            "account_receivable_turnover_ratio": null,
            "reinvestment_rate": null,
            "research_to_sale_ratio": null,
            "price_fair": 0.12,
            "eps_avg_yearly": 0.04,
            "eps_latest_yearly": 0.04,
            "eps_growth_yearly": -381.82
        },
        "20052": {
            "year_quarter": 20052,
            "year": 2005,
            "quarter": 2,
            "eps": -0.47,
            "eps_growth_year": -4800,
            "eps_4q": -0.95,
            "eps_4q_growth_year": null,
            "roe": -6.72,
            "roe_4q": -14.870000000000001,
            "gross_profit": 15127,
            "gross_margin": 5.07,
            "gross_margin_4q_avg": 6.02,
            "net_income": -49980,
            "net_income_4q": null,
            "revenue": 298430,
            "revenue_4q": null,
            "common_shares": 1079004,
            "book_valuer_per_share": 6.7,
            "book_valuer_per_share_4q_avg": 6.46,
            "equity": 722456,
            "current_ratio": 76.7,
            "debt_ratio": 69.05,
            "inventory_turnover_ratio": 0.67,
            "account_receivable_turnover_ratio": null,
            "reinvestment_rate": null,
            "research_to_sale_ratio": null,
            "price_fair": 0.12,
            "eps_avg_yearly": 0.04,
            "eps_latest_yearly": 0.04,
            "eps_growth_yearly": -381.82
        },
        "20053": {
            "year_quarter": 20053,
            "year": 2005,
            "quarter": 3,
            "eps": -0.01,
            "eps_growth_year": null,
            "eps_4q": -0.86,
            "eps_4q_growth_year": null,
            "roe": -0.18,
            "roe_4q": -13.43,
            "gross_profit": 13943,
            "gross_margin": 4.34,
            "gross_margin_4q_avg": 6.08,
            "net_income": -1331,
            "net_income_4q": null,
            "revenue": 321474,
            "revenue_4q": null,
            "common_shares": 1079004,
            "book_valuer_per_share": 6.67,
            "book_valuer_per_share_4q_avg": 6.51,
            "equity": 720093,
            "current_ratio": 76.5,
            "debt_ratio": 67.9,
            "inventory_turnover_ratio": 0.76,
            "account_receivable_turnover_ratio": null,
            "reinvestment_rate": null,
            "research_to_sale_ratio": null,
            "price_fair": 0.12,
            "eps_avg_yearly": 0.04,
            "eps_latest_yearly": 0.04,
            "eps_growth_yearly": -381.82
        },
        "20054": {
            "year_quarter": 20054,
            "year": 2005,
            "quarter": 4,
            "eps": -0.65,
            "eps_growth_year": null,
            "eps_4q": -0.9,
            "eps_4q_growth_year": null,
            "roe": -9.95,
            "roe_4q": -13.309999999999999,
            "gross_profit": 28305,
            "gross_margin": 8.31,
            "gross_margin_4q_avg": 6.01,
            "net_income": -68945,
            "net_income_4q": null,
            "revenue": 340731,
            "revenue_4q": null,
            "common_shares": 1079004,
            "book_valuer_per_share": 6.16,
            "book_valuer_per_share_4q_avg": 6.66,
            "equity": 665091,
            "current_ratio": 83.82,
            "debt_ratio": 69.24,
            "inventory_turnover_ratio": 0.84,
            "account_receivable_turnover_ratio": null,
            "reinvestment_rate": null,
            "research_to_sale_ratio": null,
            "price_fair": 0.12,
            "eps_avg_yearly": 0.04,
            "eps_latest_yearly": 0.04,
            "eps_growth_yearly": -381.82
        },
        "20061": {
            "year_quarter": 20061,
            "year": 2006,
            "quarter": 1,
            "eps": 0.13,
            "eps_growth_year": -43.48,
            "eps_4q": -0.99,
            "eps_4q_growth_year": null,
            "roe": 2.08,
            "roe_4q": -14.77,
            "gross_profit": 32128,
            "gross_margin": 8.61,
            "gross_margin_4q_avg": 6.58,
            "net_income": 13991,
            "net_income_4q": null,
            "revenue": 373128,
            "revenue_4q": null,
            "common_shares": 1079004,
            "book_valuer_per_share": 6.28,
            "book_valuer_per_share_4q_avg": 6.45,
            "equity": 677809,
            "current_ratio": 91.17,
            "debt_ratio": 68.49,
            "inventory_turnover_ratio": 0.97,
            "account_receivable_turnover_ratio": null,
            "reinvestment_rate": null,
            "research_to_sale_ratio": null,
            "price_fair": 0.12,
            "eps_avg_yearly": 0.04,
            "eps_latest_yearly": 0.04,
            "eps_growth_yearly": -381.82
        },
        "20062": {
            "year_quarter": 20062,
            "year": 2006,
            "quarter": 2,
            "eps": -0.16,
            "eps_growth_year": null,
            "eps_4q": -0.68,
            "eps_4q_growth_year": null,
            "roe": -2.46,
            "roe_4q": -10.509999999999998,
            "gross_profit": 42363,
            "gross_margin": 9.83,
            "gross_margin_4q_avg": 7.77,
            "net_income": -16850,
            "net_income_4q": null,
            "revenue": 431093,
            "revenue_4q": null,
            "common_shares": 1079004,
            "book_valuer_per_share": 6.39,
            "book_valuer_per_share_4q_avg": 6.38,
            "equity": 689912,
            "current_ratio": 85.35,
            "debt_ratio": 67.77,
            "inventory_turnover_ratio": 1.09,
            "account_receivable_turnover_ratio": null,
            "reinvestment_rate": null,
            "research_to_sale_ratio": null,
            "price_fair": 0.12,
            "eps_avg_yearly": 0.04,
            "eps_latest_yearly": 0.04,
            "eps_growth_yearly": -381.82
        },
        "20063": {
            "year_quarter": 20063,
            "year": 2006,
            "quarter": 3,
            "eps": 0.03,
            "eps_growth_year": null,
            "eps_4q": -0.66,
            "eps_4q_growth_year": null,
            "roe": 0.45,
            "roe_4q": -9.879999999999999,
            "gross_profit": 46041,
            "gross_margin": 10.34,
            "gross_margin_4q_avg": 9.27,
            "net_income": 3104,
            "net_income_4q": null,
            "revenue": 445182,
            "revenue_4q": null,
            "common_shares": 1079004,
            "book_valuer_per_share": 6.44,
            "book_valuer_per_share_4q_avg": 6.32,
            "equity": 695330,
            "current_ratio": 86.18,
            "debt_ratio": 67.19,
            "inventory_turnover_ratio": 1.08,
            "account_receivable_turnover_ratio": null,
            "reinvestment_rate": null,
            "research_to_sale_ratio": null,
            "price_fair": 0.12,
            "eps_avg_yearly": 0.04,
            "eps_latest_yearly": 0.04,
            "eps_growth_yearly": -381.82
        },
        "20064": {
            "year_quarter": 20064,
            "year": 2006,
            "quarter": 4,
            "eps": 0.01,
            "eps_growth_year": null,
            "eps_4q": 0.01,
            "eps_4q_growth_year": null,
            "roe": 0.13,
            "roe_4q": 0.20000000000000018,
            "gross_profit": 37219,
            "gross_margin": 8.22,
            "gross_margin_4q_avg": 9.25,
            "net_income": 913,
            "net_income_4q": null,
            "revenue": 453039,
            "revenue_4q": null,
            "common_shares": 1079004,
            "book_valuer_per_share": 6.52,
            "book_valuer_per_share_4q_avg": 6.41,
            "equity": 703103,
            "current_ratio": 91.59,
            "debt_ratio": 67.24,
            "inventory_turnover_ratio": 1.1,
            "account_receivable_turnover_ratio": null,
            "reinvestment_rate": null,
            "research_to_sale_ratio": null,
            "price_fair": 0.12,
            "eps_avg_yearly": 0.04,
            "eps_latest_yearly": 0.04,
            "eps_growth_yearly": -324.24
        },
        "20071": {
            "year_quarter": 20071,
            "year": 2007,
            "quarter": 1,
            "eps": 0.06,
            "eps_growth_year": -53.85,
            "eps_4q": -0.06,
            "eps_4q_growth_year": null,
            "roe": 0.92,
            "roe_4q": -0.96,
            "gross_profit": 56174,
            "gross_margin": 11.44,
            "gross_margin_4q_avg": 9.96,
            "net_income": 6525,
            "net_income_4q": null,
            "revenue": 490975,
            "revenue_4q": null,
            "common_shares": 1079004,
            "book_valuer_per_share": 6.57,
            "book_valuer_per_share_4q_avg": 6.48,
            "equity": 708865,
            "current_ratio": 84.62,
            "debt_ratio": 65.69,
            "inventory_turnover_ratio": 1.18,
            "account_receivable_turnover_ratio": null,
            "reinvestment_rate": null,
            "research_to_sale_ratio": null,
            "price_fair": 3.73,
            "eps_avg_yearly": 0.11,
            "eps_latest_yearly": 0.24,
            "eps_growth_yearly": 450.51
        },
        "20072": {
            "year_quarter": 20072,
            "year": 2007,
            "quarter": 2,
            "eps": -0.11,
            "eps_growth_year": null,
            "eps_4q": -0.01,
            "eps_4q_growth_year": null,
            "roe": -1.63,
            "roe_4q": -0.12999999999999984,
            "gross_profit": 60237,
            "gross_margin": 12.06,
            "gross_margin_4q_avg": 10.52,
            "net_income": -11669,
            "net_income_4q": null,
            "revenue": 499293,
            "revenue_4q": null,
            "common_shares": 1079004,
            "book_valuer_per_share": 6.71,
            "book_valuer_per_share_4q_avg": 6.56,
            "equity": 724090,
            "current_ratio": 88.08,
            "debt_ratio": 65.22,
            "inventory_turnover_ratio": 1.27,
            "account_receivable_turnover_ratio": null,
            "reinvestment_rate": null,
            "research_to_sale_ratio": null,
            "price_fair": 3.73,
            "eps_avg_yearly": 0.11,
            "eps_latest_yearly": 0.24,
            "eps_growth_yearly": 450.51
        },
        "20073": {
            "year_quarter": 20073,
            "year": 2007,
            "quarter": 3,
            "eps": 0.08,
            "eps_growth_year": 166.67,
            "eps_4q": 0.04,
            "eps_4q_growth_year": null,
            "roe": 1.15,
            "roe_4q": 0.5700000000000001,
            "gross_profit": 57067,
            "gross_margin": 11.34,
            "gross_margin_4q_avg": 10.77,
            "net_income": 8310,
            "net_income_4q": null,
            "revenue": 503040,
            "revenue_4q": null,
            "common_shares": 1079004,
            "book_valuer_per_share": 6.72,
            "book_valuer_per_share_4q_avg": 6.63,
            "equity": 724736,
            "current_ratio": 86.94,
            "debt_ratio": 64.25,
            "inventory_turnover_ratio": 1.3,
            "account_receivable_turnover_ratio": null,
            "reinvestment_rate": null,
            "research_to_sale_ratio": null,
            "price_fair": 3.73,
            "eps_avg_yearly": 0.11,
            "eps_latest_yearly": 0.24,
            "eps_growth_yearly": 450.51
        },
        "20074": {
            "year_quarter": 20074,
            "year": 2007,
            "quarter": 4,
            "eps": -0.19,
            "eps_growth_year": -2000,
            "eps_4q": -0.16,
            "eps_4q_growth_year": -1700,
            "roe": -2.87,
            "roe_4q": -2.43,
            "gross_profit": 50174,
            "gross_margin": 11.68,
            "gross_margin_4q_avg": 11.63,
            "net_income": -20528,
            "net_income_4q": null,
            "revenue": 429619,
            "revenue_4q": null,
            "common_shares": 1079004,
            "book_valuer_per_share": 6.53,
            "book_valuer_per_share_4q_avg": 6.63,
            "equity": 704432,
            "current_ratio": 91.75,
            "debt_ratio": 64.59,
            "inventory_turnover_ratio": 1.04,
            "account_receivable_turnover_ratio": null,
            "reinvestment_rate": null,
            "research_to_sale_ratio": null,
            "price_fair": 3.73,
            "eps_avg_yearly": 0.11,
            "eps_latest_yearly": 0.24,
            "eps_growth_yearly": 450.51
        },
        "20081": {
            "year_quarter": 20081,
            "year": 2008,
            "quarter": 1,
            "eps": 0.26,
            "eps_growth_year": 333.33,
            "eps_4q": 0.04,
            "eps_4q_growth_year": null,
            "roe": 3.85,
            "roe_4q": 0.5,
            "gross_profit": 67217,
            "gross_margin": 12.5,
            "gross_margin_4q_avg": 11.9,
            "net_income": 27624,
            "net_income_4q": null,
            "revenue": 537905,
            "revenue_4q": null,
            "common_shares": 1079004,
            "book_valuer_per_share": 6.77,
            "book_valuer_per_share_4q_avg": 6.68,
            "equity": 730501,
            "current_ratio": 94.88,
            "debt_ratio": 65.4,
            "inventory_turnover_ratio": 1.2,
            "account_receivable_turnover_ratio": null,
            "reinvestment_rate": null,
            "research_to_sale_ratio": null,
            "price_fair": 3.73,
            "eps_avg_yearly": 0.11,
            "eps_latest_yearly": 0.24,
            "eps_growth_yearly": 450.51
        },
        "20082": {
            "year_quarter": 20082,
            "year": 2008,
            "quarter": 2,
            "eps": -0.31,
            "eps_growth_year": null,
            "eps_4q": -0.17,
            "eps_4q_growth_year": null,
            "roe": -4.6,
            "roe_4q": -2.4699999999999998,
            "gross_profit": 46110,
            "gross_margin": 8.73,
            "gross_margin_4q_avg": 11.06,
            "net_income": -33224,
            "net_income_4q": null,
            "revenue": 528003,
            "revenue_4q": null,
            "common_shares": 1079004,
            "book_valuer_per_share": 6.61,
            "book_valuer_per_share_4q_avg": 6.66,
            "equity": 713050,
            "current_ratio": 94.02,
            "debt_ratio": 64.31,
            "inventory_turnover_ratio": 1.3,
            "account_receivable_turnover_ratio": null,
            "reinvestment_rate": null,
            "research_to_sale_ratio": null,
            "price_fair": 4.9,
            "eps_avg_yearly": 0.14,
            "eps_latest_yearly": 0.24,
            "eps_growth_yearly": 866.67
        },
        "20083": {
            "year_quarter": 20083,
            "year": 2008,
            "quarter": 3,
            "eps": -0.16,
            "eps_growth_year": -300,
            "eps_4q": -0.4,
            "eps_4q_growth_year": -1128.03,
            "roe": -2.47,
            "roe_4q": -6.09,
            "gross_profit": 44956,
            "gross_margin": 9.97,
            "gross_margin_4q_avg": 10.72,
            "net_income": -17431,
            "net_income_4q": null,
            "revenue": 451048,
            "revenue_4q": null,
            "common_shares": 1079004,
            "book_valuer_per_share": 6.48,
            "book_valuer_per_share_4q_avg": 6.6,
            "equity": 699499,
            "current_ratio": 84.98,
            "debt_ratio": 66.89,
            "inventory_turnover_ratio": 1.07,
            "account_receivable_turnover_ratio": null,
            "reinvestment_rate": null,
            "research_to_sale_ratio": null,
            "price_fair": 4.9,
            "eps_avg_yearly": 0.14,
            "eps_latest_yearly": 0.24,
            "eps_growth_yearly": 866.67
        },
        "20084": {
            "year_quarter": 20084,
            "year": 2008,
            "quarter": 4,
            "eps": -1.25,
            "eps_growth_year": null,
            "eps_4q": -1.47,
            "eps_4q_growth_year": null,
            "roe": -21.18,
            "roe_4q": -24.4,
            "gross_profit": -18284,
            "gross_margin": -4.48,
            "gross_margin_4q_avg": 6.68,
            "net_income": -133628,
            "net_income_4q": null,
            "revenue": 408494,
            "revenue_4q": null,
            "common_shares": 1079004,
            "book_valuer_per_share": 5.21,
            "book_valuer_per_share_4q_avg": 6.27,
            "equity": 562357,
            "current_ratio": 73.4,
            "debt_ratio": 70.23,
            "inventory_turnover_ratio": 1.12,
            "account_receivable_turnover_ratio": 6.16,
            "reinvestment_rate": null,
            "research_to_sale_ratio": null,
            "price_fair": 4.9,
            "eps_avg_yearly": 0.14,
            "eps_latest_yearly": 0.24,
            "eps_growth_yearly": 866.67
        },
        "20091": {
            "year_quarter": 20091,
            "year": 2009,
            "quarter": 1,
            "eps": -0.22,
            "eps_growth_year": -184.62,
            "eps_4q": -1.92,
            "eps_4q_growth_year": -5565.41,
            "roe": -4.19,
            "roe_4q": -32.44,
            "gross_profit": 1497,
            "gross_margin": 0.37,
            "gross_margin_4q_avg": 3.65,
            "net_income": -23143,
            "net_income_4q": null,
            "revenue": 399852,
            "revenue_4q": null,
            "common_shares": 1079004,
            "book_valuer_per_share": 5.01,
            "book_valuer_per_share_4q_avg": 5.83,
            "equity": 541099,
            "current_ratio": 68.33,
            "debt_ratio": 70.93,
            "inventory_turnover_ratio": 1.28,
            "account_receivable_turnover_ratio": 2.53,
            "reinvestment_rate": null,
            "research_to_sale_ratio": null,
            "price_fair": 4.9,
            "eps_avg_yearly": 0.14,
            "eps_latest_yearly": 0.24,
            "eps_growth_yearly": 866.67
        },
        "20092": {
            "year_quarter": 20092,
            "year": 2009,
            "quarter": 2,
            "eps": -0.28,
            "eps_growth_year": null,
            "eps_4q": -2.84,
            "eps_4q_growth_year": null,
            "roe": -3.5,
            "roe_4q": -31.34,
            "gross_profit": 27290,
            "gross_margin": 8.16,
            "gross_margin_4q_avg": 3.51,
            "net_income": -18692,
            "net_income_4q": null,
            "revenue": 334534,
            "revenue_4q": null,
            "common_shares": 679004,
            "book_valuer_per_share": 7.76,
            "book_valuer_per_share_4q_avg": 6.12,
            "equity": 526961,
            "current_ratio": 72.18,
            "debt_ratio": 71.37,
            "inventory_turnover_ratio": 1.04,
            "account_receivable_turnover_ratio": 2.28,
            "reinvestment_rate": null,
            "research_to_sale_ratio": null,
            "price_fair": 4.9,
            "eps_avg_yearly": 0.14,
            "eps_latest_yearly": 0.24,
            "eps_growth_yearly": 866.67
        },
        "20093": {
            "year_quarter": 20093,
            "year": 2009,
            "quarter": 3,
            "eps": -0.29,
            "eps_growth_year": null,
            "eps_4q": -2.87,
            "eps_4q_growth_year": null,
            "roe": -3.69,
            "roe_4q": -32.56,
            "gross_profit": 12508,
            "gross_margin": 4.23,
            "gross_margin_4q_avg": 2.07,
            "net_income": -19742,
            "net_income_4q": null,
            "revenue": 295813,
            "revenue_4q": null,
            "common_shares": 679004,
            "book_valuer_per_share": 8.01,
            "book_valuer_per_share_4q_avg": 6.5,
            "equity": 543960,
            "current_ratio": 71.75,
            "debt_ratio": 70.4,
            "inventory_turnover_ratio": 0.87,
            "account_receivable_turnover_ratio": 2.87,
            "reinvestment_rate": null,
            "research_to_sale_ratio": null,
            "price_fair": 4.9,
            "eps_avg_yearly": 0.14,
            "eps_latest_yearly": 0.24,
            "eps_growth_yearly": 866.67
        },
        "20094": {
            "year_quarter": 20094,
            "year": 2009,
            "quarter": 4,
            "eps": -0.44,
            "eps_growth_year": null,
            "eps_4q": -1.17,
            "eps_4q_growth_year": null,
            "roe": -5.64,
            "roe_4q": -17.02,
            "gross_profit": 19542,
            "gross_margin": 5.79,
            "gross_margin_4q_avg": 4.64,
            "net_income": -30709,
            "net_income_4q": null,
            "revenue": 337696,
            "revenue_4q": null,
            "common_shares": 789004,
            "book_valuer_per_share": 6.9,
            "book_valuer_per_share_4q_avg": 6.92,
            "equity": 544432,
            "current_ratio": 70.36,
            "debt_ratio": 69.77,
            "inventory_turnover_ratio": 1.04,
            "account_receivable_turnover_ratio": 5.49,
            "reinvestment_rate": null,
            "research_to_sale_ratio": null,
            "price_fair": 4.9,
            "eps_avg_yearly": 0.14,
            "eps_latest_yearly": 0.24,
            "eps_growth_yearly": 866.67
        },
        "20101": {
            "year_quarter": 20101,
            "year": 2010,
            "quarter": 1,
            "eps": -0.04,
            "eps_growth_year": null,
            "eps_4q": -0.92,
            "eps_4q_growth_year": null,
            "roe": -0.7,
            "roe_4q": -13.53,
            "gross_profit": 43741,
            "gross_margin": 11.82,
            "gross_margin_4q_avg": 7.5,
            "net_income": -3782,
            "net_income_4q": null,
            "revenue": 370198,
            "revenue_4q": null,
            "common_shares": 789004,
            "book_valuer_per_share": 6.85,
            "book_valuer_per_share_4q_avg": 7.38,
            "equity": 540437,
            "current_ratio": 96.15,
            "debt_ratio": 70.65,
            "inventory_turnover_ratio": 1.09,
            "account_receivable_turnover_ratio": 2.71,
            "reinvestment_rate": null,
            "research_to_sale_ratio": null,
            "price_fair": 4.9,
            "eps_avg_yearly": 0.14,
            "eps_latest_yearly": 0.24,
            "eps_growth_yearly": 866.67
        },
        "20102": {
            "year_quarter": 20102,
            "year": 2010,
            "quarter": 2,
            "eps": -0.02,
            "eps_growth_year": null,
            "eps_4q": -0.69,
            "eps_4q_growth_year": null,
            "roe": -0.35,
            "roe_4q": -10.379999999999999,
            "gross_profit": 53268,
            "gross_margin": 10.08,
            "gross_margin_4q_avg": 7.98,
            "net_income": -1903,
            "net_income_4q": null,
            "revenue": 528198,
            "revenue_4q": null,
            "common_shares": 808000,
            "book_valuer_per_share": 6.91,
            "book_valuer_per_share_4q_avg": 7.17,
            "equity": 558320,
            "current_ratio": 95.69,
            "debt_ratio": 71.89,
            "inventory_turnover_ratio": 1.55,
            "account_receivable_turnover_ratio": 2.86,
            "reinvestment_rate": null,
            "research_to_sale_ratio": null,
            "price_fair": 4.9,
            "eps_avg_yearly": 0.14,
            "eps_latest_yearly": 0.24,
            "eps_growth_yearly": 866.67
        },
        "20103": {
            "year_quarter": 20103,
            "year": 2010,
            "quarter": 3,
            "eps": 0.24,
            "eps_growth_year": null,
            "eps_4q": -0.32,
            "eps_4q_growth_year": null,
            "roe": 2.76,
            "roe_4q": -3.9299999999999997,
            "gross_profit": 59999,
            "gross_margin": 12.74,
            "gross_margin_4q_avg": 10.11,
            "net_income": 15575,
            "net_income_4q": null,
            "revenue": 471057,
            "revenue_4q": null,
            "common_shares": 658000,
            "book_valuer_per_share": 8.7,
            "book_valuer_per_share_4q_avg": 7.34,
            "equity": 572323,
            "current_ratio": 97.63,
            "debt_ratio": 69.52,
            "inventory_turnover_ratio": 1.47,
            "account_receivable_turnover_ratio": 2.15,
            "reinvestment_rate": null,
            "research_to_sale_ratio": null,
            "price_fair": 4.9,
            "eps_avg_yearly": 0.14,
            "eps_latest_yearly": 0.24,
            "eps_growth_yearly": 866.67
        },
        "20104": {
            "year_quarter": 20104,
            "year": 2010,
            "quarter": 4,
            "eps": 2.29,
            "eps_growth_year": null,
            "eps_4q": 2.44,
            "eps_4q_growth_year": null,
            "roe": 23.49,
            "roe_4q": 25.2,
            "gross_profit": 52533,
            "gross_margin": 11.84,
            "gross_margin_4q_avg": 11.62,
            "net_income": 150888,
            "net_income_4q": null,
            "revenue": 443584,
            "revenue_4q": null,
            "common_shares": 658000,
            "book_valuer_per_share": 10.83,
            "book_valuer_per_share_4q_avg": 8.32,
            "equity": 712607,
            "current_ratio": 110.3,
            "debt_ratio": 65.21,
            "inventory_turnover_ratio": 1.36,
            "account_receivable_turnover_ratio": 2.13,
            "reinvestment_rate": null,
            "research_to_sale_ratio": null,
            "price_fair": 164.5,
            "eps_avg_yearly": 4.7,
            "eps_latest_yearly": 9.16,
            "eps_growth_yearly": 2708.33
        },
        "20111": {
            "year_quarter": 20111,
            "year": 2011,
            "quarter": 1,
            "eps": 2.18,
            "eps_growth_year": null,
            "eps_4q": 4.68,
            "eps_4q_growth_year": null,
            "roe": 18.26,
            "roe_4q": 44.16,
            "gross_profit": 178964,
            "gross_margin": 30.49,
            "gross_margin_4q_avg": 16.29,
            "net_income": 143196,
            "net_income_4q": null,
            "revenue": 586944,
            "revenue_4q": null,
            "common_shares": 658000,
            "book_valuer_per_share": 13.01,
            "book_valuer_per_share_4q_avg": 9.86,
            "equity": 856235,
            "current_ratio": 129.24,
            "debt_ratio": 61.27,
            "inventory_turnover_ratio": 1.1,
            "account_receivable_turnover_ratio": 2.57,
            "reinvestment_rate": 1244.63,
            "research_to_sale_ratio": null,
            "price_fair": 312.9,
            "eps_avg_yearly": 8.94,
            "eps_latest_yearly": 8.72,
            "eps_growth_yearly": 1698.73
        },
        "20112": {
            "year_quarter": 20112,
            "year": 2011,
            "quarter": 2,
            "eps": 0.77,
            "eps_growth_year": null,
            "eps_4q": 5.48,
            "eps_4q_growth_year": null,
            "roe": 5.74,
            "roe_4q": 50.24999999999999,
            "gross_profit": 108825,
            "gross_margin": 22.29,
            "gross_margin_4q_avg": 19.34,
            "net_income": 50651,
            "net_income_4q": null,
            "revenue": 488279,
            "revenue_4q": null,
            "common_shares": 658000,
            "book_valuer_per_share": 13.81,
            "book_valuer_per_share_4q_avg": 11.59,
            "equity": 908392,
            "current_ratio": 139.05,
            "debt_ratio": 57.55,
            "inventory_turnover_ratio": 0.9,
            "account_receivable_turnover_ratio": 2.13,
            "reinvestment_rate": 442.57,
            "research_to_sale_ratio": null,
            "price_fair": 244.53,
            "eps_avg_yearly": 6.99,
            "eps_latest_yearly": 3.08,
            "eps_growth_yearly": 1046.25
        },
        "20113": {
            "year_quarter": 20113,
            "year": 2011,
            "quarter": 3,
            "eps": -0.34,
            "eps_growth_year": -245.23,
            "eps_4q": 4.68,
            "eps_4q_growth_year": null,
            "roe": -2.49,
            "roe_4q": 45,
            "gross_profit": 31664,
            "gross_margin": 7.02,
            "gross_margin_4q_avg": 17.91,
            "net_income": -23586,
            "net_income_4q": null,
            "revenue": 451206,
            "revenue_4q": null,
            "common_shares": 658000,
            "book_valuer_per_share": 14.99,
            "book_valuer_per_share_4q_avg": 13.16,
            "equity": 986543,
            "current_ratio": 138.62,
            "debt_ratio": 55.46,
            "inventory_turnover_ratio": 1.13,
            "account_receivable_turnover_ratio": 1.89,
            "reinvestment_rate": 849.95,
            "research_to_sale_ratio": null,
            "price_fair": 244.53,
            "eps_avg_yearly": 6.99,
            "eps_latest_yearly": 3.08,
            "eps_growth_yearly": 1046.25
        },
        "20114": {
            "year_quarter": 20114,
            "year": 2011,
            "quarter": 4,
            "eps": -0.4,
            "eps_growth_year": -117.24,
            "eps_4q": 1.62,
            "eps_4q_growth_year": -33.81,
            "roe": -3.09,
            "roe_4q": 18.42,
            "gross_profit": -2982,
            "gross_margin": -0.69,
            "gross_margin_4q_avg": 14.78,
            "net_income": -33448,
            "net_income_4q": null,
            "revenue": 434664,
            "revenue_4q": null,
            "common_shares": 858000,
            "book_valuer_per_share": 13.9,
            "book_valuer_per_share_4q_avg": 13.93,
            "equity": 1175872,
            "current_ratio": 145.51,
            "debt_ratio": 48.31,
            "inventory_turnover_ratio": 1.24,
            "account_receivable_turnover_ratio": 1.58,
            "reinvestment_rate": 1117.02,
            "research_to_sale_ratio": null,
            "price_fair": 244.53,
            "eps_avg_yearly": 6.99,
            "eps_latest_yearly": 3.08,
            "eps_growth_yearly": 1046.25
        },
        "20121": {
            "year_quarter": 20121,
            "year": 2012,
            "quarter": 1,
            "eps": -0.2,
            "eps_growth_year": -109.17,
            "eps_4q": -0.28,
            "eps_4q_growth_year": -106.01,
            "roe": -1.48,
            "roe_4q": -1.3200000000000003,
            "gross_profit": 5205,
            "gross_margin": 1.26,
            "gross_margin_4q_avg": 7.47,
            "net_income": -17198,
            "net_income_4q": null,
            "revenue": 413725,
            "revenue_4q": null,
            "common_shares": 858000,
            "book_valuer_per_share": 13.72,
            "book_valuer_per_share_4q_avg": 14.11,
            "equity": 1150031,
            "current_ratio": 136.43,
            "debt_ratio": 48.99,
            "inventory_turnover_ratio": 1.07,
            "account_receivable_turnover_ratio": 1.58,
            "reinvestment_rate": 14958.71,
            "research_to_sale_ratio": null,
            "price_fair": 244.53,
            "eps_avg_yearly": 6.99,
            "eps_latest_yearly": 3.08,
            "eps_growth_yearly": 1046.25
        },
        "20122": {
            "year_quarter": 20122,
            "year": 2012,
            "quarter": 2,
            "eps": 0.15,
            "eps_growth_year": -79.99,
            "eps_4q": -0.69,
            "eps_4q_growth_year": -112.59,
            "roe": 1.2,
            "roe_4q": -5.86,
            "gross_profit": 3106,
            "gross_margin": 0.8,
            "gross_margin_4q_avg": 2.1,
            "net_income": 13558,
            "net_income_4q": null,
            "revenue": 390431,
            "revenue_4q": null,
            "common_shares": 858000,
            "book_valuer_per_share": 13.19,
            "book_valuer_per_share_4q_avg": 13.95,
            "equity": 1105754,
            "current_ratio": 121.17,
            "debt_ratio": 51.17,
            "inventory_turnover_ratio": 1.05,
            "account_receivable_turnover_ratio": 1.64,
            "reinvestment_rate": 1227.31,
            "research_to_sale_ratio": null,
            "price_fair": 244.53,
            "eps_avg_yearly": 6.99,
            "eps_latest_yearly": 3.08,
            "eps_growth_yearly": 1046.25
        },
        "20123": {
            "year_quarter": 20123,
            "year": 2012,
            "quarter": 3,
            "eps": -0.23,
            "eps_growth_year": null,
            "eps_4q": -0.65,
            "eps_4q_growth_year": -113.99,
            "roe": -1.88,
            "roe_4q": -5.25,
            "gross_profit": 18016,
            "gross_margin": 4.59,
            "gross_margin_4q_avg": 1.49,
            "net_income": -20577,
            "net_income_4q": null,
            "revenue": 392236,
            "revenue_4q": null,
            "common_shares": 899923,
            "book_valuer_per_share": 12.31,
            "book_valuer_per_share_4q_avg": 13.28,
            "equity": 1084191,
            "current_ratio": 120.71,
            "debt_ratio": 49.79,
            "inventory_turnover_ratio": 1.22,
            "account_receivable_turnover_ratio": 1.78,
            "reinvestment_rate": 1297.69,
            "research_to_sale_ratio": null,
            "price_fair": 244.53,
            "eps_avg_yearly": 6.99,
            "eps_latest_yearly": 3.08,
            "eps_growth_yearly": 1046.25
        },
        "20124": {
            "year_quarter": 20124,
            "year": 2012,
            "quarter": 4,
            "eps": 0.37,
            "eps_growth_year": null,
            "eps_4q": 0.09,
            "eps_4q_growth_year": -94.35,
            "roe": 2.99,
            "roe_4q": 0.8300000000000005,
            "gross_profit": 25810,
            "gross_margin": 6.51,
            "gross_margin_4q_avg": 3.29,
            "net_income": 32265,
            "net_income_4q": null,
            "revenue": 396614,
            "revenue_4q": null,
            "common_shares": 899923,
            "book_valuer_per_share": 12.2,
            "book_valuer_per_share_4q_avg": 12.86,
            "equity": 1074122,
            "current_ratio": 147.96,
            "debt_ratio": 49.19,
            "inventory_turnover_ratio": 1.54,
            "account_receivable_turnover_ratio": 1.83,
            "reinvestment_rate": 293.95,
            "research_to_sale_ratio": null,
            "price_fair": 244.53,
            "eps_avg_yearly": 6.99,
            "eps_latest_yearly": 3.08,
            "eps_growth_yearly": 1046.25
        },
        "20131": {
            "year_quarter": 20131,
            "year": 2013,
            "quarter": 1,
            "eps": 0.07,
            "eps_growth_year": null,
            "eps_4q": 0.35,
            "eps_4q_growth_year": null,
            "roe": 0.53,
            "roe_4q": 2.8400000000000007,
            "gross_profit": 27437,
            "gross_margin": 8.42,
            "gross_margin_4q_avg": 5.08,
            "net_income": 5823,
            "net_income_4q": null,
            "revenue": 325830,
            "revenue_4q": null,
            "common_shares": 899923,
            "book_valuer_per_share": 12.53,
            "book_valuer_per_share_4q_avg": 12.56,
            "equity": 1103556,
            "current_ratio": 162.96,
            "debt_ratio": 48.02,
            "inventory_turnover_ratio": 1.2,
            "account_receivable_turnover_ratio": 1.64,
            "reinvestment_rate": 238.58,
            "research_to_sale_ratio": null,
            "price_fair": 185.85,
            "eps_avg_yearly": 5.31,
            "eps_latest_yearly": 0.28,
            "eps_growth_yearly": 703.6
        },
        "20132": {
            "year_quarter": 20132,
            "year": 2013,
            "quarter": 2,
            "eps": 0,
            "eps_growth_year": -100,
            "eps_4q": 0.2,
            "eps_4q_growth_year": null,
            "roe": 0.04,
            "roe_4q": 1.6800000000000006,
            "gross_profit": 31285,
            "gross_margin": 9.67,
            "gross_margin_4q_avg": 7.3,
            "net_income": 419,
            "net_income_4q": null,
            "revenue": 323375,
            "revenue_4q": null,
            "common_shares": 899923,
            "book_valuer_per_share": 12.4,
            "book_valuer_per_share_4q_avg": 12.36,
            "equity": 1091608,
            "current_ratio": 166.84,
            "debt_ratio": 54.21,
            "inventory_turnover_ratio": 0.93,
            "account_receivable_turnover_ratio": 1.82,
            "reinvestment_rate": 220.78,
            "research_to_sale_ratio": null,
            "price_fair": 185.85,
            "eps_avg_yearly": 5.31,
            "eps_latest_yearly": 0.28,
            "eps_growth_yearly": 703.6
        },
        "20133": {
            "year_quarter": 20133,
            "year": 2013,
            "quarter": 3,
            "eps": -0.19,
            "eps_growth_year": null,
            "eps_4q": 0.24,
            "eps_4q_growth_year": null,
            "roe": -1.6,
            "roe_4q": 1.9600000000000002,
            "gross_profit": 15147,
            "gross_margin": 4.51,
            "gross_margin_4q_avg": 7.28,
            "net_income": -17337,
            "net_income_4q": null,
            "revenue": 335843,
            "revenue_4q": null,
            "common_shares": 917531,
            "book_valuer_per_share": 11.91,
            "book_valuer_per_share_4q_avg": 12.26,
            "equity": 1069085,
            "current_ratio": 205.19,
            "debt_ratio": 51.94,
            "inventory_turnover_ratio": 0.99,
            "account_receivable_turnover_ratio": 2.04,
            "reinvestment_rate": 237.36,
            "research_to_sale_ratio": null,
            "price_fair": 185.85,
            "eps_avg_yearly": 5.31,
            "eps_latest_yearly": 0.28,
            "eps_growth_yearly": 703.6
        },
        "20134": {
            "year_quarter": 20134,
            "year": 2013,
            "quarter": 4,
            "eps": -0.01,
            "eps_growth_year": -103.37,
            "eps_4q": -0.14,
            "eps_4q_growth_year": -248.67,
            "roe": -0.1,
            "roe_4q": -1.1300000000000001,
            "gross_profit": 18440,
            "gross_margin": 5.34,
            "gross_margin_4q_avg": 6.99,
            "net_income": -1109,
            "net_income_4q": null,
            "revenue": 345549,
            "revenue_4q": null,
            "common_shares": 917531,
            "book_valuer_per_share": 11.95,
            "book_valuer_per_share_4q_avg": 12.2,
            "equity": 1072716,
            "current_ratio": 132.27,
            "debt_ratio": 58,
            "inventory_turnover_ratio": 1.07,
            "account_receivable_turnover_ratio": 2.14,
            "reinvestment_rate": 171.29,
            "research_to_sale_ratio": null,
            "price_fair": 185.85,
            "eps_avg_yearly": 5.31,
            "eps_latest_yearly": 0.28,
            "eps_growth_yearly": 703.6
        },
        "20141": {
            "year_quarter": 20141,
            "year": 2014,
            "quarter": 1,
            "eps": -0.18,
            "eps_growth_year": -357.14,
            "eps_4q": -0.38,
            "eps_4q_growth_year": -207.18,
            "roe": -1.49,
            "roe_4q": -3.1500000000000004,
            "gross_profit": 17725,
            "gross_margin": 5.34,
            "gross_margin_4q_avg": 6.22,
            "net_income": -15939,
            "net_income_4q": null,
            "revenue": 331805,
            "revenue_4q": null,
            "common_shares": 917531,
            "book_valuer_per_share": 11.85,
            "book_valuer_per_share_4q_avg": 12.03,
            "equity": 1064433,
            "current_ratio": 105.52,
            "debt_ratio": 60.76,
            "inventory_turnover_ratio": 0.96,
            "account_receivable_turnover_ratio": 2.12,
            "reinvestment_rate": 266.99,
            "research_to_sale_ratio": null,
            "price_fair": 185.85,
            "eps_avg_yearly": 5.31,
            "eps_latest_yearly": 0.28,
            "eps_growth_yearly": 703.6
        },
        "20142": {
            "year_quarter": 20142,
            "year": 2014,
            "quarter": 2,
            "eps": -0.34,
            "eps_growth_year": null,
            "eps_4q": -0.73,
            "eps_4q_growth_year": -463.47,
            "roe": -2.94,
            "roe_4q": -6.129999999999999,
            "gross_profit": 7753,
            "gross_margin": 2.49,
            "gross_margin_4q_avg": 4.42,
            "net_income": -30785,
            "net_income_4q": null,
            "revenue": 311680,
            "revenue_4q": null,
            "common_shares": 917531,
            "book_valuer_per_share": 11.46,
            "book_valuer_per_share_4q_avg": 11.79,
            "equity": 1029462,
            "current_ratio": 121.38,
            "debt_ratio": 63.44,
            "inventory_turnover_ratio": 0.73,
            "account_receivable_turnover_ratio": 2.2,
            "reinvestment_rate": 296.24,
            "research_to_sale_ratio": null,
            "price_fair": 185.85,
            "eps_avg_yearly": 5.31,
            "eps_latest_yearly": 0.28,
            "eps_growth_yearly": 703.6
        },
        "20143": {
            "year_quarter": 20143,
            "year": 2014,
            "quarter": 3,
            "eps": -0.68,
            "eps_growth_year": null,
            "eps_4q": -1.21,
            "eps_4q_growth_year": -612.38,
            "roe": -6.06,
            "roe_4q": -10.59,
            "gross_profit": -38731,
            "gross_margin": -8.09,
            "gross_margin_4q_avg": 1.27,
            "net_income": -60638,
            "net_income_4q": null,
            "revenue": 478520,
            "revenue_4q": null,
            "common_shares": 917531,
            "book_valuer_per_share": 10.82,
            "book_valuer_per_share_4q_avg": 11.52,
            "equity": 971642,
            "current_ratio": 100.94,
            "debt_ratio": 65.88,
            "inventory_turnover_ratio": 1.15,
            "account_receivable_turnover_ratio": 3.14,
            "reinvestment_rate": 445.23,
            "research_to_sale_ratio": null,
            "price_fair": 185.85,
            "eps_avg_yearly": 5.31,
            "eps_latest_yearly": 0.28,
            "eps_growth_yearly": 703.6
        },
        "20144": {
            "year_quarter": 20144,
            "year": 2014,
            "quarter": 4,
            "eps": -0.97,
            "eps_growth_year": null,
            "eps_4q": -2.17,
            "eps_4q_growth_year": null,
            "roe": -9.39,
            "roe_4q": -19.88,
            "gross_profit": -26357,
            "gross_margin": -4.88,
            "gross_margin_4q_avg": -1.29,
            "net_income": -87188,
            "net_income_4q": null,
            "revenue": 540331,
            "revenue_4q": null,
            "common_shares": 917531,
            "book_valuer_per_share": 9.86,
            "book_valuer_per_share_4q_avg": 11,
            "equity": 885822,
            "current_ratio": 97.38,
            "debt_ratio": 68.44,
            "inventory_turnover_ratio": 1.42,
            "account_receivable_turnover_ratio": 2.91,
            "reinvestment_rate": null,
            "research_to_sale_ratio": null,
            "price_fair": 12.08,
            "eps_avg_yearly": 4.03,
            "eps_latest_yearly": 0.28,
            "eps_growth_yearly": -200.75
        },
        "20151": {
            "year_quarter": 20151,
            "year": 2015,
            "quarter": 1,
            "eps": -0.37,
            "eps_growth_year": null,
            "eps_4q": -2.36,
            "eps_4q_growth_year": null,
            "roe": -3.81,
            "roe_4q": -22.200000000000003,
            "gross_profit": 29733,
            "gross_margin": 6.06,
            "gross_margin_4q_avg": -1.11,
            "net_income": -32991,
            "net_income_4q": null,
            "revenue": 490281,
            "revenue_4q": null,
            "common_shares": 897991,
            "book_valuer_per_share": 9.43,
            "book_valuer_per_share_4q_avg": 10.39,
            "equity": 846753,
            "current_ratio": 91.01,
            "debt_ratio": 70.86,
            "inventory_turnover_ratio": 1.16,
            "account_receivable_turnover_ratio": 2.38,
            "reinvestment_rate": null,
            "research_to_sale_ratio": null,
            "price_fair": 5.04,
            "eps_avg_yearly": 1.68,
            "eps_latest_yearly": 0.28,
            "eps_growth_yearly": -291.52
        },
        "20152": {
            "year_quarter": 20152,
            "year": 2015,
            "quarter": 2,
            "eps": -0.09,
            "eps_growth_year": null,
            "eps_4q": -2.1,
            "eps_4q_growth_year": null,
            "roe": -0.94,
            "roe_4q": -20.2,
            "gross_profit": 39913,
            "gross_margin": 8.57,
            "gross_margin_4q_avg": 0.42,
            "net_income": -7899,
            "net_income_4q": null,
            "revenue": 465771,
            "revenue_4q": null,
            "common_shares": 897991,
            "book_valuer_per_share": 9.28,
            "book_valuer_per_share_4q_avg": 9.85,
            "equity": 833454,
            "current_ratio": 101.92,
            "debt_ratio": 70.65,
            "inventory_turnover_ratio": 0.99,
            "account_receivable_turnover_ratio": 2.29,
            "reinvestment_rate": null,
            "research_to_sale_ratio": null,
            "price_fair": 0.84,
            "eps_avg_yearly": 0.28,
            "eps_latest_yearly": 0.28,
            "eps_growth_yearly": -324.32
        },
        "20153": {
            "year_quarter": 20153,
            "year": 2015,
            "quarter": 3,
            "eps": -0.2,
            "eps_growth_year": null,
            "eps_4q": -1.63,
            "eps_4q_growth_year": null,
            "roe": -2.23,
            "roe_4q": -16.37,
            "gross_profit": 28779,
            "gross_margin": 6.44,
            "gross_margin_4q_avg": 4.05,
            "net_income": -18402,
            "net_income_4q": null,
            "revenue": 446868,
            "revenue_4q": null,
            "common_shares": 897991,
            "book_valuer_per_share": 9.1,
            "book_valuer_per_share_4q_avg": 9.42,
            "equity": 816966,
            "current_ratio": 94.87,
            "debt_ratio": 70.6,
            "inventory_turnover_ratio": 0.99,
            "account_receivable_turnover_ratio": 2.16,
            "reinvestment_rate": null,
            "research_to_sale_ratio": null,
            "price_fair": 0.84,
            "eps_avg_yearly": 0.28,
            "eps_latest_yearly": 0.28,
            "eps_growth_yearly": -324.32
        },
        "20154": {
            "year_quarter": 20154,
            "year": 2015,
            "quarter": 4,
            "eps": -0.27,
            "eps_growth_year": null,
            "eps_4q": -0.93,
            "eps_4q_growth_year": null,
            "roe": -3.03,
            "roe_4q": -10.01,
            "gross_profit": 18070,
            "gross_margin": 4.2,
            "gross_margin_4q_avg": 6.32,
            "net_income": -24287,
            "net_income_4q": null,
            "revenue": 430622,
            "revenue_4q": null,
            "common_shares": 897991,
            "book_valuer_per_share": 8.75,
            "book_valuer_per_share_4q_avg": 9.14,
            "equity": 785592,
            "current_ratio": 102.77,
            "debt_ratio": 73.07,
            "inventory_turnover_ratio": 0.95,
            "account_receivable_turnover_ratio": 2.17,
            "reinvestment_rate": null,
            "research_to_sale_ratio": null,
            "price_fair": 0.84,
            "eps_avg_yearly": 0.28,
            "eps_latest_yearly": 0.28,
            "eps_growth_yearly": -324.32
        },
        "20161": {
            "year_quarter": 20161,
            "year": 2016,
            "quarter": 1,
            "eps": -0.29,
            "eps_growth_year": null,
            "eps_4q": -0.86,
            "eps_4q_growth_year": null,
            "roe": -3.41,
            "roe_4q": -9.61,
            "gross_profit": 15862,
            "gross_margin": 3.73,
            "gross_margin_4q_avg": 5.74,
            "net_income": -26237,
            "net_income_4q": null,
            "revenue": 424735,
            "revenue_4q": null,
            "common_shares": 897991,
            "book_valuer_per_share": 8.36,
            "book_valuer_per_share_4q_avg": 8.87,
            "equity": 751056,
            "current_ratio": 116.32,
            "debt_ratio": 74.35,
            "inventory_turnover_ratio": 0.89,
            "account_receivable_turnover_ratio": 2.26,
            "reinvestment_rate": null,
            "research_to_sale_ratio": null,
            "price_fair": 0.84,
            "eps_avg_yearly": 0.28,
            "eps_latest_yearly": 0.28,
            "eps_growth_yearly": -324.32
        },
        "20162": {
            "year_quarter": 20162,
            "year": 2016,
            "quarter": 2,
            "eps": -0.76,
            "eps_growth_year": null,
            "eps_4q": -1.52,
            "eps_4q_growth_year": null,
            "roe": -9.49,
            "roe_4q": -18.16,
            "gross_profit": -24001,
            "gross_margin": -5.88,
            "gross_margin_4q_avg": 2.12,
            "net_income": -67995,
            "net_income_4q": null,
            "revenue": 408057,
            "revenue_4q": null,
            "common_shares": 897991,
            "book_valuer_per_share": 7.59,
            "book_valuer_per_share_4q_avg": 8.45,
            "equity": 681869,
            "current_ratio": 106.75,
            "debt_ratio": 76.66,
            "inventory_turnover_ratio": 1.05,
            "account_receivable_turnover_ratio": 2.24,
            "reinvestment_rate": null,
            "research_to_sale_ratio": null,
            "price_fair": 0.84,
            "eps_avg_yearly": 0.28,
            "eps_latest_yearly": 0.28,
            "eps_growth_yearly": -324.32
        },
        "20163": {
            "year_quarter": 20163,
            "year": 2016,
            "quarter": 3,
            "eps": -0.76,
            "eps_growth_year": null,
            "eps_4q": -2.08,
            "eps_4q_growth_year": null,
            "roe": -10.64,
            "roe_4q": -26.570000000000004,
            "gross_profit": 5953,
            "gross_margin": 1.6,
            "gross_margin_4q_avg": 0.91,
            "net_income": -68295,
            "net_income_4q": null,
            "revenue": 371186,
            "revenue_4q": null,
            "common_shares": 897991,
            "book_valuer_per_share": 6.71,
            "book_valuer_per_share_4q_avg": 7.85,
            "equity": 602180,
            "current_ratio": 73.15,
            "debt_ratio": 80.7,
            "inventory_turnover_ratio": 1,
            "account_receivable_turnover_ratio": 2.22,
            "reinvestment_rate": null,
            "research_to_sale_ratio": null,
            "price_fair": 0.84,
            "eps_avg_yearly": 0.28,
            "eps_latest_yearly": 0.28,
            "eps_growth_yearly": -324.32
        },
        "20164": {
            "year_quarter": 20164,
            "year": 2016,
            "quarter": 4,
            "eps": -0.55,
            "eps_growth_year": null,
            "eps_4q": -2.36,
            "eps_4q_growth_year": null,
            "roe": -8.47,
            "roe_4q": -32.010000000000005,
            "gross_profit": -5293,
            "gross_margin": -1.37,
            "gross_margin_4q_avg": -0.48,
            "net_income": -49258,
            "net_income_4q": null,
            "revenue": 387361,
            "revenue_4q": null,
            "common_shares": 897991,
            "book_valuer_per_share": 6.25,
            "book_valuer_per_share_4q_avg": 7.23,
            "equity": 561454,
            "current_ratio": 85.22,
            "debt_ratio": 81.86,
            "inventory_turnover_ratio": 1.15,
            "account_receivable_turnover_ratio": 2.33,
            "reinvestment_rate": null,
            "research_to_sale_ratio": null,
            "price_fair": 0.84,
            "eps_avg_yearly": 0.28,
            "eps_latest_yearly": 0.28,
            "eps_growth_yearly": -324.32
        },
        "20171": {
            "year_quarter": 20171,
            "year": 2017,
            "quarter": 1,
            "eps": -1.23,
            "eps_growth_year": null,
            "eps_4q": -4.22,
            "eps_4q_growth_year": null,
            "roe": -14.86,
            "roe_4q": -43.46,
            "gross_profit": -1804,
            "gross_margin": -0.46,
            "gross_margin_4q_avg": -1.53,
            "net_income": -76324,
            "net_income_4q": null,
            "revenue": 390390,
            "revenue_4q": null,
            "common_shares": 621124,
            "book_valuer_per_share": 7.49,
            "book_valuer_per_share_4q_avg": 7.01,
            "equity": 465447,
            "current_ratio": 84.38,
            "debt_ratio": 85.33,
            "inventory_turnover_ratio": 0.95,
            "account_receivable_turnover_ratio": 2.45,
            "reinvestment_rate": null,
            "research_to_sale_ratio": null,
            "price_fair": 0,
            "eps_avg_yearly": 0,
            "eps_latest_yearly": 0,
            "eps_growth_yearly": 0
        },
        "20172": {
            "year_quarter": 20172,
            "year": 2017,
            "quarter": 2,
            "eps": -0.37,
            "eps_growth_year": null,
            "eps_4q": -3.49,
            "eps_4q_growth_year": null,
            "roe": -5.11,
            "roe_4q": -39.08,
            "gross_profit": 14080,
            "gross_margin": 3.22,
            "gross_margin_4q_avg": 0.75,
            "net_income": -23124,
            "net_income_4q": null,
            "revenue": 436767,
            "revenue_4q": null,
            "common_shares": 621124,
            "book_valuer_per_share": 7.09,
            "book_valuer_per_share_4q_avg": 6.89,
            "equity": 440099,
            "current_ratio": 81.08,
            "debt_ratio": 85.78,
            "inventory_turnover_ratio": 0.86,
            "account_receivable_turnover_ratio": 3.05,
            "reinvestment_rate": null,
            "research_to_sale_ratio": null,
            "price_fair": 0,
            "eps_avg_yearly": 0,
            "eps_latest_yearly": 0,
            "eps_growth_yearly": 0
        },
        "20173": {
            "year_quarter": 20173,
            "year": 2017,
            "quarter": 3,
            "eps": -1.08,
            "eps_growth_year": null,
            "eps_4q": -3.21,
            "eps_4q_growth_year": null,
            "roe": -16.43,
            "roe_4q": -44.87,
            "gross_profit": -5246,
            "gross_margin": -1.31,
            "gross_margin_4q_avg": 0.02,
            "net_income": -69913,
            "net_income_4q": null,
            "revenue": 400814,
            "revenue_4q": null,
            "common_shares": 681124,
            "book_valuer_per_share": 6.04,
            "book_valuer_per_share_4q_avg": 6.72,
            "equity": 411189,
            "current_ratio": 71.51,
            "debt_ratio": 86.78,
            "inventory_turnover_ratio": 0.82,
            "account_receivable_turnover_ratio": 2.65,
            "reinvestment_rate": null,
            "research_to_sale_ratio": null,
            "price_fair": 0,
            "eps_avg_yearly": 0,
            "eps_latest_yearly": 0,
            "eps_growth_yearly": 0
        },
        "20174": {
            "year_quarter": 20174,
            "year": 2017,
            "quarter": 4,
            "eps": -1.45,
            "eps_growth_year": null,
            "eps_4q": -3.8,
            "eps_4q_growth_year": null,
            "roe": -21.74,
            "roe_4q": -58.14,
            "gross_profit": -14436,
            "gross_margin": -3.66,
            "gross_margin_4q_avg": -0.55,
            "net_income": -104498,
            "net_income_4q": null,
            "revenue": 394608,
            "revenue_4q": null,
            "common_shares": 721124,
            "book_valuer_per_share": 7.63,
            "book_valuer_per_share_4q_avg": 7.06,
            "equity": 550136,
            "current_ratio": 69.85,
            "debt_ratio": 83.3,
            "inventory_turnover_ratio": 0.82,
            "account_receivable_turnover_ratio": 2.54,
            "reinvestment_rate": null,
            "research_to_sale_ratio": null,
            "price_fair": 0,
            "eps_avg_yearly": 0,
            "eps_latest_yearly": 0,
            "eps_growth_yearly": 0
        },
        "20181": {
            "year_quarter": 20181,
            "year": 2018,
            "quarter": 1,
            "eps": -0.95,
            "eps_growth_year": null,
            "eps_4q": -3.45,
            "eps_4q_growth_year": null,
            "roe": -13.56,
            "roe_4q": -56.839999999999996,
            "gross_profit": 15595,
            "gross_margin": 3.65,
            "gross_margin_4q_avg": 0.48,
            "net_income": -72089,
            "net_income_4q": null,
            "revenue": 426702,
            "revenue_4q": null,
            "common_shares": 781124,
            "book_valuer_per_share": 6.57,
            "book_valuer_per_share_4q_avg": 6.83,
            "equity": 513243,
            "current_ratio": 102.69,
            "debt_ratio": 84.5,
            "inventory_turnover_ratio": 0.86,
            "account_receivable_turnover_ratio": 2.83,
            "reinvestment_rate": null,
            "research_to_sale_ratio": 0.73,
            "price_fair": 0,
            "eps_avg_yearly": 0,
            "eps_latest_yearly": 0,
            "eps_growth_yearly": 0
        },
        "20182": {
            "year_quarter": 20182,
            "year": 2018,
            "quarter": 2,
            "eps": 15.3,
            "eps_growth_year": null,
            "eps_4q": 12.14,
            "eps_4q_growth_year": null,
            "roe": 110.5,
            "roe_4q": 58.77,
            "gross_profit": -15030,
            "gross_margin": -3.4,
            "gross_margin_4q_avg": -1.18,
            "net_income": 1194733,
            "net_income_4q": null,
            "revenue": 442429,
            "revenue_4q": null,
            "common_shares": 781124,
            "book_valuer_per_share": 21.11,
            "book_valuer_per_share_4q_avg": 10.34,
            "equity": 1649217,
            "current_ratio": 108.51,
            "debt_ratio": 36.67,
            "inventory_turnover_ratio": 1.04,
            "account_receivable_turnover_ratio": 2.79,
            "reinvestment_rate": -121.54,
            "research_to_sale_ratio": 0.96,
            "price_fair": 0,
            "eps_avg_yearly": 0,
            "eps_latest_yearly": 0,
            "eps_growth_yearly": 0
        },
        "20183": {
            "year_quarter": 20183,
            "year": 2018,
            "quarter": 3,
            "eps": -0.8,
            "eps_growth_year": null,
            "eps_4q": 12.24,
            "eps_4q_growth_year": null,
            "roe": -3.84,
            "roe_4q": 71.36,
            "gross_profit": 9252,
            "gross_margin": 2.75,
            "gross_margin_4q_avg": -0.17,
            "net_income": -62147,
            "net_income_4q": null,
            "revenue": 336535,
            "revenue_4q": null,
            "common_shares": 781124,
            "book_valuer_per_share": 20.31,
            "book_valuer_per_share_4q_avg": 13.91,
            "equity": 1586172,
            "current_ratio": 92.38,
            "debt_ratio": 39.58,
            "inventory_turnover_ratio": 0.71,
            "account_receivable_turnover_ratio": 2.32,
            "reinvestment_rate": -114.21,
            "research_to_sale_ratio": 0.85,
            "price_fair": 0,
            "eps_avg_yearly": 0,
            "eps_latest_yearly": 0,
            "eps_growth_yearly": 0
        },
        "20184": {
            "year_quarter": 20184,
            "year": 2018,
            "quarter": 4,
            "eps": -1.99,
            "eps_growth_year": null,
            "eps_4q": 11.58,
            "eps_4q_growth_year": null,
            "roe": -10.35,
            "roe_4q": 82.75,
            "gross_profit": -54083,
            "gross_margin": -12.92,
            "gross_margin_4q_avg": -2.48,
            "net_income": -155814,
            "net_income_4q": null,
            "revenue": 418585,
            "revenue_4q": null,
            "common_shares": 781124,
            "book_valuer_per_share": 18.25,
            "book_valuer_per_share_4q_avg": 16.56,
            "equity": 1425207,
            "current_ratio": 81.65,
            "debt_ratio": 44.84,
            "inventory_turnover_ratio": 0.97,
            "account_receivable_turnover_ratio": 2.9,
            "reinvestment_rate": -162.18,
            "research_to_sale_ratio": 1.6,
            "price_fair": 0,
            "eps_avg_yearly": 0,
            "eps_latest_yearly": 0,
            "eps_growth_yearly": 0
        },
        "20191": {
            "year_quarter": 20191,
            "year": 2019,
            "quarter": 1,
            "eps": -0.89,
            "eps_growth_year": null,
            "eps_4q": 11.61,
            "eps_4q_growth_year": null,
            "roe": -4.84,
            "roe_4q": 91.47,
            "gross_profit": -14993,
            "gross_margin": -3.96,
            "gross_margin_4q_avg": -4.38,
            "net_income": -71270,
            "net_income_4q": null,
            "revenue": 378658,
            "revenue_4q": null,
            "common_shares": 781124,
            "book_valuer_per_share": 17.7,
            "book_valuer_per_share_4q_avg": 19.34,
            "equity": 1519989,
            "current_ratio": 83.59,
            "debt_ratio": 48.77,
            "inventory_turnover_ratio": 0.81,
            "account_receivable_turnover_ratio": 2.28,
            "reinvestment_rate": -88.25,
            "research_to_sale_ratio": 1.14,
            "price_fair": 0,
            "eps_avg_yearly": 0,
            "eps_latest_yearly": 0,
            "eps_growth_yearly": 0
        },
        "20192": {
            "year_quarter": 20192,
            "year": 2019,
            "quarter": 2,
            "eps": -1.21,
            "eps_growth_year": -107.91,
            "eps_4q": -3.79,
            "eps_4q_growth_year": -131.21,
            "roe": -6.68,
            "roe_4q": -25.709999999999997,
            "gross_profit": -30752,
            "gross_margin": -8.62,
            "gross_margin_4q_avg": -5.69,
            "net_income": -98172,
            "net_income_4q": null,
            "revenue": 356936,
            "revenue_4q": null,
            "common_shares": 781124,
            "book_valuer_per_share": 16.2,
            "book_valuer_per_share_4q_avg": 18.12,
            "equity": 1421095,
            "current_ratio": 78.45,
            "debt_ratio": 52.67,
            "inventory_turnover_ratio": 0.73,
            "account_receivable_turnover_ratio": 2.21,
            "reinvestment_rate": -115.66,
            "research_to_sale_ratio": 0.89,
            "price_fair": 0,
            "eps_avg_yearly": 0,
            "eps_latest_yearly": 0,
            "eps_growth_yearly": 0
        },
        "20193": {
            "year_quarter": 20193,
            "year": 2019,
            "quarter": 3,
            "eps": -0.71,
            "eps_growth_year": null,
            "eps_4q": -3.88,
            "eps_4q_growth_year": -131.69,
            "roe": -5.67,
            "roe_4q": -27.54,
            "gross_profit": -28890,
            "gross_margin": -7.98,
            "gross_margin_4q_avg": -8.37,
            "net_income": -78253,
            "net_income_4q": null,
            "revenue": 362061,
            "revenue_4q": null,
            "common_shares": 1008000,
            "book_valuer_per_share": 11.83,
            "book_valuer_per_share_4q_avg": 16,
            "equity": 1341424,
            "current_ratio": 78.79,
            "debt_ratio": 55.26,
            "inventory_turnover_ratio": 0.69,
            "account_receivable_turnover_ratio": 2.49,
            "reinvestment_rate": -163.64,
            "research_to_sale_ratio": 1.05,
            "price_fair": 0,
            "eps_avg_yearly": 0,
            "eps_latest_yearly": 0,
            "eps_growth_yearly": 0
        },
        "20194": {
            "year_quarter": 20194,
            "year": 2019,
            "quarter": 4,
            "eps": -0.73,
            "eps_growth_year": null,
            "eps_4q": -3.06,
            "eps_4q_growth_year": -126.4,
            "roe": -6.5,
            "roe_4q": -23.69,
            "gross_profit": 1561,
            "gross_margin": 0.42,
            "gross_margin_4q_avg": -5.04,
            "net_income": -84548,
            "net_income_4q": null,
            "revenue": 369217,
            "revenue_4q": null,
            "common_shares": 1008000,
            "book_valuer_per_share": 10.94,
            "book_valuer_per_share_4q_avg": 14.17,
            "equity": 1259821,
            "current_ratio": 72.73,
            "debt_ratio": 56.8,
            "inventory_turnover_ratio": 0.64,
            "account_receivable_turnover_ratio": 2.53,
            "reinvestment_rate": -298.58,
            "research_to_sale_ratio": 0.94,
            "price_fair": 0,
            "eps_avg_yearly": 0,
            "eps_latest_yearly": 0,
            "eps_growth_yearly": 0
        },
        "20201": {
            "year_quarter": 20201,
            "year": 2020,
            "quarter": 1,
            "eps": -1.01,
            "eps_growth_year": null,
            "eps_4q": -3.38,
            "eps_4q_growth_year": -129.07,
            "roe": -9.71,
            "roe_4q": -28.560000000000002,
            "gross_profit": -38859,
            "gross_margin": -8.08,
            "gross_margin_4q_avg": -6.07,
            "net_income": -116342,
            "net_income_4q": null,
            "revenue": 480990,
            "revenue_4q": null,
            "common_shares": 1008000,
            "book_valuer_per_share": 9.84,
            "book_valuer_per_share_4q_avg": 12.2,
            "equity": 1135703,
            "current_ratio": 68.46,
            "debt_ratio": 59.98,
            "inventory_turnover_ratio": 0.94,
            "account_receivable_turnover_ratio": 3.12,
            "reinvestment_rate": -756.69,
            "research_to_sale_ratio": 0.47,
            "price_fair": 0,
            "eps_avg_yearly": 0,
            "eps_latest_yearly": 0,
            "eps_growth_yearly": 0
        },
        "20202": {
            "year_quarter": 20202,
            "year": 2020,
            "quarter": 2,
            "eps": -0.92,
            "eps_growth_year": null,
            "eps_4q": -3.36,
            "eps_4q_growth_year": null,
            "roe": -9.57,
            "roe_4q": -31.450000000000003,
            "gross_profit": -63993,
            "gross_margin": -20.79,
            "gross_margin_4q_avg": -9.11,
            "net_income": -103246,
            "net_income_4q": null,
            "revenue": 307836,
            "revenue_4q": null,
            "common_shares": 1008000,
            "book_valuer_per_share": 8.84,
            "book_valuer_per_share_4q_avg": 10.36,
            "equity": 1022669,
            "current_ratio": 62.95,
            "debt_ratio": 62.56,
            "inventory_turnover_ratio": 0.73,
            "account_receivable_turnover_ratio": 2.06,
            "reinvestment_rate": -3626.65,
            "research_to_sale_ratio": 0.45,
            "price_fair": 0,
            "eps_avg_yearly": 0,
            "eps_latest_yearly": 0,
            "eps_growth_yearly": 0
        },
        "20203": {
            "year_quarter": 20203,
            "year": 2020,
            "quarter": 3,
            "eps": -0.26,
            "eps_growth_year": null,
            "eps_4q": -2.91,
            "eps_4q_growth_year": null,
            "roe": -3.43,
            "roe_4q": -29.21,
            "gross_profit": 23373,
            "gross_margin": 6.68,
            "gross_margin_4q_avg": -5.44,
            "net_income": -34984,
            "net_income_4q": null,
            "revenue": 349730,
            "revenue_4q": null,
            "common_shares": 1008000,
            "book_valuer_per_share": 8.52,
            "book_valuer_per_share_4q_avg": 9.54,
            "equity": 1014922,
            "current_ratio": 62.36,
            "debt_ratio": 60.97,
            "inventory_turnover_ratio": 0.71,
            "account_receivable_turnover_ratio": 2.96,
            "reinvestment_rate": -1514.55,
            "research_to_sale_ratio": 0.63,
            "price_fair": 0,
            "eps_avg_yearly": 0,
            "eps_latest_yearly": 0,
            "eps_growth_yearly": 0
        },
        "20204": {
            "year_quarter": 20204,
            "year": 2020,
            "quarter": 4,
            "eps": -0.27,
            "eps_growth_year": null,
            "eps_4q": -2.46,
            "eps_4q_growth_year": null,
            "roe": -3.81,
            "roe_4q": -26.520000000000003,
            "gross_profit": 4450,
            "gross_margin": 1.2,
            "gross_margin_4q_avg": -5.25,
            "net_income": -37700,
            "net_income_4q": null,
            "revenue": 371295,
            "revenue_4q": null,
            "common_shares": 1008000,
            "book_valuer_per_share": 8.17,
            "book_valuer_per_share_4q_avg": 8.84,
            "equity": 964789,
            "current_ratio": 60.24,
            "debt_ratio": 59.61,
            "inventory_turnover_ratio": 0.98,
            "account_receivable_turnover_ratio": 3.85,
            "reinvestment_rate": -1199.35,
            "research_to_sale_ratio": 0.46,
            "price_fair": 0,
            "eps_avg_yearly": 0,
            "eps_latest_yearly": 0,
            "eps_growth_yearly": 0
        },
        "20211": {
            "year_quarter": 20211,
            "year": 2021,
            "quarter": 1,
            "eps": -0.03,
            "eps_growth_year": null,
            "eps_4q": -1.48,
            "eps_4q_growth_year": null,
            "roe": -1.28,
            "roe_4q": -18.09,
            "gross_profit": 7710,
            "gross_margin": 2.07,
            "gross_margin_4q_avg": -2.71,
            "net_income": -12326,
            "net_income_4q": null,
            "revenue": 372024,
            "revenue_4q": null,
            "common_shares": 1008000,
            "book_valuer_per_share": 8.14,
            "book_valuer_per_share_4q_avg": 8.42,
            "equity": 964522,
            "current_ratio": 62.52,
            "debt_ratio": 60.1,
            "inventory_turnover_ratio": 1.04,
            "account_receivable_turnover_ratio": 4.35,
            "reinvestment_rate": -562.42,
            "research_to_sale_ratio": 0.58,
            "price_fair": 0,
            "eps_avg_yearly": 0,
            "eps_latest_yearly": 0,
            "eps_growth_yearly": 0
        },
        "20212": {
            "year_quarter": 20212,
            "year": 2021,
            "quarter": 2,
            "eps": -0.03,
            "eps_growth_year": null,
            "eps_4q": -0.6,
            "eps_4q_growth_year": null,
            "roe": -1.74,
            "roe_4q": -10.26,
            "gross_profit": 42464,
            "gross_margin": 11.23,
            "gross_margin_4q_avg": 5.3,
            "net_income": -16708,
            "net_income_4q": null,
            "revenue": 378010,
            "revenue_4q": null,
            "common_shares": 1008000,
            "book_valuer_per_share": 8.06,
            "book_valuer_per_share_4q_avg": 8.22,
            "equity": 950739,
            "current_ratio": 65.46,
            "debt_ratio": 61.07,
            "inventory_turnover_ratio": 0.88,
            "account_receivable_turnover_ratio": 3.97,
            "reinvestment_rate": -535.56,
            "research_to_sale_ratio": 0.7,
            "price_fair": 0,
            "eps_avg_yearly": 0,
            "eps_latest_yearly": 0,
            "eps_growth_yearly": 0
        },
        "20213": {
            "year_quarter": 20213,
            "year": 2021,
            "quarter": 3,
            "eps": -0.27,
            "eps_growth_year": null,
            "eps_4q": -0.6,
            "eps_4q_growth_year": null,
            "roe": -3.96,
            "roe_4q": -10.790000000000001,
            "gross_profit": 7080,
            "gross_margin": 1.96,
            "gross_margin_4q_avg": 4.12,
            "net_income": -36936,
            "net_income_4q": null,
            "revenue": 361471,
            "revenue_4q": null,
            "common_shares": 1008000,
            "book_valuer_per_share": 7.82,
            "book_valuer_per_share_4q_avg": 8.05,
            "equity": 916880,
            "current_ratio": 65.22,
            "debt_ratio": 62.36,
            "inventory_turnover_ratio": 0.86,
            "account_receivable_turnover_ratio": 3.35,
            "reinvestment_rate": -433.86,
            "research_to_sale_ratio": 0.7,
            "price_fair": 0,
            "eps_avg_yearly": 0,
            "eps_latest_yearly": 0,
            "eps_growth_yearly": 0
        },
        "20214": {
            "year_quarter": 20214,
            "year": 2021,
            "quarter": 4,
            "eps": -0.42,
            "eps_growth_year": null,
            "eps_4q": -0.75,
            "eps_4q_growth_year": null,
            "roe": -11.1,
            "roe_4q": -18.08,
            "gross_profit": 15368,
            "gross_margin": 3.53,
            "gross_margin_4q_avg": 4.7,
            "net_income": -96386,
            "net_income_4q": null,
            "revenue": 434985,
            "revenue_4q": null,
            "common_shares": 1008000,
            "book_valuer_per_share": 7.4,
            "book_valuer_per_share_4q_avg": 7.86,
            "equity": 820505,
            "current_ratio": 68.64,
            "debt_ratio": 65.44,
            "inventory_turnover_ratio": 0.97,
            "account_receivable_turnover_ratio": 4.35,
            "reinvestment_rate": -444.68,
            "research_to_sale_ratio": 0.56,
            "price_fair": 0,
            "eps_avg_yearly": 0,
            "eps_latest_yearly": 0,
            "eps_growth_yearly": 0
        },
        "20221": {
            "year_quarter": 20221,
            "year": 2022,
            "quarter": 1,
            "eps": -0.03,
            "eps_growth_year": null,
            "eps_4q": -0.75,
            "eps_4q_growth_year": null,
            "roe": -1.68,
            "roe_4q": -18.479999999999997,
            "gross_profit": 25997,
            "gross_margin": 6.29,
            "gross_margin_4q_avg": 5.75,
            "net_income": -13965,
            "net_income_4q": null,
            "revenue": 413020,
            "revenue_4q": null,
            "common_shares": 1008000,
            "book_valuer_per_share": 7.51,
            "book_valuer_per_share_4q_avg": 7.7,
            "equity": 842098,
            "current_ratio": 69.45,
            "debt_ratio": 66.44,
            "inventory_turnover_ratio": 0.84,
            "account_receivable_turnover_ratio": 3.45,
            "reinvestment_rate": -41.64,
            "research_to_sale_ratio": 0.68,
            "price_fair": 0,
            "eps_avg_yearly": 0,
            "eps_latest_yearly": 0,
            "eps_growth_yearly": 0
        },
        "20222": {
            "year_quarter": 20222,
            "year": 2022,
            "quarter": 2,
            "eps": -0.33,
            "eps_growth_year": null,
            "eps_4q": -1.04,
            "eps_4q_growth_year": null,
            "roe": -5.36,
            "roe_4q": -22.1,
            "gross_profit": 9796,
            "gross_margin": 2.24,
            "gross_margin_4q_avg": 3.51,
            "net_income": -44416,
            "net_income_4q": null,
            "revenue": 436369,
            "revenue_4q": null,
            "common_shares": 1008000,
            "book_valuer_per_share": 7.25,
            "book_valuer_per_share_4q_avg": 7.5,
            "equity": 815678,
            "current_ratio": 69.1,
            "debt_ratio": 68.75,
            "inventory_turnover_ratio": 0.76,
            "account_receivable_turnover_ratio": 3.2,
            "reinvestment_rate": null,
            "research_to_sale_ratio": 0.45,
            "price_fair": 0,
            "eps_avg_yearly": 0,
            "eps_latest_yearly": 0,
            "eps_growth_yearly": 0
        },
        "20223": {
            "year_quarter": 20223,
            "year": 2022,
            "quarter": 3,
            "eps": -0.93,
            "eps_growth_year": null,
            "eps_4q": -1.51,
            "eps_4q_growth_year": null,
            "roe": -13.46,
            "roe_4q": -31.6,
            "gross_profit": -48329,
            "gross_margin": -12.71,
            "gross_margin_4q_avg": -0.16,
            "net_income": -111899,
            "net_income_4q": null,
            "revenue": 380368,
            "revenue_4q": null,
            "common_shares": 1139000,
            "book_valuer_per_share": 6.82,
            "book_valuer_per_share_4q_avg": 7.25,
            "equity": 846538,
            "current_ratio": 68.3,
            "debt_ratio": 67.69,
            "inventory_turnover_ratio": 0.67,
            "account_receivable_turnover_ratio": 2.95,
            "reinvestment_rate": null,
            "research_to_sale_ratio": 0.61,
            "price_fair": 0,
            "eps_avg_yearly": 0,
            "eps_latest_yearly": 0,
            "eps_growth_yearly": 0
        },
        "20224": {
            "year_quarter": 20224,
            "year": 2022,
            "quarter": 4,
            "eps": -1.16,
            "eps_growth_year": null,
            "eps_4q": -2.3,
            "eps_4q_growth_year": null,
            "roe": -19.45,
            "roe_4q": -39.949999999999996,
            "gross_profit": -95664,
            "gross_margin": -26.68,
            "gross_margin_4q_avg": -7.72,
            "net_income": -149572,
            "net_income_4q": null,
            "revenue": 358555,
            "revenue_4q": null,
            "common_shares": 1139000,
            "book_valuer_per_share": 5.48,
            "book_valuer_per_share_4q_avg": 6.77,
            "equity": 691420,
            "current_ratio": 64.69,
            "debt_ratio": 72.63,
            "inventory_turnover_ratio": 0.74,
            "account_receivable_turnover_ratio": 3.34,
            "reinvestment_rate": null,
            "research_to_sale_ratio": 0.87,
            "price_fair": 0,
            "eps_avg_yearly": 0,
            "eps_latest_yearly": 0,
            "eps_growth_yearly": 0
        },
        "20231": {
            "year_quarter": 20231,
            "year": 2023,
            "quarter": 1,
            "eps": -0.36,
            "eps_growth_year": null,
            "eps_4q": -2.64,
            "eps_4q_growth_year": null,
            "roe": -8.25,
            "roe_4q": -46.519999999999996,
            "gross_profit": -66720,
            "gross_margin": -21.72,
            "gross_margin_4q_avg": -14.72,
            "net_income": -54169,
            "net_income_4q": null,
            "revenue": 307173,
            "revenue_4q": null,
            "common_shares": 1139000,
            "book_valuer_per_share": 5.16,
            "book_valuer_per_share_4q_avg": 6.18,
            "equity": 621771,
            "current_ratio": 62.76,
            "debt_ratio": 71.05,
            "inventory_turnover_ratio": 0.76,
            "account_receivable_turnover_ratio": 3.76,
            "reinvestment_rate": null,
            "research_to_sale_ratio": 0.86,
            "price_fair": 0,
            "eps_avg_yearly": 0,
            "eps_latest_yearly": 0,
            "eps_growth_yearly": 0
        },
        "20232": {
            "year_quarter": 20232,
            "year": 2023,
            "quarter": 2,
            "eps": -0.93,
            "eps_growth_year": null,
            "eps_4q": -5.88,
            "eps_4q_growth_year": null,
            "roe": -18.95,
            "roe_4q": -60.11,
            "gross_profit": -50835,
            "gross_margin": -19.01,
            "gross_margin_4q_avg": -20.03,
            "net_income": -108430,
            "net_income_4q": null,
            "revenue": 267372,
            "revenue_4q": null,
            "common_shares": 632952,
            "book_valuer_per_share": 7.78,
            "book_valuer_per_share_4q_avg": 6.31,
            "equity": 522720,
            "current_ratio": 60.71,
            "debt_ratio": 74.84,
            "inventory_turnover_ratio": 0.75,
            "account_receivable_turnover_ratio": 3.58,
            "reinvestment_rate": null,
            "research_to_sale_ratio": 0.56,
            "price_fair": 0,
            "eps_avg_yearly": 0,
            "eps_latest_yearly": 0,
            "eps_growth_yearly": 0
        },
        "20233": {
            "year_quarter": 20233,
            "year": 2023,
            "quarter": 3,
            "eps": -1.21,
            "eps_growth_year": null,
            "eps_4q": -5.6,
            "eps_4q_growth_year": null,
            "roe": -17.53,
            "roe_4q": -64.18,
            "gross_profit": -34056,
            "gross_margin": -11.29,
            "gross_margin_4q_avg": -19.68,
            "net_income": -84408,
            "net_income_4q": null,
            "revenue": 301638,
            "revenue_4q": null,
            "common_shares": 632952,
            "book_valuer_per_share": 6.59,
            "book_valuer_per_share_4q_avg": 6.25,
            "equity": 440099,
            "current_ratio": 52.49,
            "debt_ratio": 77.19,
            "inventory_turnover_ratio": 0.86,
            "account_receivable_turnover_ratio": 4.53,
            "reinvestment_rate": null,
            "research_to_sale_ratio": 0.51,
            "price_fair": 0,
            "eps_avg_yearly": 0,
            "eps_latest_yearly": 0,
            "eps_growth_yearly": 0
        }
    },
    "months": {
        "2001-06": {
            "month": "2001-06",
            "price": "3.43",
            "revenue": 144470
        },
        "2001-07": {
            "month": "2001-07",
            "price": "3.23",
            "revenue": 136900
        },
        "2001-08": {
            "month": "2001-08",
            "price": "3.23",
            "revenue": 161892
        },
        "2001-09": {
            "month": "2001-09",
            "price": "2.95",
            "revenue": 196435
        },
        "2001-10": {
            "month": "2001-10",
            "price": "2.47",
            "revenue": 148304
        },
        "2001-11": {
            "month": "2001-11",
            "price": "2.30",
            "revenue": 166857
        },
        "2001-12": {
            "month": "2001-12",
            "price": "2.29",
            "revenue": 163790
        },
        "2002-01": {
            "month": "2002-01",
            "price": "2.53",
            "revenue": 144888
        },
        "2002-02": {
            "month": "2002-02",
            "price": "3.24",
            "revenue": 90826
        },
        "2002-03": {
            "month": "2002-03",
            "price": "4.01",
            "revenue": 176261
        },
        "2002-04": {
            "month": "2002-04",
            "price": "4.33",
            "revenue": 149366
        },
        "2002-05": {
            "month": "2002-05",
            "price": "3.33",
            "revenue": 163103
        },
        "2002-06": {
            "month": "2002-06",
            "price": "3.23",
            "revenue": 125975
        },
        "2002-07": {
            "month": "2002-07",
            "price": "2.99",
            "revenue": 137599
        },
        "2002-08": {
            "month": "2002-08",
            "price": "2.50",
            "revenue": 110390
        },
        "2002-09": {
            "month": "2002-09",
            "price": "1.82",
            "revenue": 123603
        },
        "2002-10": {
            "month": "2002-10",
            "price": "1.78",
            "revenue": 154081
        },
        "2002-11": {
            "month": "2002-11",
            "price": "2.20",
            "revenue": 134594
        },
        "2002-12": {
            "month": "2002-12",
            "price": "2.36",
            "revenue": 125094
        },
        "2003-01": {
            "month": "2003-01",
            "price": "3.06",
            "revenue": 101594
        },
        "2003-02": {
            "month": "2003-02",
            "price": "2.79",
            "revenue": 89923
        },
        "2003-03": {
            "month": "2003-03",
            "price": "2.42",
            "revenue": 114987
        },
        "2003-04": {
            "month": "2003-04",
            "price": "2.36",
            "revenue": 100475
        },
        "2003-05": {
            "month": "2003-05",
            "price": "1.86",
            "revenue": 112837
        },
        "2003-06": {
            "month": "2003-06",
            "price": "2.45",
            "revenue": 112673
        },
        "2003-07": {
            "month": "2003-07",
            "price": "2.58",
            "revenue": 121071
        },
        "2003-08": {
            "month": "2003-08",
            "price": "2.76",
            "revenue": 114325
        },
        "2003-09": {
            "month": "2003-09",
            "price": "2.33",
            "revenue": 130289
        },
        "2003-10": {
            "month": "2003-10",
            "price": "2.45",
            "revenue": 141609
        },
        "2003-11": {
            "month": "2003-11",
            "price": "3.03",
            "revenue": 134896
        },
        "2003-12": {
            "month": "2003-12",
            "price": "2.94",
            "revenue": 151663
        },
        "2004-01": {
            "month": "2004-01",
            "price": "3.30",
            "revenue": 107315
        },
        "2004-02": {
            "month": "2004-02",
            "price": "4.96",
            "revenue": 130277
        },
        "2004-03": {
            "month": "2004-03",
            "price": "7.61",
            "revenue": 132450
        },
        "2004-04": {
            "month": "2004-04",
            "price": "6.92",
            "revenue": 119493
        },
        "2004-05": {
            "month": "2004-05",
            "price": "5.80",
            "revenue": 134180
        },
        "2004-06": {
            "month": "2004-06",
            "price": "4.51",
            "revenue": 126175
        },
        "2004-07": {
            "month": "2004-07",
            "price": "3.67",
            "revenue": 115468
        },
        "2004-08": {
            "month": "2004-08",
            "price": "3.81",
            "revenue": 142122
        },
        "2004-09": {
            "month": "2004-09",
            "price": "3.64",
            "revenue": 122704
        },
        "2004-10": {
            "month": "2004-10",
            "price": "3.55",
            "revenue": 131181
        },
        "2004-11": {
            "month": "2004-11",
            "price": "3.35",
            "revenue": 162134
        },
        "2004-12": {
            "month": "2004-12",
            "price": "3.41",
            "revenue": 137865
        },
        "2005-01": {
            "month": "2005-01",
            "price": "3.64",
            "revenue": 114255
        },
        "2005-02": {
            "month": "2005-02",
            "price": "3.29",
            "revenue": 83763
        },
        "2005-03": {
            "month": "2005-03",
            "price": "3.13",
            "revenue": 123886
        },
        "2005-04": {
            "month": "2005-04",
            "price": "2.68",
            "revenue": 101119
        },
        "2005-05": {
            "month": "2005-05",
            "price": "2.73",
            "revenue": 100752
        },
        "2005-06": {
            "month": "2005-06",
            "price": "3.03",
            "revenue": 96430
        },
        "2005-07": {
            "month": "2005-07",
            "price": "2.84",
            "revenue": 103121
        },
        "2005-08": {
            "month": "2005-08",
            "price": "2.57",
            "revenue": 113835
        },
        "2005-09": {
            "month": "2005-09",
            "price": "2.27",
            "revenue": 104414
        },
        "2005-10": {
            "month": "2005-10",
            "price": "2.05",
            "revenue": 122795
        },
        "2005-11": {
            "month": "2005-11",
            "price": "2.18",
            "revenue": 125070
        },
        "2005-12": {
            "month": "2005-12",
            "price": "2.22",
            "revenue": 110315
        },
        "2006-01": {
            "month": "2006-01",
            "price": "2.14",
            "revenue": 74730
        },
        "2006-02": {
            "month": "2006-02",
            "price": "2.11",
            "revenue": 118101
        },
        "2006-03": {
            "month": "2006-03",
            "price": "1.93",
            "revenue": 180208
        },
        "2006-04": {
            "month": "2006-04",
            "price": "1.99",
            "revenue": 146490
        },
        "2006-05": {
            "month": "2006-05",
            "price": "3.08",
            "revenue": 149475
        },
        "2006-06": {
            "month": "2006-06",
            "price": "2.90",
            "revenue": 138891
        },
        "2006-07": {
            "month": "2006-07",
            "price": "3.05",
            "revenue": 138726
        },
        "2006-08": {
            "month": "2006-08",
            "price": "2.78",
            "revenue": 160383
        },
        "2006-09": {
            "month": "2006-09",
            "price": "2.51",
            "revenue": 147638
        },
        "2006-10": {
            "month": "2006-10",
            "price": "3.01",
            "revenue": 150353
        },
        "2006-11": {
            "month": "2006-11",
            "price": "4.37",
            "revenue": 166614
        },
        "2006-12": {
            "month": "2006-12",
            "price": "7.52",
            "revenue": 160292
        },
        "2007-01": {
            "month": "2007-01",
            "price": "6.30",
            "revenue": 172562
        },
        "2007-02": {
            "month": "2007-02",
            "price": "6.09",
            "revenue": 125607
        },
        "2007-03": {
            "month": "2007-03",
            "price": "6.86",
            "revenue": 192806
        },
        "2007-04": {
            "month": "2007-04",
            "price": "7.76",
            "revenue": 188381
        },
        "2007-05": {
            "month": "2007-05",
            "price": "7.16",
            "revenue": 165750
        },
        "2007-06": {
            "month": "2007-06",
            "price": "6.98",
            "revenue": 145801
        },
        "2007-07": {
            "month": "2007-07",
            "price": "9.02",
            "revenue": 146303
        },
        "2007-08": {
            "month": "2007-08",
            "price": "7.19",
            "revenue": 167349
        },
        "2007-09": {
            "month": "2007-09",
            "price": "6.84",
            "revenue": 153605
        },
        "2007-10": {
            "month": "2007-10",
            "price": "6.92",
            "revenue": 173412
        },
        "2007-11": {
            "month": "2007-11",
            "price": "5.70",
            "revenue": 153887
        },
        "2007-12": {
            "month": "2007-12",
            "price": "4.87",
            "revenue": 138097
        },
        "2008-01": {
            "month": "2008-01",
            "price": "4.76",
            "revenue": 169969
        },
        "2008-02": {
            "month": "2008-02",
            "price": "5.23",
            "revenue": 176103
        },
        "2008-03": {
            "month": "2008-03",
            "price": "6.41",
            "revenue": 191837
        },
        "2008-04": {
            "month": "2008-04",
            "price": "6.75",
            "revenue": 186606
        },
        "2008-05": {
            "month": "2008-05",
            "price": "6.94",
            "revenue": 170161
        },
        "2008-06": {
            "month": "2008-06",
            "price": "5.85",
            "revenue": 142836
        },
        "2008-07": {
            "month": "2008-07",
            "price": "4.71",
            "revenue": 134952
        },
        "2008-08": {
            "month": "2008-08",
            "price": "4.55",
            "revenue": 151512
        },
        "2008-09": {
            "month": "2008-09",
            "price": "3.91",
            "revenue": 164583
        },
        "2008-10": {
            "month": "2008-10",
            "price": "3.34",
            "revenue": 157755
        },
        "2008-11": {
            "month": "2008-11",
            "price": "2.91",
            "revenue": 123137
        },
        "2008-12": {
            "month": "2008-12",
            "price": "3.01",
            "revenue": 127463
        },
        "2009-01": {
            "month": "2009-01",
            "price": "2.98",
            "revenue": 104345
        },
        "2009-02": {
            "month": "2009-02",
            "price": "2.84",
            "revenue": 137845
        },
        "2009-03": {
            "month": "2009-03",
            "price": "2.97",
            "revenue": 157106
        },
        "2009-04": {
            "month": "2009-04",
            "price": "6.14",
            "revenue": 140486
        },
        "2009-05": {
            "month": "2009-05",
            "price": "8.14",
            "revenue": 92815
        },
        "2009-06": {
            "month": "2009-06",
            "price": "7.07",
            "revenue": 98380
        },
        "2009-07": {
            "month": "2009-07",
            "price": "6.22",
            "revenue": 102142
        },
        "2009-08": {
            "month": "2009-08",
            "price": "5.24",
            "revenue": 88419
        },
        "2009-09": {
            "month": "2009-09",
            "price": "7.41",
            "revenue": 97990
        },
        "2009-10": {
            "month": "2009-10",
            "price": "7.91",
            "revenue": 101644
        },
        "2009-11": {
            "month": "2009-11",
            "price": "7.40",
            "revenue": 106527
        },
        "2009-12": {
            "month": "2009-12",
            "price": "8.80",
            "revenue": 107881
        },
        "2010-01": {
            "month": "2010-01",
            "price": "9.03",
            "revenue": 120958
        },
        "2010-02": {
            "month": "2010-02",
            "price": "8.00",
            "revenue": 91834
        },
        "2010-03": {
            "month": "2010-03",
            "price": "7.99",
            "revenue": 136204
        },
        "2010-04": {
            "month": "2010-04",
            "price": "8.13",
            "revenue": 133798
        },
        "2010-05": {
            "month": "2010-05",
            "price": "6.68",
            "revenue": 142869
        },
        "2010-06": {
            "month": "2010-06",
            "price": "6.64",
            "revenue": 144791
        },
        "2010-07": {
            "month": "2010-07",
            "price": "7.22",
            "revenue": 146258
        },
        "2010-08": {
            "month": "2010-08",
            "price": "7.78",
            "revenue": 132791
        },
        "2010-09": {
            "month": "2010-09",
            "price": "7.36",
            "revenue": 123754
        },
        "2010-10": {
            "month": "2010-10",
            "price": "9.12",
            "revenue": 133741
        },
        "2010-11": {
            "month": "2010-11",
            "price": "9.15",
            "revenue": 142544
        },
        "2010-12": {
            "month": "2010-12",
            "price": "9.12",
            "revenue": 142756
        },
        "2011-01": {
            "month": "2011-01",
            "price": "9.18",
            "revenue": 183979
        },
        "2011-02": {
            "month": "2011-02",
            "price": "9.15",
            "revenue": 138713
        },
        "2011-03": {
            "month": "2011-03",
            "price": "8.91",
            "revenue": 203567
        },
        "2011-04": {
            "month": "2011-04",
            "price": "9.38",
            "revenue": 200488
        },
        "2011-05": {
            "month": "2011-05",
            "price": "18.87",
            "revenue": 121885
        },
        "2011-06": {
            "month": "2011-06",
            "price": "19.42",
            "revenue": 122575
        },
        "2011-07": {
            "month": "2011-07",
            "price": "18.15",
            "revenue": 140851
        },
        "2011-08": {
            "month": "2011-08",
            "price": "18.43",
            "revenue": 149125
        },
        "2011-09": {
            "month": "2011-09",
            "price": "16.80",
            "revenue": 122319
        },
        "2011-10": {
            "month": "2011-10",
            "price": "13.85",
            "revenue": 129917
        },
        "2011-11": {
            "month": "2011-11",
            "price": "11.36",
            "revenue": 129831
        },
        "2011-12": {
            "month": "2011-12",
            "price": "9.93",
            "revenue": 134007
        },
        "2012-01": {
            "month": "2012-01",
            "price": "10.48",
            "revenue": 109219
        },
        "2012-02": {
            "month": "2012-02",
            "price": "11.98",
            "revenue": 137714
        },
        "2012-03": {
            "month": "2012-03",
            "price": "12.20",
            "revenue": 143682
        },
        "2012-04": {
            "month": "2012-04",
            "price": "10.76",
            "revenue": 127770
        },
        "2012-05": {
            "month": "2012-05",
            "price": "10.30",
            "revenue": 115405
        },
        "2012-06": {
            "month": "2012-06",
            "price": "10.07",
            "revenue": 112967
        },
        "2012-07": {
            "month": "2012-07",
            "price": "8.68",
            "revenue": 127104
        },
        "2012-08": {
            "month": "2012-08",
            "price": "8.39",
            "revenue": 120419
        },
        "2012-09": {
            "month": "2012-09",
            "price": "10.08",
            "revenue": 104351
        },
        "2012-10": {
            "month": "2012-10",
            "price": "10.08",
            "revenue": 130494
        },
        "2012-11": {
            "month": "2012-11",
            "price": "9.09",
            "revenue": 122991
        },
        "2012-12": {
            "month": "2012-12",
            "price": "9.41",
            "revenue": 120433
        },
        "2013-01": {
            "month": "2013-01",
            "price": "9.76",
            "revenue": 127963
        },
        "2013-02": {
            "month": "2013-02",
            "price": "9.30",
            "revenue": 83374
        },
        "2013-03": {
            "month": "2013-03",
            "price": "9.09",
            "revenue": 114494
        },
        "2013-04": {
            "month": "2013-04",
            "price": "8.80",
            "revenue": 113427
        },
        "2013-05": {
            "month": "2013-05",
            "price": "9.89",
            "revenue": 116431
        },
        "2013-06": {
            "month": "2013-06",
            "price": "9.86",
            "revenue": 93468
        },
        "2013-07": {
            "month": "2013-07",
            "price": "9.44",
            "revenue": 98762
        },
        "2013-08": {
            "month": "2013-08",
            "price": "9.24",
            "revenue": 121638
        },
        "2013-09": {
            "month": "2013-09",
            "price": "9.28",
            "revenue": 115385
        },
        "2013-10": {
            "month": "2013-10",
            "price": "9.96",
            "revenue": 113863
        },
        "2013-11": {
            "month": "2013-11",
            "price": "9.87",
            "revenue": 99026
        },
        "2013-12": {
            "month": "2013-12",
            "price": "9.96",
            "revenue": 132656
        },
        "2014-01": {
            "month": "2014-01",
            "price": "10.02",
            "revenue": 103927
        },
        "2014-02": {
            "month": "2014-02",
            "price": "9.95",
            "revenue": 96172
        },
        "2014-03": {
            "month": "2014-03",
            "price": "9.80",
            "revenue": 131894
        },
        "2014-04": {
            "month": "2014-04",
            "price": "10.04",
            "revenue": 112829
        },
        "2014-05": {
            "month": "2014-05",
            "price": "9.57",
            "revenue": 99946
        },
        "2014-06": {
            "month": "2014-06",
            "price": "9.49",
            "revenue": 102717
        },
        "2014-07": {
            "month": "2014-07",
            "price": "9.64",
            "revenue": 145510
        },
        "2014-08": {
            "month": "2014-08",
            "price": "9.42",
            "revenue": 161919
        },
        "2014-09": {
            "month": "2014-09",
            "price": "9.29",
            "revenue": 171910
        },
        "2014-10": {
            "month": "2014-10",
            "price": "9.18",
            "revenue": 184409
        },
        "2014-11": {
            "month": "2014-11",
            "price": "9.22",
            "revenue": 162333
        },
        "2014-12": {
            "month": "2014-12",
            "price": "9.31",
            "revenue": 191782
        },
        "2015-01": {
            "month": "2015-01",
            "price": "9.30",
            "revenue": 174696
        },
        "2015-02": {
            "month": "2015-02",
            "price": "9.36",
            "revenue": 110323
        },
        "2015-03": {
            "month": "2015-03",
            "price": "9.77",
            "revenue": 203435
        },
        "2015-04": {
            "month": "2015-04",
            "price": "9.47",
            "revenue": 164013
        },
        "2015-05": {
            "month": "2015-05",
            "price": "9.43",
            "revenue": 150924
        },
        "2015-06": {
            "month": "2015-06",
            "price": "9.08",
            "revenue": 148609
        },
        "2015-07": {
            "month": "2015-07",
            "price": "8.32",
            "revenue": 136878
        },
        "2015-08": {
            "month": "2015-08",
            "price": "7.72",
            "revenue": 151094
        },
        "2015-09": {
            "month": "2015-09",
            "price": "7.22",
            "revenue": 171895
        },
        "2015-10": {
            "month": "2015-10",
            "price": "7.56",
            "revenue": 156248
        },
        "2015-11": {
            "month": "2015-11",
            "price": "7.40",
            "revenue": 133207
        },
        "2015-12": {
            "month": "2015-12",
            "price": "6.88",
            "revenue": 128264
        },
        "2016-01": {
            "month": "2016-01",
            "price": "6.73",
            "revenue": 136305
        },
        "2016-02": {
            "month": "2016-02",
            "price": "6.88",
            "revenue": 106822
        },
        "2016-03": {
            "month": "2016-03",
            "price": "7.21",
            "revenue": 181394
        },
        "2016-04": {
            "month": "2016-04",
            "price": "7.11",
            "revenue": 158692
        },
        "2016-05": {
            "month": "2016-05",
            "price": "6.79",
            "revenue": 140899
        },
        "2016-06": {
            "month": "2016-06",
            "price": "7.68",
            "revenue": 111012
        },
        "2016-07": {
            "month": "2016-07",
            "price": "7.96",
            "revenue": 121720
        },
        "2016-08": {
            "month": "2016-08",
            "price": "7.55",
            "revenue": 131161
        },
        "2016-09": {
            "month": "2016-09",
            "price": "7.37",
            "revenue": 124549
        },
        "2016-10": {
            "month": "2016-10",
            "price": "7.26",
            "revenue": 120637
        },
        "2016-11": {
            "month": "2016-11",
            "price": "6.59",
            "revenue": 117667
        },
        "2016-12": {
            "month": "2016-12",
            "price": "6.25",
            "revenue": 142562
        },
        "2017-01": {
            "month": "2017-01",
            "price": "6.35",
            "revenue": 99431
        },
        "2017-02": {
            "month": "2017-02",
            "price": "7.26",
            "revenue": 132780
        },
        "2017-03": {
            "month": "2017-03",
            "price": "7.18",
            "revenue": 160119
        },
        "2017-04": {
            "month": "2017-04",
            "price": "7.69",
            "revenue": 157925
        },
        "2017-05": {
            "month": "2017-05",
            "price": "8.33",
            "revenue": 152830
        },
        "2017-06": {
            "month": "2017-06",
            "price": "7.98",
            "revenue": 122794
        },
        "2017-07": {
            "month": "2017-07",
            "price": "7.82",
            "revenue": 117344
        },
        "2017-08": {
            "month": "2017-08",
            "price": "7.58",
            "revenue": 140057
        },
        "2017-09": {
            "month": "2017-09",
            "price": "7.45",
            "revenue": 143939
        },
        "2017-10": {
            "month": "2017-10",
            "price": "7.42",
            "revenue": 130174
        },
        "2017-11": {
            "month": "2017-11",
            "price": "7.19",
            "revenue": 153447
        },
        "2017-12": {
            "month": "2017-12",
            "price": "6.86",
            "revenue": 109743
        },
        "2018-01": {
            "month": "2018-01",
            "price": "7.77",
            "revenue": 159369
        },
        "2018-02": {
            "month": "2018-02",
            "price": "7.35",
            "revenue": 106841
        },
        "2018-03": {
            "month": "2018-03",
            "price": "12.92",
            "revenue": 160467
        },
        "2018-04": {
            "month": "2018-04",
            "price": "14.17",
            "revenue": 145656
        },
        "2018-05": {
            "month": "2018-05",
            "price": "14.67",
            "revenue": 158496
        },
        "2018-06": {
            "month": "2018-06",
            "price": "15.19",
            "revenue": 138289
        },
        "2018-07": {
            "month": "2018-07",
            "price": "15.88",
            "revenue": 91175
        },
        "2018-08": {
            "month": "2018-08",
            "price": "14.34",
            "revenue": 134285
        },
        "2018-09": {
            "month": "2018-09",
            "price": "13.20",
            "revenue": 114677
        },
        "2018-10": {
            "month": "2018-10",
            "price": "12.35",
            "revenue": 129378
        },
        "2018-11": {
            "month": "2018-11",
            "price": "12.31",
            "revenue": 143919
        },
        "2018-12": {
            "month": "2018-12",
            "price": "13.07",
            "revenue": 141562
        },
        "2019-01": {
            "month": "2019-01",
            "price": "13.45",
            "revenue": 138322
        },
        "2019-02": {
            "month": "2019-02",
            "price": "13.78",
            "revenue": 67331
        },
        "2019-03": {
            "month": "2019-03",
            "price": "14.16",
            "revenue": 146414
        },
        "2019-04": {
            "month": "2019-04",
            "price": "13.68",
            "revenue": 131661
        },
        "2019-05": {
            "month": "2019-05",
            "price": "15.25",
            "revenue": 128569
        },
        "2019-06": {
            "month": "2019-06",
            "price": "14.62",
            "revenue": 97221
        },
        "2019-07": {
            "month": "2019-07",
            "price": "14.29",
            "revenue": 137235
        },
        "2019-08": {
            "month": "2019-08",
            "price": "13.76",
            "revenue": 120391
        },
        "2019-09": {
            "month": "2019-09",
            "price": "9.43",
            "revenue": 105088
        },
        "2019-10": {
            "month": "2019-10",
            "price": "9.02",
            "revenue": 123806
        },
        "2019-11": {
            "month": "2019-11",
            "price": "8.32",
            "revenue": 97859
        },
        "2019-12": {
            "month": "2019-12",
            "price": "8.41",
            "revenue": 125551
        },
        "2020-01": {
            "month": "2020-01",
            "price": "8.78",
            "revenue": 142499
        },
        "2020-02": {
            "month": "2020-02",
            "price": "9.01",
            "revenue": 163779
        },
        "2020-03": {
            "month": "2020-03",
            "price": "7.03",
            "revenue": 172867
        },
        "2020-04": {
            "month": "2020-04",
            "price": "6.86",
            "revenue": 97050
        },
        "2020-05": {
            "month": "2020-05",
            "price": "7.10",
            "revenue": 112609
        },
        "2020-06": {
            "month": "2020-06",
            "price": "7.49",
            "revenue": 86933
        },
        "2020-07": {
            "month": "2020-07",
            "price": "7.42",
            "revenue": 125484
        },
        "2020-08": {
            "month": "2020-08",
            "price": "7.25",
            "revenue": 178603
        },
        "2020-09": {
            "month": "2020-09",
            "price": "8.14",
            "revenue": 91952
        },
        "2020-10": {
            "month": "2020-10",
            "price": "8.17",
            "revenue": 161229
        },
        "2020-11": {
            "month": "2020-11",
            "price": "8.14",
            "revenue": 131969
        },
        "2020-12": {
            "month": "2020-12",
            "price": "8.36",
            "revenue": 109749
        },
        "2021-01": {
            "month": "2021-01",
            "price": "7.90",
            "revenue": 152172
        },
        "2021-02": {
            "month": "2021-02",
            "price": "7.56",
            "revenue": 76911
        },
        "2021-03": {
            "month": "2021-03",
            "price": "7.91",
            "revenue": 119169
        },
        "2021-04": {
            "month": "2021-04",
            "price": "9.33",
            "revenue": 136933
        },
        "2021-05": {
            "month": "2021-05",
            "price": "12.66",
            "revenue": 147229
        },
        "2021-06": {
            "month": "2021-06",
            "price": "11.53",
            "revenue": 119309
        },
        "2021-07": {
            "month": "2021-07",
            "price": "11.22",
            "revenue": 136255
        },
        "2021-08": {
            "month": "2021-08",
            "price": "9.89",
            "revenue": 113796
        },
        "2021-09": {
            "month": "2021-09",
            "price": "9.37",
            "revenue": 109629
        },
        "2021-10": {
            "month": "2021-10",
            "price": "9.47",
            "revenue": 162042
        },
        "2021-11": {
            "month": "2021-11",
            "price": "9.38",
            "revenue": 130873
        },
        "2021-12": {
            "month": "2021-12",
            "price": "9.35",
            "revenue": 142124
        },
        "2022-01": {
            "month": "2022-01",
            "price": "9.26",
            "revenue": 135504
        },
        "2022-02": {
            "month": "2022-02",
            "price": "9.02",
            "revenue": 96209
        },
        "2022-03": {
            "month": "2022-03",
            "price": "8.56",
            "revenue": 181288
        },
        "2022-04": {
            "month": "2022-04",
            "price": "8.52",
            "revenue": 139385
        },
        "2022-05": {
            "month": "2022-05",
            "price": "8.32",
            "revenue": 142337
        },
        "2022-06": {
            "month": "2022-06",
            "price": "8.28",
            "revenue": 154545
        },
        "2022-07": {
            "month": "2022-07",
            "price": "7.98",
            "revenue": 141393
        },
        "2022-08": {
            "month": "2022-08",
            "price": "8.22",
            "revenue": 108145
        },
        "2022-09": {
            "month": "2022-09",
            "price": "8.10",
            "revenue": 130954
        },
        "2022-10": {
            "month": "2022-10",
            "price": "7.88",
            "revenue": 116047
        },
        "2022-11": {
            "month": "2022-11",
            "price": "7.98",
            "revenue": 104499
        },
        "2022-12": {
            "month": "2022-12",
            "price": "7.93",
            "revenue": 137761
        },
        "2023-01": {
            "month": "2023-01",
            "price": "7.97",
            "revenue": 89197
        },
        "2023-02": {
            "month": "2023-02",
            "price": "8.03",
            "revenue": 106813
        },
        "2023-03": {
            "month": "2023-03",
            "price": "8.13",
            "revenue": 109949
        },
        "2023-04": {
            "month": "2023-04",
            "price": "8.09",
            "revenue": 95357
        },
        "2023-05": {
            "month": "2023-05",
            "price": "8.20",
            "revenue": 86399
        },
        "2023-06": {
            "month": "2023-06",
            "price": "8.14",
            "revenue": 86636
        },
        "2023-07": {
            "month": "2023-07",
            "price": "8.06",
            "revenue": 119829
        },
        "2023-08": {
            "month": "2023-08",
            "price": "8.70",
            "revenue": 105790
        },
        "2023-09": {
            "month": "2023-09",
            "price": "13.14",
            "revenue": 74396
        },
        "2023-10": {
            "month": "2023-10",
            "price": "13.33",
            "revenue": 133170
        },
        "2023-11": {
            "month": "2023-11",
            "price": "13.22",
            "revenue": 76290
        },
        "2023-12": {
            "month": "2023-12",
            "price": "13.94",
            "revenue": 74979
        }
    }
}
