{
    "summary": {
        "stock_name": "名軒",
        "stock_id": "1442",
        "category": "建材營造",
        "main_business": "營建",
        "website_url": "http://www.advancetek.com.tw",
        "ceo": "吳勝利",
        "pe_ratio": 15,
        "report_year_from": 2001,
        "report_year_to": 2023,
        "age": 22,
        "eps_negative_percentage": 17,
        "eps_growth_avg": {
            "last_all": 17.01,
            "last_2y": 32.28,
            "last_4y": -0.21,
            "last_8y": -6.79,
            "last_12y": 4.05,
            "last_16y": 17.01,
            "last_20y": 17.01,
            "at_2006_last_3y": 100,
            "at_2007_last_3y": 71.53,
            "at_2008_last_3y": 81.02,
            "at_2009_last_3y": 59.13,
            "at_2010_last_3y": 37.51,
            "at_2011_last_3y": 41.87,
            "at_2012_last_3y": 1.81,
            "at_2013_last_3y": 28.45,
            "at_2014_last_3y": 7.82,
            "at_2015_last_3y": -0.28,
            "at_2016_last_3y": 10.7,
            "at_2017_last_3y": -15.02,
            "at_2018_last_3y": -17.88,
            "at_2019_last_3y": -29.27,
            "at_2020_last_3y": -32.01,
            "at_2021_last_3y": -6.29,
            "at_2022_last_3y": 19.84,
            "at_2023_last_3y": 19.84,
            "at_2006_last_all": 100,
            "at_2007_last_all": 71.53,
            "at_2008_last_all": 81.02,
            "at_2009_last_all": 59.13,
            "at_2010_last_all": 50.01,
            "at_2011_last_all": 51.76,
            "at_2012_last_all": 35.76,
            "at_2013_last_all": 43.79,
            "at_2014_last_all": 31.26,
            "at_2015_last_all": 30.94,
            "at_2016_last_all": 26.64,
            "at_2017_last_all": 24.19,
            "at_2018_last_all": 16.14,
            "at_2019_last_all": 13.74,
            "at_2020_last_all": 11,
            "at_2021_last_all": 16.57,
            "at_2022_last_all": 17.01,
            "at_2023_last_all": 17.01
        },
        "latest_eps": 2.17,
        "latest_price": 31.9,
        "latest_roe": 13.2,
        "latest_gross_margin": 47.74,
        "latest_equity": 6198364,
        "latest_revenue": 466339,
        "latest_gross_profit": 222623,
        "latest_net_income": 151687,
        "latest_debt_ratio": 62.1,
        "latest_current_ratio": 919.65,
        "latest_account_receivable_turnover_ratio": 0.9,
        "latest_inventory_turnover_ratio": 0.02,
        "latest_reinvestment_rate": 0,
        "latest_research_to_sale_ratio": null
    },
    "eps_dividends": {
        "1990": {
            "cash": 0,
            "stock": 0.79,
            "eps": 0
        },
        "1991": {
            "cash": 0,
            "stock": 2,
            "eps": 0
        },
        "1998": {
            "cash": 0,
            "stock": 5.3,
            "eps": 0
        },
        "2001": {
            "cash": 0,
            "stock": 0,
            "eps": -1.45
        },
        "2002": {
            "cash": 0,
            "stock": 0,
            "eps": -2.85
        },
        "2003": {
            "cash": 0,
            "stock": 0,
            "eps": -1.06
        },
        "2004": {
            "cash": 0,
            "stock": 0,
            "eps": -0.01
        },
        "2005": {
            "cash": 0,
            "stock": 0,
            "eps": 0.01
        },
        "2006": {
            "cash": 0,
            "stock": 0,
            "eps": 0.72
        },
        "2007": {
            "cash": 0,
            "stock": 0,
            "eps": 1.03
        },
        "2008": {
            "cash": 0,
            "stock": 0,
            "eps": 2.29
        },
        "2009": {
            "cash": 1.2,
            "stock": 0,
            "eps": 2.14
        },
        "2010": {
            "cash": 1.5,
            "stock": 0,
            "eps": 2.43
        },
        "2011": {
            "cash": 4.3,
            "stock": 0.2,
            "eps": 3.9
        },
        "2012": {
            "cash": 0,
            "stock": 0,
            "eps": 1.55
        },
        "2013": {
            "cash": 1.2,
            "stock": 0,
            "eps": 6.31
        },
        "2014": {
            "cash": 4,
            "stock": 0,
            "eps": 1.96
        },
        "2015": {
            "cash": 2,
            "stock": 0,
            "eps": 2.51
        },
        "2016": {
            "cash": 1,
            "stock": 1,
            "eps": 2.1
        },
        "2017": {
            "cash": 1,
            "stock": 1,
            "eps": 2.04
        },
        "2018": {
            "cash": 1.8,
            "stock": 0,
            "eps": 0.4
        },
        "2019": {
            "cash": 1,
            "stock": 0,
            "eps": 0.33
        },
        "2020": {
            "cash": 1,
            "stock": 0,
            "eps": 0.24
        },
        "2021": {
            "cash": 0.5,
            "stock": 0,
            "eps": 1.41
        },
        "2022": {
            "cash": 1.2,
            "stock": 0,
            "eps": 1.75
        },
        "2023": {
            "cash": 1.6,
            "stock": 0,
            "eps": 0.41
        }
    },
    "dividends": {
        "1990-05-19": {
            "cash": 0,
            "stock": 0.79
        },
        "1991-06-25": {
            "cash": 0,
            "stock": 2
        },
        "1998-04-14": {
            "cash": 0,
            "stock": 5.3
        },
        "2009-04-17": {
            "cash": 1.2,
            "stock": 0
        },
        "2010-04-28": {
            "cash": 1.5,
            "stock": 0
        },
        "2011-01-01": {
            "cash": 2.5,
            "stock": 0
        },
        "2011-04-26": {
            "cash": 1.8,
            "stock": 0.2
        },
        "2013-05-14": {
            "cash": 1.2,
            "stock": 0
        },
        "2014-08-29": {
            "cash": 4,
            "stock": 0
        },
        "2015-09-11": {
            "cash": 2,
            "stock": 0
        },
        "2016-09-30": {
            "cash": 1,
            "stock": 1
        },
        "2017-09-30": {
            "cash": 1,
            "stock": 1
        },
        "2018-09-10": {
            "cash": 1.8,
            "stock": 0
        },
        "2019-09-05": {
            "cash": 1,
            "stock": 0
        },
        "2020-08-31": {
            "cash": 1,
            "stock": 0
        },
        "2021-10-08": {
            "cash": 0.5,
            "stock": 0
        },
        "2022-08-30": {
            "cash": 1.2,
            "stock": 0
        },
        "2023-08-04": {
            "cash": 1.6,
            "stock": 0
        }
    },
    "prices": {
        "200101": "1.28",
        "200102": "2.03",
        "200103": "1.81",
        "200104": "1.44",
        "200105": "1.26",
        "200106": "1.15",
        "200107": "0.94",
        "200108": "1.10",
        "200109": "1.01",
        "200110": "0.87",
        "200111": "0.84",
        "200112": "無",
        "200201": "2.92",
        "200202": "3.63",
        "200203": "3.56",
        "200204": "3.89",
        "200205": "3.34",
        "200206": "3.89",
        "200207": "3.34",
        "200208": "2.64",
        "200209": "1.91",
        "200210": "1.90",
        "200211": "2.15",
        "200212": "2.29",
        "200301": "2.88",
        "200302": "2.62",
        "200303": "2.37",
        "200304": "2.33",
        "200305": "1.90",
        "200306": "3.84",
        "200307": "6.27",
        "200308": "7.77",
        "200309": "7.20",
        "200310": "5.73",
        "200311": "4.55",
        "200312": "4.29",
        "200401": "4.70",
        "200402": "6.20",
        "200403": "6.79",
        "200404": "7.18",
        "200405": "7.75",
        "200406": "7.67",
        "200407": "7.64",
        "200408": "7.29",
        "200409": "7.72",
        "200410": "12.07",
        "200411": "11.57",
        "200412": "11.53",
        "200501": "12.41",
        "200502": "11.71",
        "200503": "11.69",
        "200504": "11.36",
        "200505": "11.10",
        "200506": "11.12",
        "200507": "10.90",
        "200508": "10.44",
        "200509": "9.96",
        "200510": "8.85",
        "200511": "9.04",
        "200512": "9.98",
        "200601": "9.69",
        "200602": "9.09",
        "200603": "8.53",
        "200604": "9.09",
        "200605": "10.75",
        "200606": "10.40",
        "200607": "10.66",
        "200608": "11.18",
        "200609": "10.01",
        "200610": "10.45",
        "200611": "14.44",
        "200612": "16.62",
        "200701": "14.82",
        "200702": "16.02",
        "200703": "28.55",
        "200704": "28.07",
        "200705": "26.88",
        "200706": "26.92",
        "200707": "27.70",
        "200708": "23.11",
        "200709": "20.92",
        "200710": "25.40",
        "200711": "24.54",
        "200712": "22.88",
        "200801": "22.33",
        "200802": "22.04",
        "200803": "23.34",
        "200804": "25.48",
        "200805": "24.98",
        "200806": "25.83",
        "200807": "20.66",
        "200808": "17.69",
        "200809": "14.76",
        "200810": "11.83",
        "200811": "10.14",
        "200812": "9.72",
        "200901": "9.72",
        "200902": "9.30",
        "200903": "10.26",
        "200904": "13.97",
        "200905": "16.03",
        "200906": "16.09",
        "200907": "15.39",
        "200908": "15.46",
        "200909": "15.93",
        "200910": "15.30",
        "200911": "14.54",
        "200912": "15.49",
        "201001": "19.13",
        "201002": "18.75",
        "201003": "18.55",
        "201004": "20.03",
        "201005": "19.26",
        "201006": "18.85",
        "201007": "19.34",
        "201008": "20.86",
        "201009": "21.50",
        "201010": "22.57",
        "201011": "22.06",
        "201012": "23.35",
        "201101": "27.36",
        "201102": "26.83",
        "201103": "23.77",
        "201104": "23.49",
        "201105": "25.41",
        "201106": "26.47",
        "201107": "29.83",
        "201108": "27.43",
        "201109": "24.38",
        "201110": "23.80",
        "201111": "23.36",
        "201112": "22.66",
        "201201": "22.81",
        "201202": "25.44",
        "201203": "27.53",
        "201204": "27.58",
        "201205": "27.10",
        "201206": "26.10",
        "201207": "26.05",
        "201208": "27.76",
        "201209": "27.44",
        "201210": "24.72",
        "201211": "23.74",
        "201212": "24.35",
        "201301": "27.19",
        "201302": "29.82",
        "201303": "29.26",
        "201304": "29.44",
        "201305": "28.92",
        "201306": "31.85",
        "201307": "35.78",
        "201308": "37.29",
        "201309": "35.00",
        "201310": "34.83",
        "201311": "36.32",
        "201312": "37.55",
        "201401": "36.25",
        "201402": "36.44",
        "201403": "35.32",
        "201404": "34.31",
        "201405": "35.25",
        "201406": "34.22",
        "201407": "33.87",
        "201408": "29.34",
        "201409": "28.95",
        "201410": "25.85",
        "201411": "23.30",
        "201412": "23.95",
        "201501": "23.60",
        "201502": "24.03",
        "201503": "24.51",
        "201504": "24.69",
        "201505": "25.10",
        "201506": "24.00",
        "201507": "22.28",
        "201508": "19.25",
        "201509": "17.09",
        "201510": "18.11",
        "201511": "18.32",
        "201512": "17.30",
        "201601": "16.77",
        "201602": "16.89",
        "201603": "18.52",
        "201604": "19.83",
        "201605": "19.46",
        "201606": "20.11",
        "201607": "20.81",
        "201608": "21.25",
        "201609": "19.68",
        "201610": "18.74",
        "201611": "17.59",
        "201612": "17.82",
        "201701": "17.68",
        "201702": "18.16",
        "201703": "19.12",
        "201704": "20.06",
        "201705": "20.80",
        "201706": "21.99",
        "201707": "21.53",
        "201708": "21.17",
        "201709": "19.43",
        "201710": "18.74",
        "201711": "18.19",
        "201712": "18.45",
        "201801": "18.83",
        "201802": "18.40",
        "201803": "18.89",
        "201804": "19.87",
        "201805": "19.56",
        "201806": "19.79",
        "201807": "19.26",
        "201808": "18.28",
        "201809": "16.79",
        "201810": "16.05",
        "201811": "15.55",
        "201812": "15.60",
        "201901": "15.37",
        "201902": "15.57",
        "201903": "15.53",
        "201904": "15.62",
        "201905": "16.18",
        "201906": "16.57",
        "201907": "16.48",
        "201908": "15.95",
        "201909": "16.16",
        "201910": "16.51",
        "201911": "17.07",
        "201912": "18.85",
        "202001": "19.53",
        "202002": "18.36",
        "202003": "15.80",
        "202004": "15.85",
        "202005": "17.53",
        "202006": "17.78",
        "202007": "17.70",
        "202008": "17.20",
        "202009": "19.08",
        "202010": "19.96",
        "202011": "18.51",
        "202012": "17.82",
        "202101": "17.40",
        "202102": "17.50",
        "202103": "18.18",
        "202104": "18.05",
        "202105": "17.13",
        "202106": "17.90",
        "202107": "18.78",
        "202108": "18.94",
        "202109": "21.23",
        "202110": "25.58",
        "202111": "24.70",
        "202112": "22.92",
        "202201": "22.00",
        "202202": "22.33",
        "202203": "23.00",
        "202204": "22.93",
        "202205": "22.46",
        "202206": "22.43",
        "202207": "22.31",
        "202208": "23.53",
        "202209": "28.47",
        "202210": "28.72",
        "202211": "32.32",
        "202212": "36.35",
        "202301": "33.57",
        "202302": "31.98",
        "202303": "32.37",
        "202304": "33.06",
        "202305": "32.29",
        "202306": "32.12"
    },
    "quarters": {
        "20011": {
            "year_quarter": 20011,
            "year": 2001,
            "quarter": 1,
            "eps": -0.04,
            "eps_growth_year": null,
            "eps_4q": -2.79,
            "eps_4q_growth_year": null,
            "roe": -0.65,
            "roe_4q": -0.65,
            "gross_profit": 18722,
            "gross_margin": 13.87,
            "gross_margin_4q_avg": 13.87,
            "net_income": -8327,
            "revenue": 134975,
            "common_shares": 1991580,
            "book_valuer_per_share": 6.49,
            "book_valuer_per_share_4q_avg": 6.49,
            "equity": 1293106,
            "current_ratio": 152.12,
            "debt_ratio": 48.68,
            "inventory_turnover_ratio": 0.07,
            "account_receivable_turnover_ratio": null,
            "reinvestment_rate": null,
            "research_to_sale_ratio": null,
            "price_fair": 0,
            "eps_avg_yearly": 0,
            "eps_latest_yearly": 0,
            "eps_growth_yearly": 0
        },
        "20012": {
            "year_quarter": 20012,
            "year": 2001,
            "quarter": 2,
            "eps": -0.6,
            "eps_growth_year": null,
            "eps_4q": -1.2,
            "eps_4q_growth_year": null,
            "roe": -9.75,
            "roe_4q": -10.4,
            "gross_profit": 29466,
            "gross_margin": 18.89,
            "gross_margin_4q_avg": 16.38,
            "net_income": -120049,
            "revenue": 155958,
            "common_shares": 1991580,
            "book_valuer_per_share": 5.88,
            "book_valuer_per_share_4q_avg": 6.19,
            "equity": 1170096,
            "current_ratio": 158.52,
            "debt_ratio": 44.36,
            "inventory_turnover_ratio": 0.09,
            "account_receivable_turnover_ratio": null,
            "reinvestment_rate": null,
            "research_to_sale_ratio": null,
            "price_fair": 0,
            "eps_avg_yearly": 0,
            "eps_latest_yearly": 0,
            "eps_growth_yearly": 0
        },
        "20013": {
            "year_quarter": 20013,
            "year": 2001,
            "quarter": 3,
            "eps": -0.33,
            "eps_growth_year": null,
            "eps_4q": -2.17,
            "eps_4q_growth_year": null,
            "roe": -2.83,
            "roe_4q": -13.23,
            "gross_profit": 4462,
            "gross_margin": 5.43,
            "gross_margin_4q_avg": 12.73,
            "net_income": -32615,
            "revenue": 82107,
            "common_shares": 995790,
            "book_valuer_per_share": 11.43,
            "book_valuer_per_share_4q_avg": 7.93,
            "equity": 1137748,
            "current_ratio": 159.85,
            "debt_ratio": 44.33,
            "inventory_turnover_ratio": 0.07,
            "account_receivable_turnover_ratio": null,
            "reinvestment_rate": null,
            "research_to_sale_ratio": null,
            "price_fair": 0,
            "eps_avg_yearly": 0,
            "eps_latest_yearly": 0,
            "eps_growth_yearly": 0
        },
        "20014": {
            "year_quarter": 20014,
            "year": 2001,
            "quarter": 4,
            "eps": -0.48,
            "eps_growth_year": null,
            "eps_4q": -2.1,
            "eps_4q_growth_year": null,
            "roe": -4.31,
            "roe_4q": -17.54,
            "gross_profit": -5078,
            "gross_margin": -11.65,
            "gross_margin_4q_avg": 6.64,
            "net_income": -47904,
            "revenue": 43584,
            "common_shares": 995790,
            "book_valuer_per_share": 10.9,
            "book_valuer_per_share_4q_avg": 8.68,
            "equity": 1085225,
            "current_ratio": 153.19,
            "debt_ratio": 49.85,
            "inventory_turnover_ratio": 0.04,
            "account_receivable_turnover_ratio": null,
            "reinvestment_rate": null,
            "research_to_sale_ratio": null,
            "price_fair": 0,
            "eps_avg_yearly": 0,
            "eps_latest_yearly": 0,
            "eps_growth_yearly": 0
        },
        "20021": {
            "year_quarter": 20021,
            "year": 2002,
            "quarter": 1,
            "eps": -0.09,
            "eps_growth_year": null,
            "eps_4q": -2.12,
            "eps_4q_growth_year": null,
            "roe": -0.82,
            "roe_4q": -17.71,
            "gross_profit": 8607,
            "gross_margin": 12.1,
            "gross_margin_4q_avg": 6.19,
            "net_income": -8881,
            "revenue": 71129,
            "common_shares": 995790,
            "book_valuer_per_share": 10.81,
            "book_valuer_per_share_4q_avg": 9.76,
            "equity": 1076334,
            "current_ratio": 159,
            "debt_ratio": 44.64,
            "inventory_turnover_ratio": 0.06,
            "account_receivable_turnover_ratio": null,
            "reinvestment_rate": null,
            "research_to_sale_ratio": null,
            "price_fair": 0,
            "eps_avg_yearly": 0,
            "eps_latest_yearly": 0,
            "eps_growth_yearly": 0
        },
        "20022": {
            "year_quarter": 20022,
            "year": 2002,
            "quarter": 2,
            "eps": -0.41,
            "eps_growth_year": null,
            "eps_4q": -1.31,
            "eps_4q_growth_year": null,
            "roe": -3.88,
            "roe_4q": -11.84,
            "gross_profit": -5600,
            "gross_margin": -7.56,
            "gross_margin_4q_avg": -0.42,
            "net_income": -40957,
            "revenue": 74118,
            "common_shares": 995790,
            "book_valuer_per_share": 10.4,
            "book_valuer_per_share_4q_avg": 10.89,
            "equity": 1035377,
            "current_ratio": 188.54,
            "debt_ratio": 36.84,
            "inventory_turnover_ratio": 0.09,
            "account_receivable_turnover_ratio": null,
            "reinvestment_rate": null,
            "research_to_sale_ratio": null,
            "price_fair": 0,
            "eps_avg_yearly": 0,
            "eps_latest_yearly": 0,
            "eps_growth_yearly": 0
        },
        "20023": {
            "year_quarter": 20023,
            "year": 2002,
            "quarter": 3,
            "eps": -0.27,
            "eps_growth_year": null,
            "eps_4q": -1.25,
            "eps_4q_growth_year": null,
            "roe": -2.63,
            "roe_4q": -11.64,
            "gross_profit": -7202,
            "gross_margin": -18.7,
            "gross_margin_4q_avg": -6.45,
            "net_income": -26887,
            "revenue": 38518,
            "common_shares": 995790,
            "book_valuer_per_share": 10.13,
            "book_valuer_per_share_4q_avg": 10.56,
            "equity": 1008490,
            "current_ratio": 190.74,
            "debt_ratio": 35.3,
            "inventory_turnover_ratio": 0.06,
            "account_receivable_turnover_ratio": null,
            "reinvestment_rate": null,
            "research_to_sale_ratio": null,
            "price_fair": 0,
            "eps_avg_yearly": 0,
            "eps_latest_yearly": 0,
            "eps_growth_yearly": 0
        },
        "20024": {
            "year_quarter": 20024,
            "year": 2002,
            "quarter": 4,
            "eps": -2.08,
            "eps_growth_year": null,
            "eps_4q": -2.89,
            "eps_4q_growth_year": null,
            "roe": -21.64,
            "roe_4q": -28.97,
            "gross_profit": -14229,
            "gross_margin": -44.18,
            "gross_margin_4q_avg": -14.59,
            "net_income": -196912,
            "revenue": 32205,
            "common_shares": 995790,
            "book_valuer_per_share": 8.15,
            "book_valuer_per_share_4q_avg": 9.87,
            "equity": 811588,
            "current_ratio": 430.79,
            "debt_ratio": 43.27,
            "inventory_turnover_ratio": 0.06,
            "account_receivable_turnover_ratio": null,
            "reinvestment_rate": null,
            "research_to_sale_ratio": null,
            "price_fair": 0,
            "eps_avg_yearly": 0,
            "eps_latest_yearly": 0,
            "eps_growth_yearly": 0
        },
        "20031": {
            "year_quarter": 20031,
            "year": 2003,
            "quarter": 1,
            "eps": -0.26,
            "eps_growth_year": null,
            "eps_4q": -3.03,
            "eps_4q_growth_year": null,
            "roe": -3.1,
            "roe_4q": -31.25,
            "gross_profit": -4822,
            "gross_margin": -19.58,
            "gross_margin_4q_avg": -22.51,
            "net_income": -24814,
            "revenue": 24626,
            "common_shares": 995790,
            "book_valuer_per_share": 7.9,
            "book_valuer_per_share_4q_avg": 9.15,
            "equity": 786764,
            "current_ratio": 480.73,
            "debt_ratio": 39.22,
            "inventory_turnover_ratio": 0.05,
            "account_receivable_turnover_ratio": null,
            "reinvestment_rate": null,
            "research_to_sale_ratio": null,
            "price_fair": 0,
            "eps_avg_yearly": 0,
            "eps_latest_yearly": 0,
            "eps_growth_yearly": 0
        },
        "20032": {
            "year_quarter": 20032,
            "year": 2003,
            "quarter": 2,
            "eps": -0.24,
            "eps_growth_year": null,
            "eps_4q": -2.73,
            "eps_4q_growth_year": null,
            "roe": -2.98,
            "roe_4q": -30.349999999999998,
            "gross_profit": -1310,
            "gross_margin": -15.21,
            "gross_margin_4q_avg": -24.42,
            "net_income": -23135,
            "revenue": 8613,
            "common_shares": 995790,
            "book_valuer_per_share": 7.67,
            "book_valuer_per_share_4q_avg": 8.46,
            "equity": 763629,
            "current_ratio": 486.17,
            "debt_ratio": 39.51,
            "inventory_turnover_ratio": 0.02,
            "account_receivable_turnover_ratio": null,
            "reinvestment_rate": null,
            "research_to_sale_ratio": null,
            "price_fair": 0,
            "eps_avg_yearly": 0,
            "eps_latest_yearly": 0,
            "eps_growth_yearly": 0
        },
        "20033": {
            "year_quarter": 20033,
            "year": 2003,
            "quarter": 3,
            "eps": -0.21,
            "eps_growth_year": null,
            "eps_4q": -2.66,
            "eps_4q_growth_year": null,
            "roe": -2.63,
            "roe_4q": -30.35,
            "gross_profit": -188,
            "gross_margin": -0.83,
            "gross_margin_4q_avg": -19.95,
            "net_income": -19838,
            "revenue": 22746,
            "common_shares": 995790,
            "book_valuer_per_share": 7.47,
            "book_valuer_per_share_4q_avg": 7.8,
            "equity": 743791,
            "current_ratio": 439.85,
            "debt_ratio": 40.87,
            "inventory_turnover_ratio": 0.04,
            "account_receivable_turnover_ratio": null,
            "reinvestment_rate": null,
            "research_to_sale_ratio": null,
            "price_fair": 0,
            "eps_avg_yearly": 0,
            "eps_latest_yearly": 0,
            "eps_growth_yearly": 0
        },
        "20034": {
            "year_quarter": 20034,
            "year": 2003,
            "quarter": 4,
            "eps": -0.35,
            "eps_growth_year": null,
            "eps_4q": -1.07,
            "eps_4q_growth_year": null,
            "roe": -4.61,
            "roe_4q": -13.32,
            "gross_profit": -381,
            "gross_margin": -0.69,
            "gross_margin_4q_avg": -9.08,
            "net_income": -33491,
            "revenue": 55573,
            "common_shares": 995790,
            "book_valuer_per_share": 7.13,
            "book_valuer_per_share_4q_avg": 7.54,
            "equity": 710311,
            "current_ratio": 182.42,
            "debt_ratio": 44.87,
            "inventory_turnover_ratio": 0.09,
            "account_receivable_turnover_ratio": null,
            "reinvestment_rate": null,
            "research_to_sale_ratio": null,
            "price_fair": 0,
            "eps_avg_yearly": 0,
            "eps_latest_yearly": 0,
            "eps_growth_yearly": 0
        },
        "20041": {
            "year_quarter": 20041,
            "year": 2004,
            "quarter": 1,
            "eps": -0.15,
            "eps_growth_year": null,
            "eps_4q": -0.95,
            "eps_4q_growth_year": null,
            "roe": -2.03,
            "roe_4q": -12.25,
            "gross_profit": 1316,
            "gross_margin": 7.36,
            "gross_margin_4q_avg": -2.34,
            "net_income": -14371,
            "revenue": 17882,
            "common_shares": 995790,
            "book_valuer_per_share": 7.05,
            "book_valuer_per_share_4q_avg": 7.33,
            "equity": 702478,
            "current_ratio": 190.19,
            "debt_ratio": 40.77,
            "inventory_turnover_ratio": 0.03,
            "account_receivable_turnover_ratio": null,
            "reinvestment_rate": null,
            "research_to_sale_ratio": null,
            "price_fair": 0,
            "eps_avg_yearly": 0,
            "eps_latest_yearly": 0,
            "eps_growth_yearly": 0
        },
        "20042": {
            "year_quarter": 20042,
            "year": 2004,
            "quarter": 2,
            "eps": -0.11,
            "eps_growth_year": null,
            "eps_4q": -0.36,
            "eps_4q_growth_year": null,
            "roe": -1.14,
            "roe_4q": -10.41,
            "gross_profit": 3266,
            "gross_margin": 14.78,
            "gross_margin_4q_avg": 5.16,
            "net_income": -10774,
            "revenue": 22099,
            "common_shares": 2197053,
            "book_valuer_per_share": 5.39,
            "book_valuer_per_share_4q_avg": 6.76,
            "equity": 1184502,
            "current_ratio": 317.82,
            "debt_ratio": 28.83,
            "inventory_turnover_ratio": 0.03,
            "account_receivable_turnover_ratio": null,
            "reinvestment_rate": null,
            "research_to_sale_ratio": null,
            "price_fair": 0,
            "eps_avg_yearly": 0,
            "eps_latest_yearly": 0,
            "eps_growth_yearly": 0
        },
        "20043": {
            "year_quarter": 20043,
            "year": 2004,
            "quarter": 3,
            "eps": -0.04,
            "eps_growth_year": null,
            "eps_4q": -0.29,
            "eps_4q_growth_year": null,
            "roe": -0.49,
            "roe_4q": -8.27,
            "gross_profit": 10706,
            "gross_margin": 40.93,
            "gross_margin_4q_avg": 15.6,
            "net_income": -5819,
            "revenue": 26160,
            "common_shares": 2197053,
            "book_valuer_per_share": 5.36,
            "book_valuer_per_share_4q_avg": 6.23,
            "equity": 1178683,
            "current_ratio": 261.98,
            "debt_ratio": 33.8,
            "inventory_turnover_ratio": 0.02,
            "account_receivable_turnover_ratio": null,
            "reinvestment_rate": null,
            "research_to_sale_ratio": null,
            "price_fair": 0,
            "eps_avg_yearly": 0,
            "eps_latest_yearly": 0,
            "eps_growth_yearly": 0
        },
        "20044": {
            "year_quarter": 20044,
            "year": 2004,
            "quarter": 4,
            "eps": 0.29,
            "eps_growth_year": null,
            "eps_4q": 0.09,
            "eps_4q_growth_year": null,
            "roe": 3.8,
            "roe_4q": 0.14000000000000012,
            "gross_profit": 73648,
            "gross_margin": 33.94,
            "gross_margin_4q_avg": 24.25,
            "net_income": 45719,
            "revenue": 217007,
            "common_shares": 2197053,
            "book_valuer_per_share": 5.57,
            "book_valuer_per_share_4q_avg": 5.84,
            "equity": 1224410,
            "current_ratio": 748.1,
            "debt_ratio": 26.93,
            "inventory_turnover_ratio": 0.16,
            "account_receivable_turnover_ratio": null,
            "reinvestment_rate": null,
            "research_to_sale_ratio": null,
            "price_fair": 0,
            "eps_avg_yearly": 0,
            "eps_latest_yearly": 0,
            "eps_growth_yearly": 0
        },
        "20051": {
            "year_quarter": 20051,
            "year": 2005,
            "quarter": 1,
            "eps": -0.08,
            "eps_growth_year": null,
            "eps_4q": 0.06,
            "eps_4q_growth_year": null,
            "roe": -1.38,
            "roe_4q": 0.79,
            "gross_profit": 28630,
            "gross_margin": 36.36,
            "gross_margin_4q_avg": 31.5,
            "net_income": -16798,
            "revenue": 78745,
            "common_shares": 2197053,
            "book_valuer_per_share": 5.5,
            "book_valuer_per_share_4q_avg": 5.46,
            "equity": 1207600,
            "current_ratio": 679.5,
            "debt_ratio": 25.56,
            "inventory_turnover_ratio": 0.06,
            "account_receivable_turnover_ratio": null,
            "reinvestment_rate": null,
            "research_to_sale_ratio": null,
            "price_fair": 0,
            "eps_avg_yearly": 0,
            "eps_latest_yearly": 0,
            "eps_growth_yearly": 0
        },
        "20052": {
            "year_quarter": 20052,
            "year": 2005,
            "quarter": 2,
            "eps": 0.09,
            "eps_growth_year": null,
            "eps_4q": 0.19,
            "eps_4q_growth_year": null,
            "roe": 1.68,
            "roe_4q": 3.6099999999999994,
            "gross_profit": 965,
            "gross_margin": 24.47,
            "gross_margin_4q_avg": 33.93,
            "net_income": 20020,
            "revenue": 3944,
            "common_shares": 2197053,
            "book_valuer_per_share": 5.34,
            "book_valuer_per_share_4q_avg": 5.44,
            "equity": 1172610,
            "current_ratio": 286.19,
            "debt_ratio": 36.58,
            "inventory_turnover_ratio": 0,
            "account_receivable_turnover_ratio": null,
            "reinvestment_rate": null,
            "research_to_sale_ratio": null,
            "price_fair": 0,
            "eps_avg_yearly": 0,
            "eps_latest_yearly": 0,
            "eps_growth_yearly": 0
        },
        "20053": {
            "year_quarter": 20053,
            "year": 2005,
            "quarter": 3,
            "eps": -0.01,
            "eps_growth_year": null,
            "eps_4q": 0.21,
            "eps_4q_growth_year": null,
            "roe": -0.19,
            "roe_4q": 3.91,
            "gross_profit": 3659,
            "gross_margin": 29.73,
            "gross_margin_4q_avg": 31.13,
            "net_income": -2274,
            "revenue": 12307,
            "common_shares": 2197053,
            "book_valuer_per_share": 5.58,
            "book_valuer_per_share_4q_avg": 5.5,
            "equity": 1225346,
            "current_ratio": 215.39,
            "debt_ratio": 43.73,
            "inventory_turnover_ratio": 0.01,
            "account_receivable_turnover_ratio": null,
            "reinvestment_rate": null,
            "research_to_sale_ratio": null,
            "price_fair": 0,
            "eps_avg_yearly": 0,
            "eps_latest_yearly": 0,
            "eps_growth_yearly": 0
        },
        "20054": {
            "year_quarter": 20054,
            "year": 2005,
            "quarter": 4,
            "eps": 0.01,
            "eps_growth_year": -96.55,
            "eps_4q": 0.09,
            "eps_4q_growth_year": -9.06,
            "roe": 0.14,
            "roe_4q": 0.25,
            "gross_profit": 12558,
            "gross_margin": 16.64,
            "gross_margin_4q_avg": 26.8,
            "net_income": 1699,
            "revenue": 75490,
            "common_shares": 2197053,
            "book_valuer_per_share": 5.58,
            "book_valuer_per_share_4q_avg": 5.5,
            "equity": 1227045,
            "current_ratio": 156.43,
            "debt_ratio": 45.96,
            "inventory_turnover_ratio": 0.05,
            "account_receivable_turnover_ratio": null,
            "reinvestment_rate": null,
            "research_to_sale_ratio": null,
            "price_fair": 0,
            "eps_avg_yearly": 0,
            "eps_latest_yearly": 0,
            "eps_growth_yearly": 0
        },
        "20061": {
            "year_quarter": 20061,
            "year": 2006,
            "quarter": 1,
            "eps": 0.03,
            "eps_growth_year": null,
            "eps_4q": 0.12,
            "eps_4q_growth_year": 107.49,
            "roe": 0.52,
            "roe_4q": 2.15,
            "gross_profit": 9656,
            "gross_margin": 22.13,
            "gross_margin_4q_avg": 23.24,
            "net_income": 6353,
            "revenue": 43634,
            "common_shares": 2197053,
            "book_valuer_per_share": 5.61,
            "book_valuer_per_share_4q_avg": 5.53,
            "equity": 1233503,
            "current_ratio": 199.97,
            "debt_ratio": 44.98,
            "inventory_turnover_ratio": 0.03,
            "account_receivable_turnover_ratio": null,
            "reinvestment_rate": null,
            "research_to_sale_ratio": null,
            "price_fair": 4.2,
            "eps_avg_yearly": 0.12,
            "eps_latest_yearly": 0.12,
            "eps_growth_yearly": 800
        },
        "20062": {
            "year_quarter": 20062,
            "year": 2006,
            "quarter": 2,
            "eps": 0.12,
            "eps_growth_year": 33.33,
            "eps_4q": 0.15,
            "eps_4q_growth_year": -24.83,
            "roe": 2.16,
            "roe_4q": 2.6300000000000003,
            "gross_profit": 36678,
            "gross_margin": 40.75,
            "gross_margin_4q_avg": 27.31,
            "net_income": 26963,
            "revenue": 89998,
            "common_shares": 2197053,
            "book_valuer_per_share": 5.74,
            "book_valuer_per_share_4q_avg": 5.63,
            "equity": 1260434,
            "current_ratio": 197.78,
            "debt_ratio": 44.51,
            "inventory_turnover_ratio": 0.04,
            "account_receivable_turnover_ratio": null,
            "reinvestment_rate": null,
            "research_to_sale_ratio": null,
            "price_fair": 10.5,
            "eps_avg_yearly": 0.3,
            "eps_latest_yearly": 0.48,
            "eps_growth_yearly": 1000
        },
        "20063": {
            "year_quarter": 20063,
            "year": 2006,
            "quarter": 3,
            "eps": 0.43,
            "eps_growth_year": null,
            "eps_4q": 0.59,
            "eps_4q_growth_year": 177.72,
            "roe": 7.2,
            "roe_4q": 10.02,
            "gross_profit": 112332,
            "gross_margin": 37.62,
            "gross_margin_4q_avg": 29.29,
            "net_income": 94169,
            "revenue": 298623,
            "common_shares": 2197053,
            "book_valuer_per_share": 6.17,
            "book_valuer_per_share_4q_avg": 5.78,
            "equity": 1354557,
            "current_ratio": 207.56,
            "debt_ratio": 41.9,
            "inventory_turnover_ratio": 0.14,
            "account_receivable_turnover_ratio": null,
            "reinvestment_rate": null,
            "research_to_sale_ratio": null,
            "price_fair": 27.07,
            "eps_avg_yearly": 0.77,
            "eps_latest_yearly": 1.72,
            "eps_growth_yearly": 1011.11
        },
        "20064": {
            "year_quarter": 20064,
            "year": 2006,
            "quarter": 4,
            "eps": 0.14,
            "eps_growth_year": 1300,
            "eps_4q": 1.03,
            "eps_4q_growth_year": 1105.22,
            "roe": 1.48,
            "roe_4q": 11.36,
            "gross_profit": 30571,
            "gross_margin": 27.89,
            "gross_margin_4q_avg": 32.1,
            "net_income": 20149,
            "revenue": 109601,
            "common_shares": 1428084,
            "book_valuer_per_share": 9.63,
            "book_valuer_per_share_4q_avg": 6.79,
            "equity": 1374850,
            "current_ratio": 160.57,
            "debt_ratio": 42.41,
            "inventory_turnover_ratio": 0.06,
            "account_receivable_turnover_ratio": null,
            "reinvestment_rate": 22.31,
            "research_to_sale_ratio": null,
            "price_fair": 25.2,
            "eps_avg_yearly": 0.72,
            "eps_latest_yearly": 0.56,
            "eps_growth_yearly": 690.89
        },
        "20071": {
            "year_quarter": 20071,
            "year": 2007,
            "quarter": 1,
            "eps": 0.14,
            "eps_growth_year": 366.67,
            "eps_4q": 1.12,
            "eps_4q_growth_year": 817.78,
            "roe": 1.46,
            "roe_4q": 12.3,
            "gross_profit": 17613,
            "gross_margin": 29.12,
            "gross_margin_4q_avg": 33.85,
            "net_income": 20223,
            "revenue": 60476,
            "common_shares": 1428084,
            "book_valuer_per_share": 9.77,
            "book_valuer_per_share_4q_avg": 7.83,
            "equity": 1394951,
            "current_ratio": 174.34,
            "debt_ratio": 49.05,
            "inventory_turnover_ratio": 0.03,
            "account_receivable_turnover_ratio": null,
            "reinvestment_rate": 13.63,
            "research_to_sale_ratio": null,
            "price_fair": 24.08,
            "eps_avg_yearly": 0.69,
            "eps_latest_yearly": 0.56,
            "eps_growth_yearly": 552.71
        },
        "20072": {
            "year_quarter": 20072,
            "year": 2007,
            "quarter": 2,
            "eps": 0.16,
            "eps_growth_year": 33.33,
            "eps_4q": 1.1,
            "eps_4q_growth_year": 656.47,
            "roe": 1.62,
            "roe_4q": 11.760000000000002,
            "gross_profit": 33359,
            "gross_margin": 30.81,
            "gross_margin_4q_avg": 31.36,
            "net_income": 22845,
            "revenue": 108264,
            "common_shares": 1428084,
            "book_valuer_per_share": 9.93,
            "book_valuer_per_share_4q_avg": 8.88,
            "equity": 1417805,
            "current_ratio": 174.47,
            "debt_ratio": 48.6,
            "inventory_turnover_ratio": 0.04,
            "account_receivable_turnover_ratio": null,
            "reinvestment_rate": 9.67,
            "research_to_sale_ratio": null,
            "price_fair": 23.8,
            "eps_avg_yearly": 0.68,
            "eps_latest_yearly": 0.64,
            "eps_growth_yearly": 470.12
        },
        "20073": {
            "year_quarter": 20073,
            "year": 2007,
            "quarter": 3,
            "eps": 0.13,
            "eps_growth_year": -69.77,
            "eps_4q": 0.58,
            "eps_4q_growth_year": -2.28,
            "roe": 1.29,
            "roe_4q": 5.85,
            "gross_profit": 51573,
            "gross_margin": 29.63,
            "gross_margin_4q_avg": 29.36,
            "net_income": 18409,
            "revenue": 174039,
            "common_shares": 1428084,
            "book_valuer_per_share": 10.06,
            "book_valuer_per_share_4q_avg": 9.85,
            "equity": 1436186,
            "current_ratio": 167.81,
            "debt_ratio": 50.69,
            "inventory_turnover_ratio": 0.07,
            "account_receivable_turnover_ratio": null,
            "reinvestment_rate": 7.94,
            "research_to_sale_ratio": null,
            "price_fair": 23,
            "eps_avg_yearly": 0.66,
            "eps_latest_yearly": 0.52,
            "eps_growth_yearly": 392.24
        },
        "20074": {
            "year_quarter": 20074,
            "year": 2007,
            "quarter": 4,
            "eps": 0.6,
            "eps_growth_year": 328.57,
            "eps_4q": 1.03,
            "eps_4q_growth_year": 0.38,
            "roe": 5.8,
            "roe_4q": 10.170000000000002,
            "gross_profit": 113839,
            "gross_margin": 33.09,
            "gross_margin_4q_avg": 30.66,
            "net_income": 85852,
            "revenue": 343981,
            "common_shares": 1428084,
            "book_valuer_per_share": 10.66,
            "book_valuer_per_share_4q_avg": 10.11,
            "equity": 1522071,
            "current_ratio": 129.47,
            "debt_ratio": 58.37,
            "inventory_turnover_ratio": 0.11,
            "account_receivable_turnover_ratio": null,
            "reinvestment_rate": 5.6,
            "research_to_sale_ratio": null,
            "price_fair": 30.63,
            "eps_avg_yearly": 0.88,
            "eps_latest_yearly": 2.4,
            "eps_growth_yearly": 523.98
        },
        "20081": {
            "year_quarter": 20081,
            "year": 2008,
            "quarter": 1,
            "eps": 0.19,
            "eps_growth_year": 35.71,
            "eps_4q": 1.07,
            "eps_4q_growth_year": -4.01,
            "roe": 1.78,
            "roe_4q": 10.490000000000002,
            "gross_profit": 41081,
            "gross_margin": 29.03,
            "gross_margin_4q_avg": 30.64,
            "net_income": 27343,
            "revenue": 141490,
            "common_shares": 1428084,
            "book_valuer_per_share": 10.85,
            "book_valuer_per_share_4q_avg": 10.38,
            "equity": 1549392,
            "current_ratio": 132.1,
            "debt_ratio": 57.1,
            "inventory_turnover_ratio": 0.04,
            "account_receivable_turnover_ratio": null,
            "reinvestment_rate": 4.91,
            "research_to_sale_ratio": null,
            "price_fair": 30.18,
            "eps_avg_yearly": 0.86,
            "eps_latest_yearly": 0.76,
            "eps_growth_yearly": 435.39
        },
        "20082": {
            "year_quarter": 20082,
            "year": 2008,
            "quarter": 2,
            "eps": 0.41,
            "eps_growth_year": 156.25,
            "eps_4q": 1.33,
            "eps_4q_growth_year": 20.59,
            "roe": 3.72,
            "roe_4q": 12.59,
            "gross_profit": 84175,
            "gross_margin": 31.96,
            "gross_margin_4q_avg": 30.93,
            "net_income": 58696,
            "revenue": 263337,
            "common_shares": 1428084,
            "book_valuer_per_share": 11.26,
            "book_valuer_per_share_4q_avg": 10.71,
            "equity": 1608029,
            "current_ratio": 138.12,
            "debt_ratio": 56.37,
            "inventory_turnover_ratio": 0.07,
            "account_receivable_turnover_ratio": null,
            "reinvestment_rate": 4.09,
            "research_to_sale_ratio": null,
            "price_fair": 32.9,
            "eps_avg_yearly": 0.94,
            "eps_latest_yearly": 1.64,
            "eps_growth_yearly": 438.17
        },
        "20083": {
            "year_quarter": 20083,
            "year": 2008,
            "quarter": 3,
            "eps": 1.24,
            "eps_growth_year": 853.85,
            "eps_4q": 2.44,
            "eps_4q_growth_year": 323.54,
            "roe": 10.46,
            "roe_4q": 21.76,
            "gross_profit": 233623,
            "gross_margin": 29.17,
            "gross_margin_4q_avg": 30.81,
            "net_income": 177497,
            "revenue": 801006,
            "common_shares": 1428084,
            "book_valuer_per_share": 12.5,
            "book_valuer_per_share_4q_avg": 11.32,
            "equity": 1785528,
            "current_ratio": 140.98,
            "debt_ratio": 57.22,
            "inventory_turnover_ratio": 0.21,
            "account_receivable_turnover_ratio": null,
            "reinvestment_rate": 2.83,
            "research_to_sale_ratio": null,
            "price_fair": 45.69,
            "eps_avg_yearly": 1.31,
            "eps_latest_yearly": 4.96,
            "eps_growth_yearly": 471.95
        },
        "20084": {
            "year_quarter": 20084,
            "year": 2008,
            "quarter": 4,
            "eps": 0.45,
            "eps_growth_year": -25,
            "eps_4q": 2.25,
            "eps_4q_growth_year": 118.74,
            "roe": 3.31,
            "roe_4q": 19.270000000000003,
            "gross_profit": 114481,
            "gross_margin": 24.4,
            "gross_margin_4q_avg": 28.64,
            "net_income": 65842,
            "revenue": 469122,
            "common_shares": 1728084,
            "book_valuer_per_share": 12.62,
            "book_valuer_per_share_4q_avg": 11.81,
            "equity": 2189389,
            "current_ratio": 189.58,
            "debt_ratio": 41.62,
            "inventory_turnover_ratio": 0.13,
            "account_receivable_turnover_ratio": 91.86,
            "reinvestment_rate": 2.75,
            "research_to_sale_ratio": null,
            "price_fair": 47.13,
            "eps_avg_yearly": 1.35,
            "eps_latest_yearly": 1.8,
            "eps_growth_yearly": 411.38
        },
        "20091": {
            "year_quarter": 20091,
            "year": 2009,
            "quarter": 1,
            "eps": 0.03,
            "eps_growth_year": -84.21,
            "eps_4q": 1.66,
            "eps_4q_growth_year": 54.33,
            "roe": 0.25,
            "roe_4q": 17.740000000000002,
            "gross_profit": 35149,
            "gross_margin": 17.89,
            "gross_margin_4q_avg": 25.86,
            "net_income": 5578,
            "revenue": 196429,
            "common_shares": 1728084,
            "book_valuer_per_share": 12.66,
            "book_valuer_per_share_4q_avg": 12.26,
            "equity": 2195062,
            "current_ratio": 187.75,
            "debt_ratio": 42.13,
            "inventory_turnover_ratio": 0.06,
            "account_receivable_turnover_ratio": 13.27,
            "reinvestment_rate": 2.62,
            "research_to_sale_ratio": null,
            "price_fair": 43.83,
            "eps_avg_yearly": 1.25,
            "eps_latest_yearly": 0.12,
            "eps_growth_yearly": 351.02
        },
        "20092": {
            "year_quarter": 20092,
            "year": 2009,
            "quarter": 2,
            "eps": 0.25,
            "eps_growth_year": -39.02,
            "eps_4q": 1.69,
            "eps_4q_growth_year": 27.45,
            "roe": 2.05,
            "roe_4q": 16.07,
            "gross_profit": 85498,
            "gross_margin": 23.45,
            "gross_margin_4q_avg": 23.73,
            "net_income": 43221,
            "revenue": 364589,
            "common_shares": 1728084,
            "book_valuer_per_share": 11.71,
            "book_valuer_per_share_4q_avg": 12.37,
            "equity": 2030891,
            "current_ratio": 177.44,
            "debt_ratio": 43.85,
            "inventory_turnover_ratio": 0.12,
            "account_receivable_turnover_ratio": 8.67,
            "reinvestment_rate": -0.37,
            "research_to_sale_ratio": null,
            "price_fair": 43.2,
            "eps_avg_yearly": 1.23,
            "eps_latest_yearly": 1,
            "eps_growth_yearly": 535.47
        },
        "20093": {
            "year_quarter": 20093,
            "year": 2009,
            "quarter": 3,
            "eps": 0.54,
            "eps_growth_year": -56.45,
            "eps_4q": 1.21,
            "eps_4q_growth_year": -50.51,
            "roe": 4.49,
            "roe_4q": 10.1,
            "gross_profit": 128305,
            "gross_margin": 24.53,
            "gross_margin_4q_avg": 22.57,
            "net_income": 93368,
            "revenue": 522981,
            "common_shares": 1728084,
            "book_valuer_per_share": 12.25,
            "book_valuer_per_share_4q_avg": 12.31,
            "equity": 2124370,
            "current_ratio": 206.41,
            "debt_ratio": 37.29,
            "inventory_turnover_ratio": 0.2,
            "account_receivable_turnover_ratio": 7.7,
            "reinvestment_rate": -0.35,
            "research_to_sale_ratio": null,
            "price_fair": 45.36,
            "eps_avg_yearly": 1.3,
            "eps_latest_yearly": 2.16,
            "eps_growth_yearly": 530.71
        },
        "20094": {
            "year_quarter": 20094,
            "year": 2009,
            "quarter": 4,
            "eps": 1.32,
            "eps_growth_year": 193.33,
            "eps_4q": 2.15,
            "eps_4q_growth_year": -4.69,
            "roe": 10.17,
            "roe_4q": 16.96,
            "gross_profit": 279101,
            "gross_margin": 37.18,
            "gross_margin_4q_avg": 25.76,
            "net_income": 227710,
            "revenue": 750777,
            "common_shares": 1728084,
            "book_valuer_per_share": 13.57,
            "book_valuer_per_share_4q_avg": 12.55,
            "equity": 2351938,
            "current_ratio": 179.78,
            "debt_ratio": 45.15,
            "inventory_turnover_ratio": 0.2,
            "account_receivable_turnover_ratio": 18.98,
            "reinvestment_rate": 34.43,
            "research_to_sale_ratio": null,
            "price_fair": 54.08,
            "eps_avg_yearly": 1.55,
            "eps_latest_yearly": 5.28,
            "eps_growth_yearly": 533.65
        },
        "20101": {
            "year_quarter": 20101,
            "year": 2010,
            "quarter": 1,
            "eps": 0.81,
            "eps_growth_year": 2600,
            "eps_4q": 2.93,
            "eps_4q_growth_year": 76.65,
            "roe": 5.79,
            "roe_4q": 22.500000000000004,
            "gross_profit": 177083,
            "gross_margin": 32.19,
            "gross_margin_4q_avg": 29.34,
            "net_income": 140138,
            "revenue": 550043,
            "common_shares": 1728084,
            "book_valuer_per_share": 14.38,
            "book_valuer_per_share_4q_avg": 12.98,
            "equity": 2492080,
            "current_ratio": 185.21,
            "debt_ratio": 44.21,
            "inventory_turnover_ratio": 0.12,
            "account_receivable_turnover_ratio": 6.47,
            "reinvestment_rate": 30.31,
            "research_to_sale_ratio": null,
            "price_fair": 60.9,
            "eps_avg_yearly": 1.74,
            "eps_latest_yearly": 3.24,
            "eps_growth_yearly": 473.99
        },
        "20102": {
            "year_quarter": 20102,
            "year": 2010,
            "quarter": 2,
            "eps": 0.91,
            "eps_growth_year": 262.89,
            "eps_4q": 3.58,
            "eps_4q_growth_year": 111.35,
            "roe": 6.41,
            "roe_4q": 26.86,
            "gross_profit": 211614,
            "gross_margin": 44.4,
            "gross_margin_4q_avg": 34.58,
            "net_income": 156334,
            "revenue": 476631,
            "common_shares": 1728084,
            "book_valuer_per_share": 13.79,
            "book_valuer_per_share_4q_avg": 13.5,
            "equity": 2389158,
            "current_ratio": 167.04,
            "debt_ratio": 46.99,
            "inventory_turnover_ratio": 0.09,
            "account_receivable_turnover_ratio": 6.22,
            "reinvestment_rate": 26.99,
            "research_to_sale_ratio": null,
            "price_fair": 67.81,
            "eps_avg_yearly": 1.94,
            "eps_latest_yearly": 3.64,
            "eps_growth_yearly": 402.08
        },
        "20103": {
            "year_quarter": 20103,
            "year": 2010,
            "quarter": 3,
            "eps": 0.23,
            "eps_growth_year": -57.38,
            "eps_4q": 3.27,
            "eps_4q_growth_year": 170.54,
            "roe": 1.63,
            "roe_4q": 24,
            "gross_profit": 54470,
            "gross_margin": 48.54,
            "gross_margin_4q_avg": 40.58,
            "net_income": 39373,
            "revenue": 112224,
            "common_shares": 1728084,
            "book_valuer_per_share": 14.02,
            "book_valuer_per_share_4q_avg": 13.94,
            "equity": 2428633,
            "current_ratio": 143.27,
            "debt_ratio": 60.35,
            "inventory_turnover_ratio": 0.02,
            "account_receivable_turnover_ratio": 3.56,
            "reinvestment_rate": 28.14,
            "research_to_sale_ratio": null,
            "price_fair": 66.06,
            "eps_avg_yearly": 1.89,
            "eps_latest_yearly": 0.92,
            "eps_growth_yearly": 318.81
        },
        "20104": {
            "year_quarter": 20104,
            "year": 2010,
            "quarter": 4,
            "eps": 0.48,
            "eps_growth_year": -63.66,
            "eps_4q": 2.43,
            "eps_4q_growth_year": 13.18,
            "roe": 3.36,
            "roe_4q": 17.19,
            "gross_profit": 142146,
            "gross_margin": 40.13,
            "gross_margin_4q_avg": 41.32,
            "net_income": 82991,
            "revenue": 354229,
            "common_shares": 1728084,
            "book_valuer_per_share": 14.5,
            "book_valuer_per_share_4q_avg": 14.17,
            "equity": 2511698,
            "current_ratio": 141.51,
            "debt_ratio": 61.72,
            "inventory_turnover_ratio": 0.05,
            "account_receivable_turnover_ratio": 71.82,
            "reinvestment_rate": 26.32,
            "research_to_sale_ratio": null,
            "price_fair": 69.04,
            "eps_avg_yearly": 1.97,
            "eps_latest_yearly": 1.92,
            "eps_growth_yearly": 362.85
        },
        "20111": {
            "year_quarter": 20111,
            "year": 2011,
            "quarter": 1,
            "eps": 1.49,
            "eps_growth_year": 83.95,
            "eps_4q": 3.1,
            "eps_4q_growth_year": 6.03,
            "roe": 9.75,
            "roe_4q": 21.15,
            "gross_profit": 315200,
            "gross_margin": 43.52,
            "gross_margin_4q_avg": 44.15,
            "net_income": 257348,
            "revenue": 724227,
            "common_shares": 1728084,
            "book_valuer_per_share": 15.98,
            "book_valuer_per_share_4q_avg": 14.57,
            "equity": 2765997,
            "current_ratio": 148.98,
            "debt_ratio": 58.86,
            "inventory_turnover_ratio": 0.07,
            "account_receivable_turnover_ratio": 57.41,
            "reinvestment_rate": 21.65,
            "research_to_sale_ratio": null,
            "price_fair": 80.85,
            "eps_avg_yearly": 2.31,
            "eps_latest_yearly": 5.96,
            "eps_growth_yearly": 415.45
        },
        "20112": {
            "year_quarter": 20112,
            "year": 2011,
            "quarter": 2,
            "eps": 0.57,
            "eps_growth_year": -36.71,
            "eps_4q": 2.73,
            "eps_4q_growth_year": -23.86,
            "roe": 3.82,
            "roe_4q": 18.56,
            "gross_profit": 141998,
            "gross_margin": 41.17,
            "gross_margin_4q_avg": 43.34,
            "net_income": 101629,
            "revenue": 344907,
            "common_shares": 1728084,
            "book_valuer_per_share": 14.77,
            "book_valuer_per_share_4q_avg": 14.82,
            "equity": 2556588,
            "current_ratio": 135.04,
            "debt_ratio": 63.59,
            "inventory_turnover_ratio": 0.04,
            "account_receivable_turnover_ratio": 16.72,
            "reinvestment_rate": 20.73,
            "research_to_sale_ratio": null,
            "price_fair": 84.44,
            "eps_avg_yearly": 2.41,
            "eps_latest_yearly": 2.28,
            "eps_growth_yearly": 396.44
        },
        "20113": {
            "year_quarter": 20113,
            "year": 2011,
            "quarter": 3,
            "eps": 0.83,
            "eps_growth_year": 261.12,
            "eps_4q": 3.33,
            "eps_4q_growth_year": 1.91,
            "roe": 5.61,
            "roe_4q": 22.54,
            "gross_profit": 189723,
            "gross_margin": 40.88,
            "gross_margin_4q_avg": 41.43,
            "net_income": 147594,
            "revenue": 464066,
            "common_shares": 1762646,
            "book_valuer_per_share": 15.31,
            "book_valuer_per_share_4q_avg": 15.14,
            "equity": 2704046,
            "current_ratio": 138.15,
            "debt_ratio": 63.89,
            "inventory_turnover_ratio": 0.05,
            "account_receivable_turnover_ratio": 20.1,
            "reinvestment_rate": 19.52,
            "research_to_sale_ratio": null,
            "price_fair": 90.56,
            "eps_avg_yearly": 2.59,
            "eps_latest_yearly": 3.32,
            "eps_growth_yearly": 412.53
        },
        "20114": {
            "year_quarter": 20114,
            "year": 2011,
            "quarter": 4,
            "eps": 1.01,
            "eps_growth_year": 111.17,
            "eps_4q": 3.46,
            "eps_4q_growth_year": 42.33,
            "roe": 6.67,
            "roe_4q": 25.85,
            "gross_profit": 299984,
            "gross_margin": 41.28,
            "gross_margin_4q_avg": 41.71,
            "net_income": 210457,
            "revenue": 726684,
            "common_shares": 2062646,
            "book_valuer_per_share": 17.44,
            "book_valuer_per_share_4q_avg": 15.88,
            "equity": 3604630,
            "current_ratio": 165.79,
            "debt_ratio": 53.53,
            "inventory_turnover_ratio": 0.07,
            "account_receivable_turnover_ratio": 26.94,
            "reinvestment_rate": 18.58,
            "research_to_sale_ratio": null,
            "price_fair": 94.15,
            "eps_avg_yearly": 2.69,
            "eps_latest_yearly": 4.04,
            "eps_growth_yearly": 327.57
        },
        "20121": {
            "year_quarter": 20121,
            "year": 2012,
            "quarter": 1,
            "eps": 0.7,
            "eps_growth_year": -53.02,
            "eps_4q": 2.9,
            "eps_4q_growth_year": -6.41,
            "roe": 3.92,
            "roe_4q": 20.02,
            "gross_profit": 227019,
            "gross_margin": 38.98,
            "gross_margin_4q_avg": 40.58,
            "net_income": 143966,
            "revenue": 582377,
            "common_shares": 2062646,
            "book_valuer_per_share": 18.13,
            "book_valuer_per_share_4q_avg": 16.41,
            "equity": 3748575,
            "current_ratio": 155.71,
            "debt_ratio": 57.45,
            "inventory_turnover_ratio": 0.05,
            "account_receivable_turnover_ratio": 9.77,
            "reinvestment_rate": 18.78,
            "research_to_sale_ratio": null,
            "price_fair": 98.61,
            "eps_avg_yearly": 2.82,
            "eps_latest_yearly": 2.8,
            "eps_growth_yearly": 336.98
        },
        "20122": {
            "year_quarter": 20122,
            "year": 2012,
            "quarter": 2,
            "eps": 0.5,
            "eps_growth_year": -13.17,
            "eps_4q": 2.91,
            "eps_4q_growth_year": 6.79,
            "roe": 2.93,
            "roe_4q": 19.13,
            "gross_profit": 166099,
            "gross_margin": 41.49,
            "gross_margin_4q_avg": 40.66,
            "net_income": 103922,
            "revenue": 400326,
            "common_shares": 2062646,
            "book_valuer_per_share": 16.13,
            "book_valuer_per_share_4q_avg": 16.75,
            "equity": 3336802,
            "current_ratio": 176.69,
            "debt_ratio": 66.04,
            "inventory_turnover_ratio": 0.03,
            "account_receivable_turnover_ratio": 9.19,
            "reinvestment_rate": 18.12,
            "research_to_sale_ratio": null,
            "price_fair": 99.4,
            "eps_avg_yearly": 2.84,
            "eps_latest_yearly": 2,
            "eps_growth_yearly": 300.89
        },
        "20123": {
            "year_quarter": 20123,
            "year": 2012,
            "quarter": 3,
            "eps": 0.11,
            "eps_growth_year": -87.2,
            "eps_4q": 2.31,
            "eps_4q_growth_year": -30.74,
            "roe": 0.65,
            "roe_4q": 14.17,
            "gross_profit": 56873,
            "gross_margin": 44.25,
            "gross_margin_4q_avg": 41.5,
            "net_income": 21633,
            "revenue": 128516,
            "common_shares": 2062646,
            "book_valuer_per_share": 16.29,
            "book_valuer_per_share_4q_avg": 17,
            "equity": 3369413,
            "current_ratio": 221.21,
            "debt_ratio": 69.72,
            "inventory_turnover_ratio": 0.01,
            "account_receivable_turnover_ratio": 6.77,
            "reinvestment_rate": 19.65,
            "research_to_sale_ratio": null,
            "price_fair": 89.51,
            "eps_avg_yearly": 2.56,
            "eps_latest_yearly": 0.44,
            "eps_growth_yearly": 230.78
        },
        "20124": {
            "year_quarter": 20124,
            "year": 2012,
            "quarter": 4,
            "eps": 0.24,
            "eps_growth_year": -75.96,
            "eps_4q": 1.54,
            "eps_4q_growth_year": -55.53,
            "roe": 1.41,
            "roe_4q": 8.91,
            "gross_profit": 57764,
            "gross_margin": 34.12,
            "gross_margin_4q_avg": 39.71,
            "net_income": 47704,
            "revenue": 169316,
            "common_shares": 2062646,
            "book_valuer_per_share": 16.53,
            "book_valuer_per_share_4q_avg": 16.77,
            "equity": 3410476,
            "current_ratio": 216.09,
            "debt_ratio": 69.91,
            "inventory_turnover_ratio": 0.01,
            "account_receivable_turnover_ratio": 6.78,
            "reinvestment_rate": 2.39,
            "research_to_sale_ratio": null,
            "price_fair": 87.68,
            "eps_avg_yearly": 2.51,
            "eps_latest_yearly": 0.96,
            "eps_growth_yearly": 276.25
        },
        "20131": {
            "year_quarter": 20131,
            "year": 2013,
            "quarter": 1,
            "eps": 1.54,
            "eps_growth_year": 120,
            "eps_4q": 2.39,
            "eps_4q_growth_year": -17.67,
            "roe": 8.92,
            "roe_4q": 13.91,
            "gross_profit": 403179,
            "gross_margin": 41.39,
            "gross_margin_4q_avg": 40.31,
            "net_income": 318438,
            "revenue": 974123,
            "common_shares": 2064387,
            "book_valuer_per_share": 18.05,
            "book_valuer_per_share_4q_avg": 16.75,
            "equity": 3727003,
            "current_ratio": 255.2,
            "debt_ratio": 67.65,
            "inventory_turnover_ratio": 0.06,
            "account_receivable_turnover_ratio": 24.24,
            "reinvestment_rate": -2.74,
            "research_to_sale_ratio": null,
            "price_fair": 100.89,
            "eps_avg_yearly": 2.88,
            "eps_latest_yearly": 6.16,
            "eps_growth_yearly": 435
        },
        "20132": {
            "year_quarter": 20132,
            "year": 2013,
            "quarter": 2,
            "eps": 3.28,
            "eps_growth_year": 557.9,
            "eps_4q": 5.16,
            "eps_4q_growth_year": 77.26,
            "roe": 17.14,
            "roe_4q": 28.12,
            "gross_profit": 836229,
            "gross_margin": 42.38,
            "gross_margin_4q_avg": 40.54,
            "net_income": 676168,
            "revenue": 1973173,
            "common_shares": 2064387,
            "book_valuer_per_share": 20.16,
            "book_valuer_per_share_4q_avg": 17.76,
            "equity": 4162109,
            "current_ratio": 329.1,
            "debt_ratio": 60.9,
            "inventory_turnover_ratio": 0.11,
            "account_receivable_turnover_ratio": 37.38,
            "reinvestment_rate": -2.26,
            "research_to_sale_ratio": null,
            "price_fair": 127.4,
            "eps_avg_yearly": 3.64,
            "eps_latest_yearly": 13.12,
            "eps_growth_yearly": 279.92
        },
        "20133": {
            "year_quarter": 20133,
            "year": 2013,
            "quarter": 3,
            "eps": 1.29,
            "eps_growth_year": 1112.6,
            "eps_4q": 6.31,
            "eps_4q_growth_year": 173.44,
            "roe": 6.16,
            "roe_4q": 33.629999999999995,
            "gross_profit": 331789,
            "gross_margin": 47.6,
            "gross_margin_4q_avg": 41.37,
            "net_income": 265361,
            "revenue": 696989,
            "common_shares": 2076331,
            "book_valuer_per_share": 21.43,
            "book_valuer_per_share_4q_avg": 19.04,
            "equity": 4448927,
            "current_ratio": 502.98,
            "debt_ratio": 59.13,
            "inventory_turnover_ratio": 0.04,
            "account_receivable_turnover_ratio": 22.87,
            "reinvestment_rate": -2.11,
            "research_to_sale_ratio": null,
            "price_fair": 133.96,
            "eps_avg_yearly": 3.83,
            "eps_latest_yearly": 5.16,
            "eps_growth_yearly": 235.75
        },
        "20134": {
            "year_quarter": 20134,
            "year": 2013,
            "quarter": 4,
            "eps": 0.2,
            "eps_growth_year": -17.3,
            "eps_4q": 6.21,
            "eps_4q_growth_year": 303.74,
            "roe": 0.94,
            "roe_4q": 33.160000000000004,
            "gross_profit": 153385,
            "gross_margin": 43.5,
            "gross_margin_4q_avg": 43.72,
            "net_income": 42241,
            "revenue": 352650,
            "common_shares": 2097162,
            "book_valuer_per_share": 21.64,
            "book_valuer_per_share_4q_avg": 20.32,
            "equity": 4537975,
            "current_ratio": 492.2,
            "debt_ratio": 59.61,
            "inventory_turnover_ratio": 0.02,
            "account_receivable_turnover_ratio": 16.36,
            "reinvestment_rate": -14.78,
            "research_to_sale_ratio": null,
            "price_fair": 124.16,
            "eps_avg_yearly": 3.55,
            "eps_latest_yearly": 0.8,
            "eps_growth_yearly": 178.51
        },
        "20141": {
            "year_quarter": 20141,
            "year": 2014,
            "quarter": 1,
            "eps": 0.6,
            "eps_growth_year": -61.04,
            "eps_4q": 5.26,
            "eps_4q_growth_year": 120.01,
            "roe": 2.73,
            "roe_4q": 26.97,
            "gross_profit": 208626,
            "gross_margin": 53.46,
            "gross_margin_4q_avg": 46.74,
            "net_income": 126044,
            "revenue": 390271,
            "common_shares": 2110321,
            "book_valuer_per_share": 22.24,
            "book_valuer_per_share_4q_avg": 21.37,
            "equity": 4694021,
            "current_ratio": 425.83,
            "debt_ratio": 59.49,
            "inventory_turnover_ratio": 0.02,
            "account_receivable_turnover_ratio": 34.17,
            "reinvestment_rate": -14.72,
            "research_to_sale_ratio": null,
            "price_fair": 122.33,
            "eps_avg_yearly": 3.5,
            "eps_latest_yearly": 2.4,
            "eps_growth_yearly": 238.17
        },
        "20142": {
            "year_quarter": 20142,
            "year": 2014,
            "quarter": 2,
            "eps": 0.46,
            "eps_growth_year": -85.98,
            "eps_4q": 2.48,
            "eps_4q_growth_year": -51.94,
            "roe": 2.24,
            "roe_4q": 12.07,
            "gross_profit": 142664,
            "gross_margin": 44.38,
            "gross_margin_4q_avg": 47.24,
            "net_income": 97263,
            "revenue": 321437,
            "common_shares": 2140711,
            "book_valuer_per_share": 18.71,
            "book_valuer_per_share_4q_avg": 21.01,
            "equity": 4004829,
            "current_ratio": 315.45,
            "debt_ratio": 68.11,
            "inventory_turnover_ratio": 0.02,
            "account_receivable_turnover_ratio": 21.85,
            "reinvestment_rate": -14.94,
            "research_to_sale_ratio": null,
            "price_fair": 118.39,
            "eps_avg_yearly": 3.38,
            "eps_latest_yearly": 1.84,
            "eps_growth_yearly": 229.25
        },
        "20143": {
            "year_quarter": 20143,
            "year": 2014,
            "quarter": 3,
            "eps": 0.23,
            "eps_growth_year": -82.17,
            "eps_4q": 1.46,
            "eps_4q_growth_year": -76.81,
            "roe": 1.18,
            "roe_4q": 7.09,
            "gross_profit": 77606,
            "gross_margin": 46.15,
            "gross_margin_4q_avg": 46.87,
            "net_income": 47680,
            "revenue": 168173,
            "common_shares": 2140711,
            "book_valuer_per_share": 18.97,
            "book_valuer_per_share_4q_avg": 20.39,
            "equity": 4060474,
            "current_ratio": 276.89,
            "debt_ratio": 68.84,
            "inventory_turnover_ratio": 0.01,
            "account_receivable_turnover_ratio": 10.64,
            "reinvestment_rate": -14.38,
            "research_to_sale_ratio": null,
            "price_fair": 118.39,
            "eps_avg_yearly": 3.38,
            "eps_latest_yearly": 0.92,
            "eps_growth_yearly": 235.43
        },
        "20144": {
            "year_quarter": 20144,
            "year": 2014,
            "quarter": 4,
            "eps": 0.67,
            "eps_growth_year": 234.24,
            "eps_4q": 1.94,
            "eps_4q_growth_year": -68.77,
            "roe": 3.49,
            "roe_4q": 9.64,
            "gross_profit": 199937,
            "gross_margin": 34.71,
            "gross_margin_4q_avg": 44.68,
            "net_income": 144117,
            "revenue": 576089,
            "common_shares": 2140711,
            "book_valuer_per_share": 19.64,
            "book_valuer_per_share_4q_avg": 19.89,
            "equity": 4204527,
            "current_ratio": 264.95,
            "debt_ratio": 68.75,
            "inventory_turnover_ratio": 0.03,
            "account_receivable_turnover_ratio": 35.57,
            "reinvestment_rate": -14.08,
            "research_to_sale_ratio": null,
            "price_fair": 120.05,
            "eps_avg_yearly": 3.43,
            "eps_latest_yearly": 2.68,
            "eps_growth_yearly": 256.09
        },
        "20151": {
            "year_quarter": 20151,
            "year": 2015,
            "quarter": 1,
            "eps": 0.18,
            "eps_growth_year": -70,
            "eps_4q": 1.47,
            "eps_4q_growth_year": -72.14,
            "roe": 0.88,
            "roe_4q": 7.79,
            "gross_profit": 73589,
            "gross_margin": 37.64,
            "gross_margin_4q_avg": 40.72,
            "net_income": 37761,
            "revenue": 195506,
            "common_shares": 2230484,
            "book_valuer_per_share": 19.83,
            "book_valuer_per_share_4q_avg": 19.29,
            "equity": 4423309,
            "current_ratio": 268.01,
            "debt_ratio": 68.96,
            "inventory_turnover_ratio": 0.01,
            "account_receivable_turnover_ratio": 9.24,
            "reinvestment_rate": -15.02,
            "research_to_sale_ratio": null,
            "price_fair": 108.59,
            "eps_avg_yearly": 3.1,
            "eps_latest_yearly": 0.72,
            "eps_growth_yearly": 185.2
        },
        "20152": {
            "year_quarter": 20152,
            "year": 2015,
            "quarter": 2,
            "eps": 1.4,
            "eps_growth_year": 204.35,
            "eps_4q": 2.38,
            "eps_4q_growth_year": -4.06,
            "roe": 7.01,
            "roe_4q": 12.559999999999999,
            "gross_profit": 409037,
            "gross_margin": 47.6,
            "gross_margin_4q_avg": 41.53,
            "net_income": 306433,
            "revenue": 859288,
            "common_shares": 2252733,
            "book_valuer_per_share": 19.19,
            "book_valuer_per_share_4q_avg": 19.41,
            "equity": 4323752,
            "current_ratio": 268.94,
            "debt_ratio": 69.63,
            "inventory_turnover_ratio": 0.04,
            "account_receivable_turnover_ratio": 65.3,
            "reinvestment_rate": -14,
            "research_to_sale_ratio": null,
            "price_fair": 115.85,
            "eps_avg_yearly": 3.31,
            "eps_latest_yearly": 5.6,
            "eps_growth_yearly": 370.08
        },
        "20153": {
            "year_quarter": 20153,
            "year": 2015,
            "quarter": 3,
            "eps": 0.43,
            "eps_growth_year": 86.96,
            "eps_4q": 2.4,
            "eps_4q_growth_year": 63.84,
            "roe": 2.12,
            "roe_4q": 13.5,
            "gross_profit": 138752,
            "gross_margin": 36.89,
            "gross_margin_4q_avg": 39.21,
            "net_income": 96607,
            "revenue": 376087,
            "common_shares": 2439839,
            "book_valuer_per_share": 19.69,
            "book_valuer_per_share_4q_avg": 19.59,
            "equity": 4805181,
            "current_ratio": 279.37,
            "debt_ratio": 66.66,
            "inventory_turnover_ratio": 0.02,
            "account_receivable_turnover_ratio": 29.94,
            "reinvestment_rate": -14.5,
            "research_to_sale_ratio": null,
            "price_fair": 112.35,
            "eps_avg_yearly": 3.21,
            "eps_latest_yearly": 1.72,
            "eps_growth_yearly": 341.35
        },
        "20154": {
            "year_quarter": 20154,
            "year": 2015,
            "quarter": 4,
            "eps": 0.5,
            "eps_growth_year": -25.81,
            "eps_4q": 2.31,
            "eps_4q_growth_year": 18.93,
            "roe": 2.49,
            "roe_4q": 12.500000000000002,
            "gross_profit": 209933,
            "gross_margin": 31.13,
            "gross_margin_4q_avg": 38.32,
            "net_income": 121857,
            "revenue": 674335,
            "common_shares": 2439839,
            "book_valuer_per_share": 20.35,
            "book_valuer_per_share_4q_avg": 19.77,
            "equity": 4964841,
            "current_ratio": 377.89,
            "debt_ratio": 65.84,
            "inventory_turnover_ratio": 0.04,
            "account_receivable_turnover_ratio": 62.81,
            "reinvestment_rate": -15.2,
            "research_to_sale_ratio": null,
            "price_fair": 107.89,
            "eps_avg_yearly": 3.08,
            "eps_latest_yearly": 2,
            "eps_growth_yearly": 340
        },
        "20161": {
            "year_quarter": 20161,
            "year": 2016,
            "quarter": 1,
            "eps": 0.03,
            "eps_growth_year": -83.33,
            "eps_4q": 2.19,
            "eps_4q_growth_year": 49.12,
            "roe": 0.17,
            "roe_4q": 11.79,
            "gross_profit": 48825,
            "gross_margin": 25.54,
            "gross_margin_4q_avg": 35.29,
            "net_income": 8212,
            "revenue": 191135,
            "common_shares": 2439839,
            "book_valuer_per_share": 20.38,
            "book_valuer_per_share_4q_avg": 19.9,
            "equity": 4972645,
            "current_ratio": 345.59,
            "debt_ratio": 65.78,
            "inventory_turnover_ratio": 0.01,
            "account_receivable_turnover_ratio": 39.06,
            "reinvestment_rate": -16.89,
            "research_to_sale_ratio": null,
            "price_fair": 102.03,
            "eps_avg_yearly": 2.92,
            "eps_latest_yearly": 0.12,
            "eps_growth_yearly": 324.18
        },
        "20162": {
            "year_quarter": 20162,
            "year": 2016,
            "quarter": 2,
            "eps": 0.49,
            "eps_growth_year": -65,
            "eps_4q": 1.29,
            "eps_4q_growth_year": -45.81,
            "roe": 2.43,
            "roe_4q": 7.21,
            "gross_profit": 253563,
            "gross_margin": 22.8,
            "gross_margin_4q_avg": 29.09,
            "net_income": 119352,
            "revenue": 1112311,
            "common_shares": 2439839,
            "book_valuer_per_share": 19.87,
            "book_valuer_per_share_4q_avg": 20.07,
            "equity": 4847831,
            "current_ratio": 238.93,
            "debt_ratio": 68.49,
            "inventory_turnover_ratio": 0.06,
            "account_receivable_turnover_ratio": 24.62,
            "reinvestment_rate": -16.57,
            "research_to_sale_ratio": null,
            "price_fair": 101.94,
            "eps_avg_yearly": 2.91,
            "eps_latest_yearly": 1.96,
            "eps_growth_yearly": 714.65
        },
        "20163": {
            "year_quarter": 20163,
            "year": 2016,
            "quarter": 3,
            "eps": 1.54,
            "eps_growth_year": 258.14,
            "eps_4q": 2.47,
            "eps_4q_growth_year": 2.97,
            "roe": 8.19,
            "roe_4q": 13.28,
            "gross_profit": 642888,
            "gross_margin": 18.72,
            "gross_margin_4q_avg": 24.55,
            "net_income": 414242,
            "revenue": 3434797,
            "common_shares": 2688355,
            "book_valuer_per_share": 19.6,
            "book_valuer_per_share_4q_avg": 20.05,
            "equity": 5268653,
            "current_ratio": 277.3,
            "debt_ratio": 59.77,
            "inventory_turnover_ratio": 0.22,
            "account_receivable_turnover_ratio": 20.19,
            "reinvestment_rate": -14.3,
            "research_to_sale_ratio": null,
            "price_fair": 114.45,
            "eps_avg_yearly": 3.27,
            "eps_latest_yearly": 6.16,
            "eps_growth_yearly": 787.72
        },
        "20164": {
            "year_quarter": 20164,
            "year": 2016,
            "quarter": 4,
            "eps": 0.04,
            "eps_growth_year": -92.94,
            "eps_4q": 2.05,
            "eps_4q_growth_year": -11.09,
            "roe": 0.18,
            "roe_4q": 10.969999999999999,
            "gross_profit": 77149,
            "gross_margin": 13.45,
            "gross_margin_4q_avg": 20.13,
            "net_income": 9479,
            "revenue": 573646,
            "common_shares": 2688807,
            "book_valuer_per_share": 19.63,
            "book_valuer_per_share_4q_avg": 19.87,
            "equity": 5278822,
            "current_ratio": 321.18,
            "debt_ratio": 56.7,
            "inventory_turnover_ratio": 0.04,
            "account_receivable_turnover_ratio": 4.3,
            "reinvestment_rate": -3.26,
            "research_to_sale_ratio": null,
            "price_fair": 112.7,
            "eps_avg_yearly": 3.22,
            "eps_latest_yearly": 0.16,
            "eps_growth_yearly": 733.83
        },
        "20171": {
            "year_quarter": 20171,
            "year": 2017,
            "quarter": 1,
            "eps": 0.87,
            "eps_growth_year": 2800,
            "eps_4q": 2.89,
            "eps_4q_growth_year": 32.4,
            "roe": 4.35,
            "roe_4q": 15.149999999999999,
            "gross_profit": 214453,
            "gross_margin": 25.2,
            "gross_margin_4q_avg": 20.04,
            "net_income": 234939,
            "revenue": 851068,
            "common_shares": 2689258,
            "book_valuer_per_share": 20.5,
            "book_valuer_per_share_4q_avg": 19.9,
            "equity": 5514212,
            "current_ratio": 368.74,
            "debt_ratio": 53.66,
            "inventory_turnover_ratio": 0.06,
            "account_receivable_turnover_ratio": 7.26,
            "reinvestment_rate": 0.37,
            "research_to_sale_ratio": null,
            "price_fair": 106.84,
            "eps_avg_yearly": 3.05,
            "eps_latest_yearly": 3.48,
            "eps_growth_yearly": 1117.16
        },
        "20172": {
            "year_quarter": 20172,
            "year": 2017,
            "quarter": 2,
            "eps": 0.63,
            "eps_growth_year": 28.57,
            "eps_4q": 2.79,
            "eps_4q_growth_year": 116.63,
            "roe": 3.08,
            "roe_4q": 15.799999999999999,
            "gross_profit": 278467,
            "gross_margin": 27.18,
            "gross_margin_4q_avg": 21.14,
            "net_income": 168368,
            "revenue": 1024431,
            "common_shares": 2689452,
            "book_valuer_per_share": 20.15,
            "book_valuer_per_share_4q_avg": 19.97,
            "equity": 5418227,
            "current_ratio": 388.11,
            "debt_ratio": 51.24,
            "inventory_turnover_ratio": 0.07,
            "account_receivable_turnover_ratio": 7.48,
            "reinvestment_rate": 0.27,
            "research_to_sale_ratio": null,
            "price_fair": 83.65,
            "eps_avg_yearly": 2.39,
            "eps_latest_yearly": 2.52,
            "eps_growth_yearly": 1082.02
        },
        "20173": {
            "year_quarter": 20173,
            "year": 2017,
            "quarter": 3,
            "eps": 0.2,
            "eps_growth_year": -87.01,
            "eps_4q": 1.57,
            "eps_4q_growth_year": -36.54,
            "roe": 1.01,
            "roe_4q": 8.62,
            "gross_profit": 123281,
            "gross_margin": 22.54,
            "gross_margin_4q_avg": 22.09,
            "net_income": 55335,
            "revenue": 547007,
            "common_shares": 2975152,
            "book_valuer_per_share": 18.52,
            "book_valuer_per_share_4q_avg": 19.7,
            "equity": 5510066,
            "current_ratio": 731.46,
            "debt_ratio": 48.49,
            "inventory_turnover_ratio": 0.04,
            "account_receivable_turnover_ratio": 9.73,
            "reinvestment_rate": 0.27,
            "research_to_sale_ratio": null,
            "price_fair": 74.11,
            "eps_avg_yearly": 2.12,
            "eps_latest_yearly": 0.8,
            "eps_growth_yearly": 1080.12
        },
        "20174": {
            "year_quarter": 20174,
            "year": 2017,
            "quarter": 4,
            "eps": 0.34,
            "eps_growth_year": 869.05,
            "eps_4q": 1.87,
            "eps_4q_growth_year": -8.84,
            "roe": 1.84,
            "roe_4q": 10.28,
            "gross_profit": 160834,
            "gross_margin": 31.62,
            "gross_margin_4q_avg": 26.64,
            "net_income": 102581,
            "revenue": 508629,
            "common_shares": 3001300,
            "book_valuer_per_share": 18.76,
            "book_valuer_per_share_4q_avg": 19.48,
            "equity": 5631236,
            "current_ratio": 826.89,
            "debt_ratio": 45.63,
            "inventory_turnover_ratio": 0.04,
            "account_receivable_turnover_ratio": 12.77,
            "reinvestment_rate": -0.12,
            "research_to_sale_ratio": null,
            "price_fair": 75.34,
            "eps_avg_yearly": 2.15,
            "eps_latest_yearly": 1.36,
            "eps_growth_yearly": 1118.75
        },
        "20181": {
            "year_quarter": 20181,
            "year": 2018,
            "quarter": 1,
            "eps": 0.27,
            "eps_growth_year": -68.97,
            "eps_4q": 1.36,
            "eps_4q_growth_year": -53.09,
            "roe": 1.43,
            "roe_4q": 7.36,
            "gross_profit": 138932,
            "gross_margin": 28.81,
            "gross_margin_4q_avg": 27.54,
            "net_income": 81349,
            "revenue": 482232,
            "common_shares": 3003892,
            "book_valuer_per_share": 19.05,
            "book_valuer_per_share_4q_avg": 19.12,
            "equity": 5722842,
            "current_ratio": 790.54,
            "debt_ratio": 43.8,
            "inventory_turnover_ratio": 0.04,
            "account_receivable_turnover_ratio": 25.23,
            "reinvestment_rate": -1.06,
            "research_to_sale_ratio": null,
            "price_fair": 72.45,
            "eps_avg_yearly": 2.07,
            "eps_latest_yearly": 1.08,
            "eps_growth_yearly": 1063.6
        },
        "20182": {
            "year_quarter": 20182,
            "year": 2018,
            "quarter": 2,
            "eps": 0.13,
            "eps_growth_year": -79.37,
            "eps_4q": 0.93,
            "eps_4q_growth_year": -66.73,
            "roe": 0.73,
            "roe_4q": 5.01,
            "gross_profit": 91395,
            "gross_margin": 35.57,
            "gross_margin_4q_avg": 29.64,
            "net_income": 39890,
            "revenue": 256956,
            "common_shares": 3004040,
            "book_valuer_per_share": 17.38,
            "book_valuer_per_share_4q_avg": 18.43,
            "equity": 5221714,
            "current_ratio": 636.5,
            "debt_ratio": 48.9,
            "inventory_turnover_ratio": 0.02,
            "account_receivable_turnover_ratio": 12.72,
            "reinvestment_rate": -1.1,
            "research_to_sale_ratio": null,
            "price_fair": 69.56,
            "eps_avg_yearly": 1.99,
            "eps_latest_yearly": 0.52,
            "eps_growth_yearly": 1056.47
        },
        "20183": {
            "year_quarter": 20183,
            "year": 2018,
            "quarter": 3,
            "eps": 0.1,
            "eps_growth_year": -50,
            "eps_4q": 0.84,
            "eps_4q_growth_year": -46.13,
            "roe": 0.58,
            "roe_4q": 4.58,
            "gross_profit": 54196,
            "gross_margin": 44.31,
            "gross_margin_4q_avg": 35.08,
            "net_income": 30174,
            "revenue": 122305,
            "common_shares": 3009712,
            "book_valuer_per_share": 17.47,
            "book_valuer_per_share_4q_avg": 18.17,
            "equity": 5258573,
            "current_ratio": 315.03,
            "debt_ratio": 48.68,
            "inventory_turnover_ratio": 0.01,
            "account_receivable_turnover_ratio": 3.28,
            "reinvestment_rate": -1.76,
            "research_to_sale_ratio": null,
            "price_fair": 68.43,
            "eps_avg_yearly": 1.96,
            "eps_latest_yearly": 0.4,
            "eps_growth_yearly": 1063.2
        },
        "20184": {
            "year_quarter": 20184,
            "year": 2018,
            "quarter": 4,
            "eps": -0.1,
            "eps_growth_year": -129.7,
            "eps_4q": 0.4,
            "eps_4q_growth_year": -78.59,
            "roe": -0.58,
            "roe_4q": 2.16,
            "gross_profit": -8948,
            "gross_margin": -10.77,
            "gross_margin_4q_avg": 24.48,
            "net_income": -30622,
            "revenue": 83089,
            "common_shares": 3018085,
            "book_valuer_per_share": 17.35,
            "book_valuer_per_share_4q_avg": 17.81,
            "equity": 5237151,
            "current_ratio": 285.44,
            "debt_ratio": 50.44,
            "inventory_turnover_ratio": 0.01,
            "account_receivable_turnover_ratio": 2.67,
            "reinvestment_rate": -1.93,
            "research_to_sale_ratio": null,
            "price_fair": 66.73,
            "eps_avg_yearly": 1.91,
            "eps_latest_yearly": 0.4,
            "eps_growth_yearly": 1083.07
        },
        "20191": {
            "year_quarter": 20191,
            "year": 2019,
            "quarter": 1,
            "eps": -0.02,
            "eps_growth_year": -107.41,
            "eps_4q": 0.11,
            "eps_4q_growth_year": -91.67,
            "roe": -0.1,
            "roe_4q": 0.63,
            "gross_profit": 24792,
            "gross_margin": 15.5,
            "gross_margin_4q_avg": 21.15,
            "net_income": -5300,
            "revenue": 159968,
            "common_shares": 3020768,
            "book_valuer_per_share": 17.33,
            "book_valuer_per_share_4q_avg": 17.38,
            "equity": 5235390,
            "current_ratio": 294.17,
            "debt_ratio": 51.38,
            "inventory_turnover_ratio": 0.01,
            "account_receivable_turnover_ratio": 8.29,
            "reinvestment_rate": -1.91,
            "research_to_sale_ratio": null,
            "price_fair": 69.7,
            "eps_avg_yearly": 1.99,
            "eps_latest_yearly": 0.4,
            "eps_growth_yearly": 1181.32
        },
        "20192": {
            "year_quarter": 20192,
            "year": 2019,
            "quarter": 2,
            "eps": -0.1,
            "eps_growth_year": -176.92,
            "eps_4q": -0.12,
            "eps_4q_growth_year": -112.78,
            "roe": -0.59,
            "roe_4q": -0.6900000000000001,
            "gross_profit": 1877,
            "gross_margin": 1.28,
            "gross_margin_4q_avg": 12.58,
            "net_income": -30134,
            "revenue": 146192,
            "common_shares": 3020768,
            "book_valuer_per_share": 16.23,
            "book_valuer_per_share_4q_avg": 17.1,
            "equity": 4903210,
            "current_ratio": 326.08,
            "debt_ratio": 57.16,
            "inventory_turnover_ratio": 0.01,
            "account_receivable_turnover_ratio": 8.61,
            "reinvestment_rate": -2.31,
            "research_to_sale_ratio": null,
            "price_fair": 59.98,
            "eps_avg_yearly": 1.71,
            "eps_latest_yearly": 0.4,
            "eps_growth_yearly": 1063.65
        },
        "20193": {
            "year_quarter": 20193,
            "year": 2019,
            "quarter": 3,
            "eps": 0.48,
            "eps_growth_year": 380,
            "eps_4q": 0.26,
            "eps_4q_growth_year": -69.69,
            "roe": 2.88,
            "roe_4q": 1.6099999999999999,
            "gross_profit": 19577,
            "gross_margin": 13.13,
            "gross_margin_4q_avg": 4.79,
            "net_income": 143594,
            "revenue": 149143,
            "common_shares": 3021175,
            "book_valuer_per_share": 16.74,
            "book_valuer_per_share_4q_avg": 16.91,
            "equity": 5057385,
            "current_ratio": 579.31,
            "debt_ratio": 55.3,
            "inventory_turnover_ratio": 0.01,
            "account_receivable_turnover_ratio": 8.49,
            "reinvestment_rate": -2.05,
            "research_to_sale_ratio": null,
            "price_fair": 59.97,
            "eps_avg_yearly": 1.71,
            "eps_latest_yearly": 0.4,
            "eps_growth_yearly": 1175.38
        },
        "20194": {
            "year_quarter": 20194,
            "year": 2019,
            "quarter": 4,
            "eps": -0.03,
            "eps_growth_year": null,
            "eps_4q": 0.33,
            "eps_4q_growth_year": -17.86,
            "roe": -0.15,
            "roe_4q": 2.04,
            "gross_profit": 39580,
            "gross_margin": 16.46,
            "gross_margin_4q_avg": 11.59,
            "net_income": -7717,
            "revenue": 240508,
            "common_shares": 3031262,
            "book_valuer_per_share": 16.76,
            "book_valuer_per_share_4q_avg": 16.77,
            "equity": 5079519,
            "current_ratio": 594.71,
            "debt_ratio": 57.5,
            "inventory_turnover_ratio": 0.02,
            "account_receivable_turnover_ratio": 8.13,
            "reinvestment_rate": -2.32,
            "research_to_sale_ratio": null,
            "price_fair": 59.05,
            "eps_avg_yearly": 1.69,
            "eps_latest_yearly": 0.4,
            "eps_growth_yearly": 1276.31
        },
        "20201": {
            "year_quarter": 20201,
            "year": 2020,
            "quarter": 1,
            "eps": -0.04,
            "eps_growth_year": null,
            "eps_4q": 0.3,
            "eps_4q_growth_year": 168.9,
            "roe": -0.24,
            "roe_4q": 1.9,
            "gross_profit": 22292,
            "gross_margin": 21.86,
            "gross_margin_4q_avg": 13.18,
            "net_income": -12231,
            "revenue": 101964,
            "common_shares": 3055783,
            "book_valuer_per_share": 16.65,
            "book_valuer_per_share_4q_avg": 16.6,
            "equity": 5087576,
            "current_ratio": 607.14,
            "debt_ratio": 58.65,
            "inventory_turnover_ratio": 0.01,
            "account_receivable_turnover_ratio": 5.8,
            "reinvestment_rate": -2.61,
            "research_to_sale_ratio": null,
            "price_fair": 64.54,
            "eps_avg_yearly": 1.84,
            "eps_latest_yearly": 0.4,
            "eps_growth_yearly": 1441.54
        },
        "20202": {
            "year_quarter": 20202,
            "year": 2020,
            "quarter": 2,
            "eps": 0.06,
            "eps_growth_year": null,
            "eps_4q": 0.45,
            "eps_4q_growth_year": null,
            "roe": 0.34,
            "roe_4q": 2.83,
            "gross_profit": 73567,
            "gross_margin": 19.09,
            "gross_margin_4q_avg": 17.64,
            "net_income": 16927,
            "revenue": 385440,
            "common_shares": 3077261,
            "book_valuer_per_share": 15.64,
            "book_valuer_per_share_4q_avg": 16.45,
            "equity": 4813076,
            "current_ratio": 416.32,
            "debt_ratio": 61.37,
            "inventory_turnover_ratio": 0.03,
            "account_receivable_turnover_ratio": 27.44,
            "reinvestment_rate": -2.82,
            "research_to_sale_ratio": null,
            "price_fair": 64.09,
            "eps_avg_yearly": 1.83,
            "eps_latest_yearly": 0.4,
            "eps_growth_yearly": 920.23
        },
        "20203": {
            "year_quarter": 20203,
            "year": 2020,
            "quarter": 3,
            "eps": 0.15,
            "eps_growth_year": -68.75,
            "eps_4q": 0.13,
            "eps_4q_growth_year": -49.05,
            "roe": 0.92,
            "roe_4q": 0.87,
            "gross_profit": 160073,
            "gross_margin": 11.96,
            "gross_margin_4q_avg": 17.34,
            "net_income": 45119,
            "revenue": 1338626,
            "common_shares": 3091174,
            "book_valuer_per_share": 16.21,
            "book_valuer_per_share_4q_avg": 16.32,
            "equity": 5010589,
            "current_ratio": 354.8,
            "debt_ratio": 60.02,
            "inventory_turnover_ratio": 0.11,
            "account_receivable_turnover_ratio": 24.09,
            "reinvestment_rate": -4,
            "research_to_sale_ratio": null,
            "price_fair": 42.47,
            "eps_avg_yearly": 1.21,
            "eps_latest_yearly": 0.6,
            "eps_growth_yearly": 891.66
        },
        "20204": {
            "year_quarter": 20204,
            "year": 2020,
            "quarter": 4,
            "eps": 0.07,
            "eps_growth_year": null,
            "eps_4q": 0.21,
            "eps_4q_growth_year": -36.19,
            "roe": 0.51,
            "roe_4q": 1.5300000000000002,
            "gross_profit": 78045,
            "gross_margin": 19.26,
            "gross_margin_4q_avg": 18.04,
            "net_income": 26993,
            "revenue": 405303,
            "common_shares": 3662113,
            "book_valuer_per_share": 15.06,
            "book_valuer_per_share_4q_avg": 15.89,
            "equity": 5514196,
            "current_ratio": 412.1,
            "debt_ratio": 57.32,
            "inventory_turnover_ratio": 0.03,
            "account_receivable_turnover_ratio": 6.43,
            "reinvestment_rate": -3.98,
            "research_to_sale_ratio": null,
            "price_fair": 42.93,
            "eps_avg_yearly": 1.23,
            "eps_latest_yearly": 0.28,
            "eps_growth_yearly": 911.25
        },
        "20211": {
            "year_quarter": 20211,
            "year": 2021,
            "quarter": 1,
            "eps": 0.12,
            "eps_growth_year": null,
            "eps_4q": 0.37,
            "eps_4q_growth_year": 20.62,
            "roe": 0.82,
            "roe_4q": 2.59,
            "gross_profit": 87945,
            "gross_margin": 24.34,
            "gross_margin_4q_avg": 18.66,
            "net_income": 45189,
            "revenue": 361293,
            "common_shares": 3662113,
            "book_valuer_per_share": 15.18,
            "book_valuer_per_share_4q_avg": 15.52,
            "equity": 5559204,
            "current_ratio": 425.19,
            "debt_ratio": 59.81,
            "inventory_turnover_ratio": 0.02,
            "account_receivable_turnover_ratio": 10.08,
            "reinvestment_rate": -5.04,
            "research_to_sale_ratio": null,
            "price_fair": 27.49,
            "eps_avg_yearly": 0.89,
            "eps_latest_yearly": 0.48,
            "eps_growth_yearly": 20.77
        },
        "20212": {
            "year_quarter": 20212,
            "year": 2021,
            "quarter": 2,
            "eps": 0.45,
            "eps_growth_year": 650,
            "eps_4q": 0.77,
            "eps_4q_growth_year": 69.4,
            "roe": 2.97,
            "roe_4q": 5.22,
            "gross_profit": 243396,
            "gross_margin": 24.35,
            "gross_margin_4q_avg": 19.98,
            "net_income": 164809,
            "revenue": 999731,
            "common_shares": 3662113,
            "book_valuer_per_share": 15.13,
            "book_valuer_per_share_4q_avg": 15.4,
            "equity": 5539285,
            "current_ratio": 508.66,
            "debt_ratio": 61.05,
            "inventory_turnover_ratio": 0.06,
            "account_receivable_turnover_ratio": 15.65,
            "reinvestment_rate": -3.8,
            "research_to_sale_ratio": null,
            "price_fair": 28.47,
            "eps_avg_yearly": 0.81,
            "eps_latest_yearly": 1.8,
            "eps_growth_yearly": 155.26
        },
        "20213": {
            "year_quarter": 20213,
            "year": 2021,
            "quarter": 3,
            "eps": 0.85,
            "eps_growth_year": 466.67,
            "eps_4q": 1.49,
            "eps_4q_growth_year": 1046.11,
            "roe": 5.44,
            "roe_4q": 9.74,
            "gross_profit": 436405,
            "gross_margin": 23.66,
            "gross_margin_4q_avg": 22.9,
            "net_income": 309998,
            "revenue": 1844215,
            "common_shares": 3662113,
            "book_valuer_per_share": 15.98,
            "book_valuer_per_share_4q_avg": 15.34,
            "equity": 5850981,
            "current_ratio": 1297.66,
            "debt_ratio": 57.49,
            "inventory_turnover_ratio": 0.11,
            "account_receivable_turnover_ratio": 21.35,
            "reinvestment_rate": -2.7,
            "research_to_sale_ratio": null,
            "price_fair": 38.58,
            "eps_avg_yearly": 1.1,
            "eps_latest_yearly": 3.4,
            "eps_growth_yearly": 225.1
        },
        "20214": {
            "year_quarter": 20214,
            "year": 2021,
            "quarter": 4,
            "eps": -0.01,
            "eps_growth_year": -117.94,
            "eps_4q": 1.41,
            "eps_4q_growth_year": 570.7,
            "roe": -0.08,
            "roe_4q": 9.15,
            "gross_profit": 48405,
            "gross_margin": 19.77,
            "gross_margin_4q_avg": 23.03,
            "net_income": -4844,
            "revenue": 244896,
            "common_shares": 3662113,
            "book_valuer_per_share": 15.96,
            "book_valuer_per_share_4q_avg": 15.56,
            "equity": 5846497,
            "current_ratio": 1276.38,
            "debt_ratio": 58.51,
            "inventory_turnover_ratio": 0.02,
            "account_receivable_turnover_ratio": 4.93,
            "reinvestment_rate": -2.06,
            "research_to_sale_ratio": null,
            "price_fair": 37.45,
            "eps_avg_yearly": 1.07,
            "eps_latest_yearly": 3.4,
            "eps_growth_yearly": 218.23
        },
        "20221": {
            "year_quarter": 20221,
            "year": 2022,
            "quarter": 1,
            "eps": 0,
            "eps_growth_year": -100,
            "eps_4q": 1.29,
            "eps_4q_growth_year": 251.16,
            "roe": 0.02,
            "roe_4q": 8.350000000000001,
            "gross_profit": 27902,
            "gross_margin": 14.35,
            "gross_margin_4q_avg": 20.53,
            "net_income": 1393,
            "revenue": 194434,
            "common_shares": 3662113,
            "book_valuer_per_share": 15.97,
            "book_valuer_per_share_4q_avg": 15.76,
            "equity": 5847442,
            "current_ratio": 1406.22,
            "debt_ratio": 59.7,
            "inventory_turnover_ratio": 0.01,
            "account_receivable_turnover_ratio": 7.4,
            "reinvestment_rate": -0.1,
            "research_to_sale_ratio": null,
            "price_fair": 37.4,
            "eps_avg_yearly": 1.07,
            "eps_latest_yearly": 3.4,
            "eps_growth_yearly": 261.17
        },
        "20222": {
            "year_quarter": 20222,
            "year": 2022,
            "quarter": 2,
            "eps": 0.3,
            "eps_growth_year": -33.33,
            "eps_4q": 1.14,
            "eps_4q_growth_year": 47.69,
            "roe": 1.94,
            "roe_4q": 7.32,
            "gross_profit": 45185,
            "gross_margin": 22.73,
            "gross_margin_4q_avg": 20.13,
            "net_income": 110105,
            "revenue": 198810,
            "common_shares": 3662113,
            "book_valuer_per_share": 15.07,
            "book_valuer_per_share_4q_avg": 15.75,
            "equity": 5518246,
            "current_ratio": 841.02,
            "debt_ratio": 63.62,
            "inventory_turnover_ratio": 0.01,
            "account_receivable_turnover_ratio": 3.88,
            "reinvestment_rate": -0.07,
            "research_to_sale_ratio": null,
            "price_fair": 40.6,
            "eps_avg_yearly": 1.16,
            "eps_latest_yearly": 3.4,
            "eps_growth_yearly": 339.27
        },
        "20223": {
            "year_quarter": 20223,
            "year": 2022,
            "quarter": 3,
            "eps": 0.13,
            "eps_growth_year": -84.71,
            "eps_4q": 0.42,
            "eps_4q_growth_year": -71.63,
            "roe": 0.88,
            "roe_4q": 2.76,
            "gross_profit": 18473,
            "gross_margin": 9.19,
            "gross_margin_4q_avg": 16.51,
            "net_income": 48531,
            "revenue": 201075,
            "common_shares": 3662113,
            "book_valuer_per_share": 15.19,
            "book_valuer_per_share_4q_avg": 15.55,
            "equity": 5560956,
            "current_ratio": 897.62,
            "debt_ratio": 64.51,
            "inventory_turnover_ratio": 0.01,
            "account_receivable_turnover_ratio": 4.95,
            "reinvestment_rate": -0.06,
            "research_to_sale_ratio": null,
            "price_fair": 41.3,
            "eps_avg_yearly": 1.18,
            "eps_latest_yearly": 0.52,
            "eps_growth_yearly": 316.88
        },
        "20224": {
            "year_quarter": 20224,
            "year": 2022,
            "quarter": 4,
            "eps": 1.32,
            "eps_growth_year": null,
            "eps_4q": 1.76,
            "eps_4q_growth_year": 25.1,
            "roe": 8.35,
            "roe_4q": 11.19,
            "gross_profit": 647576,
            "gross_margin": 45.96,
            "gross_margin_4q_avg": 23.06,
            "net_income": 484431,
            "revenue": 1409033,
            "common_shares": 3662113,
            "book_valuer_per_share": 16.51,
            "book_valuer_per_share_4q_avg": 15.69,
            "equity": 6046566,
            "current_ratio": 968.25,
            "debt_ratio": 63.46,
            "inventory_turnover_ratio": 0.05,
            "account_receivable_turnover_ratio": 2.87,
            "reinvestment_rate": -0.03,
            "research_to_sale_ratio": null,
            "price_fair": 61.8,
            "eps_avg_yearly": 1.77,
            "eps_latest_yearly": 5.28,
            "eps_growth_yearly": 794.69
        },
        "20231": {
            "year_quarter": 20231,
            "year": 2023,
            "quarter": 1,
            "eps": 0.41,
            "eps_growth_year": null,
            "eps_4q": 2.17,
            "eps_4q_growth_year": 68.61,
            "roe": 2.48,
            "roe_4q": 13.65,
            "gross_profit": 222623,
            "gross_margin": 47.74,
            "gross_margin_4q_avg": 31.41,
            "net_income": 151687,
            "revenue": 466339,
            "common_shares": 3662113,
            "book_valuer_per_share": 16.93,
            "book_valuer_per_share_4q_avg": 15.93,
            "equity": 6198364,
            "current_ratio": 919.65,
            "debt_ratio": 62.1,
            "inventory_turnover_ratio": 0.02,
            "account_receivable_turnover_ratio": 0.9,
            "reinvestment_rate": 0,
            "research_to_sale_ratio": null,
            "price_fair": 61.25,
            "eps_avg_yearly": 1.75,
            "eps_latest_yearly": 1.64,
            "eps_growth_yearly": 660.88
        }
    },
    "months": {
        "2001-06": {
            "month": "2001-06",
            "price": "1.15",
            "revenue": 11814
        },
        "2001-07": {
            "month": "2001-07",
            "price": "0.94",
            "revenue": 7536
        },
        "2001-08": {
            "month": "2001-08",
            "price": "1.10",
            "revenue": 5603
        },
        "2001-09": {
            "month": "2001-09",
            "price": "1.01",
            "revenue": 68966
        },
        "2001-10": {
            "month": "2001-10",
            "price": "0.87",
            "revenue": 18325
        },
        "2001-11": {
            "month": "2001-11",
            "price": "0.84",
            "revenue": 7456
        },
        "2002-01": {
            "month": "2002-01",
            "price": "2.92",
            "revenue": 13225
        },
        "2002-02": {
            "month": "2002-02",
            "price": "3.63",
            "revenue": 22357
        },
        "2002-03": {
            "month": "2002-03",
            "price": "3.56",
            "revenue": 35550
        },
        "2002-04": {
            "month": "2002-04",
            "price": "3.89",
            "revenue": 54944
        },
        "2002-05": {
            "month": "2002-05",
            "price": "3.34",
            "revenue": 11851
        },
        "2002-06": {
            "month": "2002-06",
            "price": "3.89",
            "revenue": 7323
        },
        "2002-07": {
            "month": "2002-07",
            "price": "3.34",
            "revenue": 5259
        },
        "2002-08": {
            "month": "2002-08",
            "price": "2.64",
            "revenue": 25573
        },
        "2002-09": {
            "month": "2002-09",
            "price": "1.91",
            "revenue": 7671
        },
        "2002-10": {
            "month": "2002-10",
            "price": "1.90",
            "revenue": 8963
        },
        "2002-11": {
            "month": "2002-11",
            "price": "2.15",
            "revenue": 5046
        },
        "2002-12": {
            "month": "2002-12",
            "price": "2.29",
            "revenue": 18137
        },
        "2003-01": {
            "month": "2003-01",
            "price": "2.88",
            "revenue": 12787
        },
        "2003-02": {
            "month": "2003-02",
            "price": "2.62",
            "revenue": 5425
        },
        "2003-03": {
            "month": "2003-03",
            "price": "2.37",
            "revenue": 6415
        },
        "2003-04": {
            "month": "2003-04",
            "price": "2.33",
            "revenue": 4850
        },
        "2003-05": {
            "month": "2003-05",
            "price": "1.90",
            "revenue": 2766
        },
        "2003-06": {
            "month": "2003-06",
            "price": "3.84",
            "revenue": 996
        },
        "2003-07": {
            "month": "2003-07",
            "price": "6.27",
            "revenue": 1325
        },
        "2003-08": {
            "month": "2003-08",
            "price": "7.77",
            "revenue": 15689
        },
        "2003-09": {
            "month": "2003-09",
            "price": "7.20",
            "revenue": 5732
        },
        "2003-10": {
            "month": "2003-10",
            "price": "5.73",
            "revenue": 7978
        },
        "2003-11": {
            "month": "2003-11",
            "price": "4.55",
            "revenue": 32077
        },
        "2003-12": {
            "month": "2003-12",
            "price": "4.29",
            "revenue": 15520
        },
        "2004-01": {
            "month": "2004-01",
            "price": "4.70",
            "revenue": 5171
        },
        "2004-02": {
            "month": "2004-02",
            "price": "6.20",
            "revenue": 12227
        },
        "2004-03": {
            "month": "2004-03",
            "price": "6.79",
            "revenue": 484
        },
        "2004-04": {
            "month": "2004-04",
            "price": "7.18",
            "revenue": 14834
        },
        "2004-05": {
            "month": "2004-05",
            "price": "7.75",
            "revenue": 3615
        },
        "2004-06": {
            "month": "2004-06",
            "price": "7.67",
            "revenue": 3650
        },
        "2004-07": {
            "month": "2004-07",
            "price": "7.64",
            "revenue": 2996
        },
        "2004-08": {
            "month": "2004-08",
            "price": "7.29",
            "revenue": 145
        },
        "2004-09": {
            "month": "2004-09",
            "price": "7.72",
            "revenue": 22977
        },
        "2004-10": {
            "month": "2004-10",
            "price": "12.07",
            "revenue": 27864
        },
        "2004-11": {
            "month": "2004-11",
            "price": "11.57",
            "revenue": 110175
        },
        "2004-12": {
            "month": "2004-12",
            "price": "11.53",
            "revenue": 79010
        },
        "2005-01": {
            "month": "2005-01",
            "price": "12.41",
            "revenue": 41002
        },
        "2005-02": {
            "month": "2005-02",
            "price": "11.71",
            "revenue": 22087
        },
        "2005-03": {
            "month": "2005-03",
            "price": "11.69",
            "revenue": 15657
        },
        "2005-04": {
            "month": "2005-04",
            "price": "11.36",
            "revenue": 143
        },
        "2005-05": {
            "month": "2005-05",
            "price": "11.10",
            "revenue": 614505
        },
        "2005-06": {
            "month": "2005-06",
            "price": "11.12",
            "revenue": 144
        },
        "2005-07": {
            "month": "2005-07",
            "price": "10.90",
            "revenue": 142
        },
        "2005-08": {
            "month": "2005-08",
            "price": "10.44",
            "revenue": 142
        },
        "2005-09": {
            "month": "2005-09",
            "price": "9.96",
            "revenue": 12023
        },
        "2005-10": {
            "month": "2005-10",
            "price": "8.85",
            "revenue": 23420
        },
        "2005-11": {
            "month": "2005-11",
            "price": "9.04",
            "revenue": 15269
        },
        "2005-12": {
            "month": "2005-12",
            "price": "9.98",
            "revenue": 36801
        },
        "2006-01": {
            "month": "2006-01",
            "price": "9.69",
            "revenue": 144
        },
        "2006-02": {
            "month": "2006-02",
            "price": "9.09",
            "revenue": 149
        },
        "2006-03": {
            "month": "2006-03",
            "price": "8.53",
            "revenue": 43341
        },
        "2006-04": {
            "month": "2006-04",
            "price": "9.09",
            "revenue": 144
        },
        "2006-05": {
            "month": "2006-05",
            "price": "10.75",
            "revenue": 41094
        },
        "2006-06": {
            "month": "2006-06",
            "price": "10.40",
            "revenue": 48759
        },
        "2006-07": {
            "month": "2006-07",
            "price": "10.66",
            "revenue": 89342
        },
        "2006-08": {
            "month": "2006-08",
            "price": "11.18",
            "revenue": 145436
        },
        "2006-09": {
            "month": "2006-09",
            "price": "10.01",
            "revenue": 63845
        },
        "2006-10": {
            "month": "2006-10",
            "price": "10.45",
            "revenue": 38419
        },
        "2006-11": {
            "month": "2006-11",
            "price": "14.44",
            "revenue": 20059
        },
        "2006-12": {
            "month": "2006-12",
            "price": "16.62",
            "revenue": 51123
        },
        "2007-01": {
            "month": "2007-01",
            "price": "14.82",
            "revenue": 15327
        },
        "2007-02": {
            "month": "2007-02",
            "price": "16.02",
            "revenue": 14819
        },
        "2007-03": {
            "month": "2007-03",
            "price": "28.55",
            "revenue": 30331
        },
        "2007-04": {
            "month": "2007-04",
            "price": "28.07",
            "revenue": 38785
        },
        "2007-05": {
            "month": "2007-05",
            "price": "26.88",
            "revenue": 39012
        },
        "2007-06": {
            "month": "2007-06",
            "price": "26.92",
            "revenue": 30466
        },
        "2007-07": {
            "month": "2007-07",
            "price": "27.70",
            "revenue": 77272
        },
        "2007-08": {
            "month": "2007-08",
            "price": "23.11",
            "revenue": 61869
        },
        "2007-09": {
            "month": "2007-09",
            "price": "20.92",
            "revenue": 34898
        },
        "2007-10": {
            "month": "2007-10",
            "price": "25.40",
            "revenue": 43329
        },
        "2007-11": {
            "month": "2007-11",
            "price": "24.54",
            "revenue": 11991
        },
        "2007-12": {
            "month": "2007-12",
            "price": "22.88",
            "revenue": 288661
        },
        "2008-01": {
            "month": "2008-01",
            "price": "22.33",
            "revenue": 16147
        },
        "2008-02": {
            "month": "2008-02",
            "price": "22.04",
            "revenue": 57925
        },
        "2008-03": {
            "month": "2008-03",
            "price": "23.34",
            "revenue": 66049
        },
        "2008-04": {
            "month": "2008-04",
            "price": "25.48",
            "revenue": 88592
        },
        "2008-05": {
            "month": "2008-05",
            "price": "24.98",
            "revenue": 82710
        },
        "2008-06": {
            "month": "2008-06",
            "price": "25.83",
            "revenue": 90667
        },
        "2008-07": {
            "month": "2008-07",
            "price": "20.66",
            "revenue": 59377
        },
        "2008-08": {
            "month": "2008-08",
            "price": "17.69",
            "revenue": 20884
        },
        "2008-09": {
            "month": "2008-09",
            "price": "14.76",
            "revenue": 716903
        },
        "2008-10": {
            "month": "2008-10",
            "price": "11.83",
            "revenue": 223502
        },
        "2008-11": {
            "month": "2008-11",
            "price": "10.14",
            "revenue": 161443
        },
        "2008-12": {
            "month": "2008-12",
            "price": "9.72",
            "revenue": 85289
        },
        "2009-01": {
            "month": "2009-01",
            "price": "9.72",
            "revenue": 55450
        },
        "2009-02": {
            "month": "2009-02",
            "price": "9.30",
            "revenue": 57284
        },
        "2009-03": {
            "month": "2009-03",
            "price": "10.26",
            "revenue": 82340
        },
        "2009-04": {
            "month": "2009-04",
            "price": "13.97",
            "revenue": 83030
        },
        "2009-05": {
            "month": "2009-05",
            "price": "16.03",
            "revenue": 115029
        },
        "2009-06": {
            "month": "2009-06",
            "price": "16.09",
            "revenue": 165177
        },
        "2009-07": {
            "month": "2009-07",
            "price": "15.39",
            "revenue": 197143
        },
        "2009-08": {
            "month": "2009-08",
            "price": "15.46",
            "revenue": 176061
        },
        "2009-09": {
            "month": "2009-09",
            "price": "15.93",
            "revenue": 148423
        },
        "2009-10": {
            "month": "2009-10",
            "price": "15.30",
            "revenue": 218066
        },
        "2009-11": {
            "month": "2009-11",
            "price": "14.54",
            "revenue": 232835
        },
        "2009-12": {
            "month": "2009-12",
            "price": "15.49",
            "revenue": 298520
        },
        "2010-01": {
            "month": "2010-01",
            "price": "19.13",
            "revenue": 157330
        },
        "2010-02": {
            "month": "2010-02",
            "price": "18.75",
            "revenue": 137707
        },
        "2010-03": {
            "month": "2010-03",
            "price": "18.55",
            "revenue": 253654
        },
        "2010-04": {
            "month": "2010-04",
            "price": "20.03",
            "revenue": 229548
        },
        "2010-05": {
            "month": "2010-05",
            "price": "19.26",
            "revenue": 129738
        },
        "2010-06": {
            "month": "2010-06",
            "price": "18.85",
            "revenue": 115990
        },
        "2010-07": {
            "month": "2010-07",
            "price": "19.34",
            "revenue": 52722
        },
        "2010-08": {
            "month": "2010-08",
            "price": "20.86",
            "revenue": 44219
        },
        "2010-09": {
            "month": "2010-09",
            "price": "21.50",
            "revenue": 13927
        },
        "2010-10": {
            "month": "2010-10",
            "price": "22.57",
            "revenue": 125
        },
        "2010-11": {
            "month": "2010-11",
            "price": "22.06",
            "revenue": 92036
        },
        "2010-12": {
            "month": "2010-12",
            "price": "23.35",
            "revenue": 260712
        },
        "2011-01": {
            "month": "2011-01",
            "price": "27.36",
            "revenue": 402800
        },
        "2011-02": {
            "month": "2011-02",
            "price": "26.83",
            "revenue": 150135
        },
        "2011-03": {
            "month": "2011-03",
            "price": "23.77",
            "revenue": 169939
        },
        "2011-04": {
            "month": "2011-04",
            "price": "23.49",
            "revenue": 84545
        },
        "2011-05": {
            "month": "2011-05",
            "price": "25.41",
            "revenue": 112317
        },
        "2011-06": {
            "month": "2011-06",
            "price": "26.47",
            "revenue": 146690
        },
        "2011-07": {
            "month": "2011-07",
            "price": "29.83",
            "revenue": 158023
        },
        "2011-08": {
            "month": "2011-08",
            "price": "27.43",
            "revenue": 78327
        },
        "2011-09": {
            "month": "2011-09",
            "price": "24.38",
            "revenue": 226362
        },
        "2011-10": {
            "month": "2011-10",
            "price": "23.80",
            "revenue": 283049
        },
        "2011-11": {
            "month": "2011-11",
            "price": "23.36",
            "revenue": 205927
        },
        "2011-12": {
            "month": "2011-12",
            "price": "22.66",
            "revenue": 234024
        },
        "2012-01": {
            "month": "2012-01",
            "price": "22.81",
            "revenue": 65065
        },
        "2012-02": {
            "month": "2012-02",
            "price": "25.44",
            "revenue": 123173
        },
        "2012-03": {
            "month": "2012-03",
            "price": "27.53",
            "revenue": 392786
        },
        "2012-04": {
            "month": "2012-04",
            "price": "27.58",
            "revenue": 266722
        },
        "2012-05": {
            "month": "2012-05",
            "price": "27.10",
            "revenue": 85303
        },
        "2012-06": {
            "month": "2012-06",
            "price": "26.10",
            "revenue": 46946
        },
        "2012-07": {
            "month": "2012-07",
            "price": "26.05",
            "revenue": 35670
        },
        "2012-08": {
            "month": "2012-08",
            "price": "27.76",
            "revenue": 21970
        },
        "2012-09": {
            "month": "2012-09",
            "price": "27.44",
            "revenue": 69522
        },
        "2012-10": {
            "month": "2012-10",
            "price": "24.72",
            "revenue": 89721
        },
        "2012-11": {
            "month": "2012-11",
            "price": "23.74",
            "revenue": 44418
        },
        "2012-12": {
            "month": "2012-12",
            "price": "24.35",
            "revenue": 33786
        },
        "2013-01": {
            "month": "2013-01",
            "price": "27.19",
            "revenue": 35313
        },
        "2013-02": {
            "month": "2013-02",
            "price": "29.82",
            "revenue": 76869
        },
        "2013-03": {
            "month": "2013-03",
            "price": "29.26",
            "revenue": 861941
        },
        "2013-04": {
            "month": "2013-04",
            "price": "29.44",
            "revenue": 541864
        },
        "2013-05": {
            "month": "2013-05",
            "price": "28.92",
            "revenue": 775730
        },
        "2013-06": {
            "month": "2013-06",
            "price": "31.85",
            "revenue": 655578
        },
        "2013-07": {
            "month": "2013-07",
            "price": "35.78",
            "revenue": 307727
        },
        "2013-08": {
            "month": "2013-08",
            "price": "37.29",
            "revenue": 205034
        },
        "2013-09": {
            "month": "2013-09",
            "price": "35.00",
            "revenue": 184228
        },
        "2013-10": {
            "month": "2013-10",
            "price": "34.83",
            "revenue": 122397
        },
        "2013-11": {
            "month": "2013-11",
            "price": "36.32",
            "revenue": 95501
        },
        "2013-12": {
            "month": "2013-12",
            "price": "37.55",
            "revenue": 134754
        },
        "2014-01": {
            "month": "2014-01",
            "price": "36.25",
            "revenue": 259144
        },
        "2014-02": {
            "month": "2014-02",
            "price": "36.44",
            "revenue": 47261
        },
        "2014-03": {
            "month": "2014-03",
            "price": "35.32",
            "revenue": 83865
        },
        "2014-04": {
            "month": "2014-04",
            "price": "34.31",
            "revenue": 115787
        },
        "2014-05": {
            "month": "2014-05",
            "price": "35.25",
            "revenue": 62412
        },
        "2014-06": {
            "month": "2014-06",
            "price": "34.22",
            "revenue": 143238
        },
        "2014-07": {
            "month": "2014-07",
            "price": "33.87",
            "revenue": 104737
        },
        "2014-08": {
            "month": "2014-08",
            "price": "29.34",
            "revenue": 20987
        },
        "2014-09": {
            "month": "2014-09",
            "price": "28.95",
            "revenue": 42450
        },
        "2014-10": {
            "month": "2014-10",
            "price": "25.85",
            "revenue": 114576
        },
        "2014-11": {
            "month": "2014-11",
            "price": "23.30",
            "revenue": 312568
        },
        "2014-12": {
            "month": "2014-12",
            "price": "23.95",
            "revenue": 148945
        },
        "2015-01": {
            "month": "2015-01",
            "price": "23.60",
            "revenue": 64696
        },
        "2015-02": {
            "month": "2015-02",
            "price": "24.03",
            "revenue": 84765
        },
        "2015-03": {
            "month": "2015-03",
            "price": "24.51",
            "revenue": 46045
        },
        "2015-04": {
            "month": "2015-04",
            "price": "24.69",
            "revenue": 418366
        },
        "2015-05": {
            "month": "2015-05",
            "price": "25.10",
            "revenue": 302606
        },
        "2015-06": {
            "month": "2015-06",
            "price": "24.00",
            "revenue": 149567
        },
        "2015-07": {
            "month": "2015-07",
            "price": "22.28",
            "revenue": 43006
        },
        "2015-08": {
            "month": "2015-08",
            "price": "19.25",
            "revenue": 29012
        },
        "2015-09": {
            "month": "2015-09",
            "price": "17.09",
            "revenue": 304069
        },
        "2015-10": {
            "month": "2015-10",
            "price": "18.11",
            "revenue": 80998
        },
        "2015-11": {
            "month": "2015-11",
            "price": "18.32",
            "revenue": 120715
        },
        "2015-12": {
            "month": "2015-12",
            "price": "17.30",
            "revenue": 461452
        },
        "2016-01": {
            "month": "2016-01",
            "price": "16.77",
            "revenue": 79640
        },
        "2016-02": {
            "month": "2016-02",
            "price": "16.89",
            "revenue": 31719
        },
        "2016-03": {
            "month": "2016-03",
            "price": "18.52",
            "revenue": 79777
        },
        "2016-04": {
            "month": "2016-04",
            "price": "19.83",
            "revenue": 104808
        },
        "2016-05": {
            "month": "2016-05",
            "price": "19.46",
            "revenue": 351188
        },
        "2016-06": {
            "month": "2016-06",
            "price": "20.11",
            "revenue": 656313
        },
        "2016-07": {
            "month": "2016-07",
            "price": "20.81",
            "revenue": 3014153
        },
        "2016-08": {
            "month": "2016-08",
            "price": "21.25",
            "revenue": 275506
        },
        "2016-09": {
            "month": "2016-09",
            "price": "19.68",
            "revenue": 259458
        },
        "2016-10": {
            "month": "2016-10",
            "price": "18.74",
            "revenue": 179346
        },
        "2016-11": {
            "month": "2016-11",
            "price": "17.59",
            "revenue": 139836
        },
        "2016-12": {
            "month": "2016-12",
            "price": "17.82",
            "revenue": 140145
        },
        "2017-01": {
            "month": "2017-01",
            "price": "17.68",
            "revenue": 148456
        },
        "2017-02": {
            "month": "2017-02",
            "price": "18.16",
            "revenue": 145217
        },
        "2017-03": {
            "month": "2017-03",
            "price": "19.12",
            "revenue": 586639
        },
        "2017-04": {
            "month": "2017-04",
            "price": "20.06",
            "revenue": 272806
        },
        "2017-05": {
            "month": "2017-05",
            "price": "20.80",
            "revenue": 333546
        },
        "2017-06": {
            "month": "2017-06",
            "price": "21.99",
            "revenue": 388835
        },
        "2017-07": {
            "month": "2017-07",
            "price": "21.53",
            "revenue": 165071
        },
        "2017-08": {
            "month": "2017-08",
            "price": "21.17",
            "revenue": 171348
        },
        "2017-09": {
            "month": "2017-09",
            "price": "19.43",
            "revenue": 210588
        },
        "2017-10": {
            "month": "2017-10",
            "price": "18.74",
            "revenue": 148965
        },
        "2017-11": {
            "month": "2017-11",
            "price": "18.19",
            "revenue": 241404
        },
        "2017-12": {
            "month": "2017-12",
            "price": "18.45",
            "revenue": 118259
        },
        "2018-01": {
            "month": "2018-01",
            "price": "18.83",
            "revenue": 272591
        },
        "2018-02": {
            "month": "2018-02",
            "price": "18.40",
            "revenue": 106163
        },
        "2018-03": {
            "month": "2018-03",
            "price": "18.89",
            "revenue": 103478
        },
        "2018-04": {
            "month": "2018-04",
            "price": "19.87",
            "revenue": 126042
        },
        "2018-05": {
            "month": "2018-05",
            "price": "19.56",
            "revenue": 60096
        },
        "2018-06": {
            "month": "2018-06",
            "price": "19.79",
            "revenue": 70818
        },
        "2018-07": {
            "month": "2018-07",
            "price": "19.26",
            "revenue": 36937
        },
        "2018-08": {
            "month": "2018-08",
            "price": "18.28",
            "revenue": 9413
        },
        "2018-09": {
            "month": "2018-09",
            "price": "16.79",
            "revenue": 76811
        },
        "2018-10": {
            "month": "2018-10",
            "price": "16.05",
            "revenue": 12129
        },
        "2018-11": {
            "month": "2018-11",
            "price": "15.55",
            "revenue": 60857
        },
        "2018-12": {
            "month": "2018-12",
            "price": "15.60",
            "revenue": 9247
        },
        "2019-01": {
            "month": "2019-01",
            "price": "15.37",
            "revenue": 74621
        },
        "2019-02": {
            "month": "2019-02",
            "price": "15.57",
            "revenue": 47250
        },
        "2019-03": {
            "month": "2019-03",
            "price": "15.53",
            "revenue": 38097
        },
        "2019-04": {
            "month": "2019-04",
            "price": "15.62",
            "revenue": 47969
        },
        "2019-05": {
            "month": "2019-05",
            "price": "16.18",
            "revenue": 72815
        },
        "2019-06": {
            "month": "2019-06",
            "price": "16.57",
            "revenue": 25408
        },
        "2019-07": {
            "month": "2019-07",
            "price": "16.48",
            "revenue": 66628
        },
        "2019-08": {
            "month": "2019-08",
            "price": "15.95",
            "revenue": 32143
        },
        "2019-09": {
            "month": "2019-09",
            "price": "16.16",
            "revenue": 50373
        },
        "2019-10": {
            "month": "2019-10",
            "price": "16.51",
            "revenue": 25559
        },
        "2019-11": {
            "month": "2019-11",
            "price": "17.07",
            "revenue": 154381
        },
        "2019-12": {
            "month": "2019-12",
            "price": "18.85",
            "revenue": 59414
        },
        "2020-01": {
            "month": "2020-01",
            "price": "19.53",
            "revenue": 20427
        },
        "2020-02": {
            "month": "2020-02",
            "price": "18.36",
            "revenue": 44873
        },
        "2020-03": {
            "month": "2020-03",
            "price": "15.80",
            "revenue": 36664
        },
        "2020-04": {
            "month": "2020-04",
            "price": "15.85",
            "revenue": 79708
        },
        "2020-05": {
            "month": "2020-05",
            "price": "17.53",
            "revenue": 38438
        },
        "2020-06": {
            "month": "2020-06",
            "price": "17.78",
            "revenue": 267759
        },
        "2020-07": {
            "month": "2020-07",
            "price": "17.70",
            "revenue": 870040
        },
        "2020-08": {
            "month": "2020-08",
            "price": "17.20",
            "revenue": 176465
        },
        "2020-09": {
            "month": "2020-09",
            "price": "19.08",
            "revenue": 324999
        },
        "2020-10": {
            "month": "2020-10",
            "price": "19.96",
            "revenue": 96118
        },
        "2020-11": {
            "month": "2020-11",
            "price": "18.51",
            "revenue": 168982
        },
        "2020-12": {
            "month": "2020-12",
            "price": "17.82",
            "revenue": 106924
        },
        "2021-01": {
            "month": "2021-01",
            "price": "17.40",
            "revenue": 136979
        },
        "2021-02": {
            "month": "2021-02",
            "price": "17.50",
            "revenue": 98925
        },
        "2021-03": {
            "month": "2021-03",
            "price": "18.18",
            "revenue": 130171
        },
        "2021-04": {
            "month": "2021-04",
            "price": "18.05",
            "revenue": 56129
        },
        "2021-05": {
            "month": "2021-05",
            "price": "17.13",
            "revenue": 347697
        },
        "2021-06": {
            "month": "2021-06",
            "price": "17.90",
            "revenue": 591123
        },
        "2021-07": {
            "month": "2021-07",
            "price": "18.78",
            "revenue": 1410541
        },
        "2021-08": {
            "month": "2021-08",
            "price": "18.94",
            "revenue": 243500
        },
        "2021-09": {
            "month": "2021-09",
            "price": "21.23",
            "revenue": 232320
        },
        "2021-10": {
            "month": "2021-10",
            "price": "25.58",
            "revenue": 158542
        },
        "2021-11": {
            "month": "2021-11",
            "price": "24.70",
            "revenue": 17383
        },
        "2021-12": {
            "month": "2021-12",
            "price": "22.92",
            "revenue": 26824
        },
        "2022-01": {
            "month": "2022-01",
            "price": "22.00",
            "revenue": 46353
        },
        "2022-02": {
            "month": "2022-02",
            "price": "22.33",
            "revenue": 34314
        },
        "2022-03": {
            "month": "2022-03",
            "price": "23.00",
            "revenue": 133196
        },
        "2022-04": {
            "month": "2022-04",
            "price": "22.93",
            "revenue": 45463
        },
        "2022-05": {
            "month": "2022-05",
            "price": "22.46",
            "revenue": 67510
        },
        "2022-06": {
            "month": "2022-06",
            "price": "22.43",
            "revenue": 85837
        },
        "2022-07": {
            "month": "2022-07",
            "price": "22.31",
            "revenue": 69478
        },
        "2022-08": {
            "month": "2022-08",
            "price": "23.53",
            "revenue": 125929
        },
        "2022-09": {
            "month": "2022-09",
            "price": "28.47",
            "revenue": 5668
        },
        "2022-10": {
            "month": "2022-10",
            "price": "28.72",
            "revenue": 27885
        },
        "2022-11": {
            "month": "2022-11",
            "price": "32.32",
            "revenue": 863
        },
        "2022-12": {
            "month": "2022-12",
            "price": "36.35",
            "revenue": 1380284
        },
        "2023-01": {
            "month": "2023-01",
            "price": "33.57",
            "revenue": 12625
        },
        "2023-02": {
            "month": "2023-02",
            "price": "31.98",
            "revenue": 158472
        },
        "2023-03": {
            "month": "2023-03",
            "price": "32.37",
            "revenue": 306639
        },
        "2023-04": {
            "month": "2023-04",
            "price": "33.06",
            "revenue": 39846
        },
        "2023-05": {
            "month": "2023-05",
            "price": "32.29",
            "revenue": 134351
        }
    }
}
