{
    "summary": {
        "stock_name": "立益物流",
        "stock_id": "1443",
        "category": "其他",
        "main_business": "倉儲、物流、理貨加工<br>電子商務、棉紡、貿易<br>委託營造廠商興建商業大樓及國民住宅出租出售",
        "website_url": "http://www.lily.com.tw",
        "ceo": "蘇慶源",
        "pe_ratio": 22,
        "report_year_from": 2001,
        "report_year_to": 2023,
        "age": 23,
        "eps_negative_percentage": 78,
        "eps_growth_avg": {
            "last_all": -55.11,
            "last_2y": -10.22,
            "last_4y": -40.15,
            "last_8y": -40.15,
            "last_12y": -55.11,
            "last_16y": -55.11,
            "last_20y": -55.11,
            "at_2006_last_3y": null,
            "at_2007_last_3y": null,
            "at_2008_last_3y": null,
            "at_2009_last_3y": null,
            "at_2010_last_3y": null,
            "at_2011_last_3y": -100,
            "at_2012_last_3y": -100,
            "at_2013_last_3y": -100,
            "at_2014_last_3y": -100,
            "at_2015_last_3y": null,
            "at_2016_last_3y": null,
            "at_2017_last_3y": null,
            "at_2018_last_3y": null,
            "at_2019_last_3y": null,
            "at_2020_last_3y": -100,
            "at_2021_last_3y": -100,
            "at_2022_last_3y": -49.08,
            "at_2023_last_3y": -40.15,
            "at_2024_last_3y": -40.15,
            "at_2006_last_all": null,
            "at_2007_last_all": null,
            "at_2008_last_all": null,
            "at_2009_last_all": null,
            "at_2010_last_all": null,
            "at_2011_last_all": -100,
            "at_2012_last_all": -100,
            "at_2013_last_all": -100,
            "at_2014_last_all": -100,
            "at_2015_last_all": -100,
            "at_2016_last_all": -100,
            "at_2017_last_all": -100,
            "at_2018_last_all": -100,
            "at_2019_last_all": -100,
            "at_2020_last_all": -100,
            "at_2021_last_all": -100,
            "at_2022_last_all": -66.05,
            "at_2023_last_all": -55.11,
            "at_2024_last_all": -55.11
        },
        "latest_eps": 1.29,
        "latest_price": 28.4,
        "latest_roe": 9.7,
        "latest_gross_margin": 44.61,
        "latest_equity": 1605102,
        "latest_revenue": 210380,
        "latest_gross_profit": 93858,
        "latest_net_income": 21169,
        "latest_debt_ratio": 77.16,
        "latest_current_ratio": 15.9,
        "latest_account_receivable_turnover_ratio": 1.44,
        "latest_inventory_turnover_ratio": 2.48,
        "latest_reinvestment_rate": 331.86,
        "latest_research_to_sale_ratio": null
    },
    "eps_dividends": {
        "1990": {
            "cash": 0,
            "stock": 1.8,
            "eps": 0
        },
        "1991": {
            "cash": 0,
            "stock": 1,
            "eps": 0
        },
        "1992": {
            "cash": 0,
            "stock": 1.25,
            "eps": 0
        },
        "1994": {
            "cash": 0,
            "stock": 1,
            "eps": 0
        },
        "1995": {
            "cash": 0,
            "stock": 1.5,
            "eps": 0
        },
        "1996": {
            "cash": 0,
            "stock": 0.5,
            "eps": 0
        },
        "1997": {
            "cash": 0,
            "stock": 1,
            "eps": 0
        },
        "1998": {
            "cash": 0,
            "stock": 1.1,
            "eps": 0
        },
        "1999": {
            "cash": 0,
            "stock": 0.5,
            "eps": 0
        },
        "2001": {
            "cash": 0,
            "stock": 0,
            "eps": -0.94
        },
        "2002": {
            "cash": 0,
            "stock": 0,
            "eps": -0.92
        },
        "2003": {
            "cash": 0,
            "stock": 0,
            "eps": -0.69
        },
        "2004": {
            "cash": 0,
            "stock": 0,
            "eps": -0.86
        },
        "2005": {
            "cash": 0,
            "stock": 0,
            "eps": -0.75
        },
        "2006": {
            "cash": 0,
            "stock": 0,
            "eps": -0.27
        },
        "2007": {
            "cash": 0,
            "stock": 0,
            "eps": -1.28
        },
        "2008": {
            "cash": 0,
            "stock": 0,
            "eps": -0.49
        },
        "2009": {
            "cash": 0,
            "stock": 0,
            "eps": -1.02
        },
        "2010": {
            "cash": 0,
            "stock": 0,
            "eps": 0.08
        },
        "2011": {
            "cash": 0,
            "stock": 0,
            "eps": -1.8
        },
        "2012": {
            "cash": 0,
            "stock": 0,
            "eps": -2.29
        },
        "2013": {
            "cash": 0,
            "stock": 0,
            "eps": -0.61
        },
        "2014": {
            "cash": 0,
            "stock": 0,
            "eps": -1.51
        },
        "2015": {
            "cash": 0,
            "stock": 0,
            "eps": -0.89
        },
        "2016": {
            "cash": 0,
            "stock": 0,
            "eps": -1.34
        },
        "2017": {
            "cash": 0,
            "stock": 0,
            "eps": -1.79
        },
        "2018": {
            "cash": 0,
            "stock": 0,
            "eps": -2.37
        },
        "2019": {
            "cash": 0,
            "stock": 0,
            "eps": 0.01
        },
        "2020": {
            "cash": 0,
            "stock": 0,
            "eps": -0.28
        },
        "2021": {
            "cash": 0,
            "stock": 0,
            "eps": 1.63
        },
        "2022": {
            "cash": 0,
            "stock": 0,
            "eps": 1.66
        },
        "2023": {
            "cash": 0,
            "stock": 0,
            "eps": 1.29
        }
    },
    "dividends": {
        "1990-03-31": {
            "cash": 0,
            "stock": 1.8
        },
        "1991-04-23": {
            "cash": 0,
            "stock": 1
        },
        "1992-05-27": {
            "cash": 0,
            "stock": 1.25
        },
        "1994-05-20": {
            "cash": 0,
            "stock": 1
        },
        "1995-05-12": {
            "cash": 0,
            "stock": 1.5
        },
        "1996-05-17": {
            "cash": 0,
            "stock": 0.5
        },
        "1997-05-23": {
            "cash": 0,
            "stock": 1
        },
        "1998-04-30": {
            "cash": 0,
            "stock": 1.1
        },
        "1999-05-28": {
            "cash": 0,
            "stock": 0.5
        }
    },
    "prices": {
        "200101": "3.97",
        "200102": "4.01",
        "200103": "4.11",
        "200104": "4.21",
        "200105": "3.77",
        "200106": "3.03",
        "200107": "2.10",
        "200108": "2.27",
        "200109": "2.17",
        "200110": "1.99",
        "200111": "1.96",
        "200112": "2.12",
        "200201": "2.49",
        "200202": "3.01",
        "200203": "3.57",
        "200204": "4.11",
        "200205": "3.66",
        "200206": "3.96",
        "200207": "4.12",
        "200208": "4.07",
        "200209": "3.23",
        "200210": "3.10",
        "200211": "3.02",
        "200212": "3.12",
        "200301": "3.97",
        "200302": "4.07",
        "200303": "3.39",
        "200304": "3.17",
        "200305": "2.72",
        "200306": "3.73",
        "200307": "4.07",
        "200308": "3.69",
        "200309": "3.30",
        "200310": "3.87",
        "200311": "4.37",
        "200312": "4.34",
        "200401": "4.65",
        "200402": "5.58",
        "200403": "5.21",
        "200404": "5.13",
        "200405": "4.11",
        "200406": "3.60",
        "200407": "3.25",
        "200408": "3.32",
        "200409": "3.61",
        "200410": "3.85",
        "200411": "3.69",
        "200412": "3.62",
        "200501": "3.66",
        "200502": "3.37",
        "200503": "3.31",
        "200504": "3.16",
        "200505": "3.06",
        "200506": "3.13",
        "200507": "3.02",
        "200508": "2.93",
        "200509": "2.85",
        "200510": "2.84",
        "200511": "2.66",
        "200512": "2.66",
        "200601": "2.76",
        "200602": "3.04",
        "200603": "2.88",
        "200604": "2.94",
        "200605": "3.54",
        "200606": "3.21",
        "200607": "3.46",
        "200608": "3.38",
        "200609": "3.12",
        "200610": "3.06",
        "200611": "3.71",
        "200612": "4.87",
        "200701": "4.48",
        "200702": "4.19",
        "200703": "4.17",
        "200704": "4.69",
        "200705": "4.03",
        "200706": "3.92",
        "200707": "4.96",
        "200708": "4.47",
        "200709": "4.31",
        "200710": "4.20",
        "200711": "3.33",
        "200712": "3.08",
        "200801": "2.94",
        "200802": "2.92",
        "200803": "3.36",
        "200804": "3.53",
        "200805": "3.40",
        "200806": "2.94",
        "200807": "2.53",
        "200808": "2.28",
        "200809": "1.72",
        "200810": "1.32",
        "200811": "1.31",
        "200812": "1.45",
        "200901": "1.63",
        "200902": "1.48",
        "200903": "1.81",
        "200904": "2.73",
        "200905": "2.92",
        "200906": "2.55",
        "200907": "2.46",
        "200908": "2.54",
        "200909": "2.48",
        "200910": "2.96",
        "200911": "2.97",
        "200912": "3.00",
        "201001": "3.40",
        "201002": "2.96",
        "201003": "3.06",
        "201004": "3.30",
        "201005": "3.01",
        "201006": "3.07",
        "201007": "3.22",
        "201008": "3.87",
        "201009": "3.75",
        "201010": "3.98",
        "201011": "3.84",
        "201012": "3.80",
        "201101": "3.89",
        "201102": "3.81",
        "201103": "3.56",
        "201104": "3.63",
        "201105": "4.61",
        "201106": "4.06",
        "201107": "3.68",
        "201108": "3.38",
        "201109": "5.00",
        "201110": "6.04",
        "201111": "5.86",
        "201112": "5.31",
        "201201": "5.23",
        "201202": "6.25",
        "201203": "6.00",
        "201204": "5.14",
        "201205": "4.77",
        "201206": "4.27",
        "201207": "4.22",
        "201208": "4.17",
        "201209": "4.65",
        "201210": "5.51",
        "201211": "5.02",
        "201212": "5.16",
        "201301": "5.31",
        "201302": "5.34",
        "201303": "5.19",
        "201304": "4.94",
        "201305": "5.42",
        "201306": "5.62",
        "201307": "6.07",
        "201308": "6.40",
        "201309": "7.40",
        "201310": "9.70",
        "201311": "9.27",
        "201312": "8.48",
        "201401": "8.22",
        "201402": "7.70",
        "201403": "7.65",
        "201404": "7.57",
        "201405": "7.62",
        "201406": "7.68",
        "201407": "8.72",
        "201408": "7.56",
        "201409": "7.22",
        "201410": "7.07",
        "201411": "6.68",
        "201412": "6.35",
        "201501": "6.48",
        "201502": "6.80",
        "201503": "6.84",
        "201504": "6.79",
        "201505": "6.46",
        "201506": "5.59",
        "201507": "5.69",
        "201508": "4.90",
        "201509": "5.05",
        "201510": "5.08",
        "201511": "4.91",
        "201512": "5.14",
        "201601": "5.16",
        "201602": "5.20",
        "201603": "5.22",
        "201604": "5.09",
        "201605": "4.98",
        "201606": "4.82",
        "201607": "4.88",
        "201608": "4.76",
        "201609": "4.74",
        "201610": "4.70",
        "201611": "4.58",
        "201612": "4.55",
        "201701": "4.70",
        "201702": "5.94",
        "201703": "6.18",
        "201704": "5.34",
        "201705": "6.03",
        "201706": "5.74",
        "201707": "5.97",
        "201708": "6.06",
        "201709": "5.93",
        "201710": "5.94",
        "201711": "5.75",
        "201712": "5.43",
        "201801": "5.47",
        "201802": "5.39",
        "201803": "5.77",
        "201804": "5.73",
        "201805": "5.62",
        "201806": "6.15",
        "201807": "6.94",
        "201808": "7.17",
        "201809": "7.05",
        "201810": "6.85",
        "201811": "6.92",
        "201812": "6.84",
        "201901": "6.84",
        "201902": "6.99",
        "201903": "7.04",
        "201904": "7.09",
        "201905": "7.53",
        "201906": "7.94",
        "201907": "8.54",
        "201908": "9.55",
        "201909": "9.51",
        "201910": "9.80",
        "201911": "9.81",
        "201912": "9.76",
        "202001": "9.64",
        "202002": "9.35",
        "202003": "8.91",
        "202004": "8.56",
        "202005": "8.91",
        "202006": "9.11",
        "202007": "9.07",
        "202008": "9.13",
        "202009": "8.90",
        "202010": "9.03",
        "202011": "9.75",
        "202012": "11.25",
        "202101": "11.36",
        "202102": "11.37",
        "202103": "11.18",
        "202104": "12.32",
        "202105": "12.43",
        "202106": "15.54",
        "202107": "15.81",
        "202108": "14.74",
        "202109": "15.16",
        "202110": "15.28",
        "202111": "16.78",
        "202112": "16.79",
        "202201": "16.31",
        "202202": "16.14",
        "202203": "15.86",
        "202204": "16.01",
        "202205": "16.11",
        "202206": "16.23",
        "202207": "16.09",
        "202208": "18.74",
        "202209": "19.97",
        "202210": "19.75",
        "202211": "21.00",
        "202212": "21.02",
        "202301": "25.35",
        "202302": "30.22",
        "202303": "29.83",
        "202304": "29.18",
        "202305": "28.95",
        "202306": "29.00",
        "202307": "28.62",
        "202308": "28.46",
        "202309": "28.29",
        "202310": "28.56",
        "202311": "28.50",
        "202312": "28.63",
        "202401": "28.72",
        "202402": "28.61",
        "202403": "28.46",
        "202404": "無"
    },
    "quarters": {
        "20011": {
            "year_quarter": 20011,
            "year": 2001,
            "quarter": 1,
            "eps": -0.09,
            "eps_growth_year": -140.91,
            "eps_4q": -1.14,
            "eps_4q_growth_year": -3914.07,
            "roe": -0.79,
            "roe_4q": -0.79,
            "gross_profit": -7588,
            "gross_margin": -5.24,
            "gross_margin_4q_avg": -5.24,
            "net_income": -26715,
            "net_income_4q": null,
            "revenue": 144883,
            "revenue_4q": null,
            "common_shares": 3010900,
            "book_valuer_per_share": 10.38,
            "book_valuer_per_share_4q_avg": 10.38,
            "equity": 3126205,
            "current_ratio": 92.81,
            "debt_ratio": 28.11,
            "inventory_turnover_ratio": 0.13,
            "account_receivable_turnover_ratio": null,
            "reinvestment_rate": null,
            "research_to_sale_ratio": null,
            "price_fair": 0,
            "eps_avg_yearly": 0,
            "eps_latest_yearly": 0,
            "eps_growth_yearly": 0
        },
        "20012": {
            "year_quarter": 20012,
            "year": 2001,
            "quarter": 2,
            "eps": -0.23,
            "eps_growth_year": null,
            "eps_4q": -1.05,
            "eps_4q_growth_year": null,
            "roe": -2.22,
            "roe_4q": -3.0100000000000002,
            "gross_profit": -12038,
            "gross_margin": -6.73,
            "gross_margin_4q_avg": -5.99,
            "net_income": -68460,
            "net_income_4q": null,
            "revenue": 178755,
            "revenue_4q": null,
            "common_shares": 3010900,
            "book_valuer_per_share": 10.13,
            "book_valuer_per_share_4q_avg": 10.26,
            "equity": 3049999,
            "current_ratio": 80.38,
            "debt_ratio": 34.63,
            "inventory_turnover_ratio": 0.35,
            "account_receivable_turnover_ratio": null,
            "reinvestment_rate": null,
            "research_to_sale_ratio": null,
            "price_fair": 0,
            "eps_avg_yearly": 0,
            "eps_latest_yearly": 0,
            "eps_growth_yearly": 0
        },
        "20013": {
            "year_quarter": 20013,
            "year": 2001,
            "quarter": 3,
            "eps": -0.24,
            "eps_growth_year": null,
            "eps_4q": -1.01,
            "eps_4q_growth_year": null,
            "roe": -2.44,
            "roe_4q": -5.45,
            "gross_profit": -7934,
            "gross_margin": -3.77,
            "gross_margin_4q_avg": -5.25,
            "net_income": -73696,
            "net_income_4q": null,
            "revenue": 210711,
            "revenue_4q": null,
            "common_shares": 3010900,
            "book_valuer_per_share": 9.92,
            "book_valuer_per_share_4q_avg": 10.14,
            "equity": 2988304,
            "current_ratio": 63,
            "debt_ratio": 32.28,
            "inventory_turnover_ratio": 0.46,
            "account_receivable_turnover_ratio": null,
            "reinvestment_rate": null,
            "research_to_sale_ratio": null,
            "price_fair": 0,
            "eps_avg_yearly": 0,
            "eps_latest_yearly": 0,
            "eps_growth_yearly": 0
        },
        "20014": {
            "year_quarter": 20014,
            "year": 2001,
            "quarter": 4,
            "eps": -0.38,
            "eps_growth_year": null,
            "eps_4q": -0.77,
            "eps_4q_growth_year": null,
            "roe": -3.64,
            "roe_4q": -9.09,
            "gross_profit": -23243,
            "gross_margin": -8.7,
            "gross_margin_4q_avg": -6.11,
            "net_income": -115484,
            "net_income_4q": null,
            "revenue": 267276,
            "revenue_4q": null,
            "common_shares": 3010900,
            "book_valuer_per_share": 10.14,
            "book_valuer_per_share_4q_avg": 10.14,
            "equity": 3358874,
            "current_ratio": 75.14,
            "debt_ratio": 47.57,
            "inventory_turnover_ratio": 0.47,
            "account_receivable_turnover_ratio": null,
            "reinvestment_rate": null,
            "research_to_sale_ratio": null,
            "price_fair": 0,
            "eps_avg_yearly": 0,
            "eps_latest_yearly": 0,
            "eps_growth_yearly": 0
        },
        "20021": {
            "year_quarter": 20021,
            "year": 2002,
            "quarter": 1,
            "eps": -0.27,
            "eps_growth_year": null,
            "eps_4q": -1.2,
            "eps_4q_growth_year": null,
            "roe": -2.33,
            "roe_4q": -10.63,
            "gross_profit": -8810,
            "gross_margin": -5.37,
            "gross_margin_4q_avg": -6.14,
            "net_income": -74583,
            "net_income_4q": null,
            "revenue": 163989,
            "revenue_4q": null,
            "common_shares": 3010900,
            "book_valuer_per_share": 10.13,
            "book_valuer_per_share_4q_avg": 10.08,
            "equity": 3051439,
            "current_ratio": 107.63,
            "debt_ratio": 33.87,
            "inventory_turnover_ratio": 0.31,
            "account_receivable_turnover_ratio": null,
            "reinvestment_rate": null,
            "research_to_sale_ratio": null,
            "price_fair": 0,
            "eps_avg_yearly": 0,
            "eps_latest_yearly": 0,
            "eps_growth_yearly": 0
        },
        "20022": {
            "year_quarter": 20022,
            "year": 2002,
            "quarter": 2,
            "eps": -0.19,
            "eps_growth_year": null,
            "eps_4q": -1.05,
            "eps_4q_growth_year": null,
            "roe": -1.77,
            "roe_4q": -10.18,
            "gross_profit": -11045,
            "gross_margin": -5.19,
            "gross_margin_4q_avg": -5.76,
            "net_income": -52989,
            "net_income_4q": null,
            "revenue": 212858,
            "revenue_4q": null,
            "common_shares": 3010900,
            "book_valuer_per_share": 9.76,
            "book_valuer_per_share_4q_avg": 9.99,
            "equity": 2937281,
            "current_ratio": 65.98,
            "debt_ratio": 35.89,
            "inventory_turnover_ratio": 0.84,
            "account_receivable_turnover_ratio": null,
            "reinvestment_rate": null,
            "research_to_sale_ratio": null,
            "price_fair": 0,
            "eps_avg_yearly": 0,
            "eps_latest_yearly": 0,
            "eps_growth_yearly": 0
        },
        "20023": {
            "year_quarter": 20023,
            "year": 2002,
            "quarter": 3,
            "eps": -0.1,
            "eps_growth_year": null,
            "eps_4q": -0.9,
            "eps_4q_growth_year": null,
            "roe": -0.95,
            "roe_4q": -8.69,
            "gross_profit": -6231,
            "gross_margin": -3.39,
            "gross_margin_4q_avg": -5.66,
            "net_income": -27919,
            "net_income_4q": null,
            "revenue": 183564,
            "revenue_4q": null,
            "common_shares": 3010900,
            "book_valuer_per_share": 9.68,
            "book_valuer_per_share_4q_avg": 9.93,
            "equity": 2913510,
            "current_ratio": 44.35,
            "debt_ratio": 41.91,
            "inventory_turnover_ratio": 0.71,
            "account_receivable_turnover_ratio": null,
            "reinvestment_rate": null,
            "research_to_sale_ratio": null,
            "price_fair": 0,
            "eps_avg_yearly": 0,
            "eps_latest_yearly": 0,
            "eps_growth_yearly": 0
        },
        "20024": {
            "year_quarter": 20024,
            "year": 2002,
            "quarter": 4,
            "eps": -0.36,
            "eps_growth_year": null,
            "eps_4q": -0.68,
            "eps_4q_growth_year": null,
            "roe": -3.3,
            "roe_4q": -8.35,
            "gross_profit": -8869,
            "gross_margin": -4.11,
            "gross_margin_4q_avg": -4.52,
            "net_income": -102348,
            "net_income_4q": null,
            "revenue": 215855,
            "revenue_4q": null,
            "common_shares": 3010900,
            "book_valuer_per_share": 9.57,
            "book_valuer_per_share_4q_avg": 9.79,
            "equity": 3296860,
            "current_ratio": 72.23,
            "debt_ratio": 51.25,
            "inventory_turnover_ratio": 0.38,
            "account_receivable_turnover_ratio": null,
            "reinvestment_rate": null,
            "research_to_sale_ratio": null,
            "price_fair": 0,
            "eps_avg_yearly": 0,
            "eps_latest_yearly": 0,
            "eps_growth_yearly": 0
        },
        "20031": {
            "year_quarter": 20031,
            "year": 2003,
            "quarter": 1,
            "eps": -0.01,
            "eps_growth_year": null,
            "eps_4q": -0.47,
            "eps_4q_growth_year": null,
            "roe": -0.13,
            "roe_4q": -6.15,
            "gross_profit": 2459,
            "gross_margin": 1.71,
            "gross_margin_4q_avg": -2.75,
            "net_income": -4026,
            "net_income_4q": null,
            "revenue": 143507,
            "revenue_4q": null,
            "common_shares": 3010900,
            "book_valuer_per_share": 9.56,
            "book_valuer_per_share_4q_avg": 9.64,
            "equity": 2877675,
            "current_ratio": 89.29,
            "debt_ratio": 41.61,
            "inventory_turnover_ratio": 0.23,
            "account_receivable_turnover_ratio": null,
            "reinvestment_rate": null,
            "research_to_sale_ratio": null,
            "price_fair": 0,
            "eps_avg_yearly": 0,
            "eps_latest_yearly": 0,
            "eps_growth_yearly": 0
        },
        "20032": {
            "year_quarter": 20032,
            "year": 2003,
            "quarter": 2,
            "eps": -0.1,
            "eps_growth_year": null,
            "eps_4q": -0.54,
            "eps_4q_growth_year": null,
            "roe": -0.98,
            "roe_4q": -5.36,
            "gross_profit": -11545,
            "gross_margin": -6.11,
            "gross_margin_4q_avg": -2.98,
            "net_income": -27954,
            "net_income_4q": null,
            "revenue": 188898,
            "revenue_4q": null,
            "common_shares": 3010900,
            "book_valuer_per_share": 9.49,
            "book_valuer_per_share_4q_avg": 9.58,
            "equity": 2856337,
            "current_ratio": 65.47,
            "debt_ratio": 42.42,
            "inventory_turnover_ratio": 0.62,
            "account_receivable_turnover_ratio": null,
            "reinvestment_rate": null,
            "research_to_sale_ratio": null,
            "price_fair": 0,
            "eps_avg_yearly": 0,
            "eps_latest_yearly": 0,
            "eps_growth_yearly": 0
        },
        "20033": {
            "year_quarter": 20033,
            "year": 2003,
            "quarter": 3,
            "eps": -0.2,
            "eps_growth_year": null,
            "eps_4q": -0.63,
            "eps_4q_growth_year": null,
            "roe": -1.98,
            "roe_4q": -6.39,
            "gross_profit": -12213,
            "gross_margin": -5.19,
            "gross_margin_4q_avg": -3.43,
            "net_income": -56063,
            "net_income_4q": null,
            "revenue": 235371,
            "revenue_4q": null,
            "common_shares": 3010900,
            "book_valuer_per_share": 9.28,
            "book_valuer_per_share_4q_avg": 9.48,
            "equity": 2793820,
            "current_ratio": 75.34,
            "debt_ratio": 42.76,
            "inventory_turnover_ratio": 0.81,
            "account_receivable_turnover_ratio": null,
            "reinvestment_rate": null,
            "research_to_sale_ratio": null,
            "price_fair": 0,
            "eps_avg_yearly": 0,
            "eps_latest_yearly": 0,
            "eps_growth_yearly": 0
        },
        "20034": {
            "year_quarter": 20034,
            "year": 2003,
            "quarter": 4,
            "eps": -0.38,
            "eps_growth_year": null,
            "eps_4q": -0.54,
            "eps_4q_growth_year": null,
            "roe": -3.71,
            "roe_4q": -6.8,
            "gross_profit": 7198,
            "gross_margin": 3.02,
            "gross_margin_4q_avg": -1.64,
            "net_income": -107772,
            "net_income_4q": null,
            "revenue": 238434,
            "revenue_4q": null,
            "common_shares": 3010900,
            "book_valuer_per_share": 8.89,
            "book_valuer_per_share_4q_avg": 9.31,
            "equity": 3012917,
            "current_ratio": 86.51,
            "debt_ratio": 56.47,
            "inventory_turnover_ratio": 0.27,
            "account_receivable_turnover_ratio": null,
            "reinvestment_rate": null,
            "research_to_sale_ratio": null,
            "price_fair": 0,
            "eps_avg_yearly": 0,
            "eps_latest_yearly": 0,
            "eps_growth_yearly": 0
        },
        "20041": {
            "year_quarter": 20041,
            "year": 2004,
            "quarter": 1,
            "eps": -0.08,
            "eps_growth_year": null,
            "eps_4q": -0.77,
            "eps_4q_growth_year": null,
            "roe": -0.78,
            "roe_4q": -7.450000000000001,
            "gross_profit": 27829,
            "gross_margin": 11.91,
            "gross_margin_4q_avg": 0.91,
            "net_income": -22094,
            "net_income_4q": null,
            "revenue": 233580,
            "revenue_4q": null,
            "common_shares": 3010900,
            "book_valuer_per_share": 8.82,
            "book_valuer_per_share_4q_avg": 9.12,
            "equity": 2654713,
            "current_ratio": 106.06,
            "debt_ratio": 42.56,
            "inventory_turnover_ratio": 0.2,
            "account_receivable_turnover_ratio": null,
            "reinvestment_rate": null,
            "research_to_sale_ratio": null,
            "price_fair": 0,
            "eps_avg_yearly": 0,
            "eps_latest_yearly": 0,
            "eps_growth_yearly": 0
        },
        "20042": {
            "year_quarter": 20042,
            "year": 2004,
            "quarter": 2,
            "eps": 0.03,
            "eps_growth_year": null,
            "eps_4q": -0.62,
            "eps_4q_growth_year": null,
            "roe": 0.32,
            "roe_4q": -6.15,
            "gross_profit": 13177,
            "gross_margin": 5.47,
            "gross_margin_4q_avg": 3.8,
            "net_income": 8641,
            "net_income_4q": null,
            "revenue": 240937,
            "revenue_4q": null,
            "common_shares": 3010900,
            "book_valuer_per_share": 8.9,
            "book_valuer_per_share_4q_avg": 8.97,
            "equity": 2680570,
            "current_ratio": 88,
            "debt_ratio": 42.81,
            "inventory_turnover_ratio": 0.36,
            "account_receivable_turnover_ratio": null,
            "reinvestment_rate": null,
            "research_to_sale_ratio": null,
            "price_fair": 0,
            "eps_avg_yearly": 0,
            "eps_latest_yearly": 0,
            "eps_growth_yearly": 0
        },
        "20043": {
            "year_quarter": 20043,
            "year": 2004,
            "quarter": 3,
            "eps": -0.24,
            "eps_growth_year": null,
            "eps_4q": -0.63,
            "eps_4q_growth_year": null,
            "roe": -2.54,
            "roe_4q": -6.71,
            "gross_profit": -7362,
            "gross_margin": -3.12,
            "gross_margin_4q_avg": 4.32,
            "net_income": -67116,
            "net_income_4q": null,
            "revenue": 236152,
            "revenue_4q": null,
            "common_shares": 3010900,
            "book_valuer_per_share": 8.68,
            "book_valuer_per_share_4q_avg": 8.82,
            "equity": 2612302,
            "current_ratio": 89.48,
            "debt_ratio": 46,
            "inventory_turnover_ratio": 0.36,
            "account_receivable_turnover_ratio": null,
            "reinvestment_rate": null,
            "research_to_sale_ratio": null,
            "price_fair": 0,
            "eps_avg_yearly": 0,
            "eps_latest_yearly": 0,
            "eps_growth_yearly": 0
        },
        "20044": {
            "year_quarter": 20044,
            "year": 2004,
            "quarter": 4,
            "eps": -0.57,
            "eps_growth_year": null,
            "eps_4q": -0.69,
            "eps_4q_growth_year": null,
            "roe": -6.12,
            "roe_4q": -9.12,
            "gross_profit": -3727,
            "gross_margin": -1.61,
            "gross_margin_4q_avg": 3.16,
            "net_income": -162090,
            "net_income_4q": null,
            "revenue": 230845,
            "revenue_4q": null,
            "common_shares": 3010900,
            "book_valuer_per_share": 8.07,
            "book_valuer_per_share_4q_avg": 8.62,
            "equity": 2681457,
            "current_ratio": 87.38,
            "debt_ratio": 61.82,
            "inventory_turnover_ratio": 0.19,
            "account_receivable_turnover_ratio": null,
            "reinvestment_rate": null,
            "research_to_sale_ratio": null,
            "price_fair": 0,
            "eps_avg_yearly": 0,
            "eps_latest_yearly": 0,
            "eps_growth_yearly": 0
        },
        "20051": {
            "year_quarter": 20051,
            "year": 2005,
            "quarter": 1,
            "eps": -0.17,
            "eps_growth_year": null,
            "eps_4q": -0.93,
            "eps_4q_growth_year": null,
            "roe": -1.92,
            "roe_4q": -10.259999999999998,
            "gross_profit": -4556,
            "gross_margin": -2.69,
            "gross_margin_4q_avg": -0.49,
            "net_income": -49241,
            "net_income_4q": null,
            "revenue": 169086,
            "revenue_4q": null,
            "common_shares": 3010900,
            "book_valuer_per_share": 8.1,
            "book_valuer_per_share_4q_avg": 8.44,
            "equity": 2439160,
            "current_ratio": 89.58,
            "debt_ratio": 47.71,
            "inventory_turnover_ratio": 0.14,
            "account_receivable_turnover_ratio": null,
            "reinvestment_rate": null,
            "research_to_sale_ratio": null,
            "price_fair": 0,
            "eps_avg_yearly": 0,
            "eps_latest_yearly": 0,
            "eps_growth_yearly": 0
        },
        "20052": {
            "year_quarter": 20052,
            "year": 2005,
            "quarter": 2,
            "eps": 0,
            "eps_growth_year": -100,
            "eps_4q": -0.92,
            "eps_4q_growth_year": null,
            "roe": 0.05,
            "roe_4q": -10.530000000000001,
            "gross_profit": -4049,
            "gross_margin": -2.14,
            "gross_margin_4q_avg": -2.39,
            "net_income": 1168,
            "net_income_4q": null,
            "revenue": 189356,
            "revenue_4q": null,
            "common_shares": 3010900,
            "book_valuer_per_share": 8.04,
            "book_valuer_per_share_4q_avg": 8.22,
            "equity": 2420211,
            "current_ratio": 89.98,
            "debt_ratio": 49.19,
            "inventory_turnover_ratio": 0.23,
            "account_receivable_turnover_ratio": null,
            "reinvestment_rate": null,
            "research_to_sale_ratio": null,
            "price_fair": 0,
            "eps_avg_yearly": 0,
            "eps_latest_yearly": 0,
            "eps_growth_yearly": 0
        },
        "20053": {
            "year_quarter": 20053,
            "year": 2005,
            "quarter": 3,
            "eps": -0.27,
            "eps_growth_year": null,
            "eps_4q": -0.95,
            "eps_4q_growth_year": null,
            "roe": -3.17,
            "roe_4q": -11.16,
            "gross_profit": -24350,
            "gross_margin": -10.26,
            "gross_margin_4q_avg": -4.18,
            "net_income": -75874,
            "net_income_4q": null,
            "revenue": 237382,
            "revenue_4q": null,
            "common_shares": 3010900,
            "book_valuer_per_share": 7.88,
            "book_valuer_per_share_4q_avg": 8.02,
            "equity": 2374029,
            "current_ratio": 89.45,
            "debt_ratio": 50.72,
            "inventory_turnover_ratio": 0.29,
            "account_receivable_turnover_ratio": null,
            "reinvestment_rate": null,
            "research_to_sale_ratio": null,
            "price_fair": 0,
            "eps_avg_yearly": 0,
            "eps_latest_yearly": 0,
            "eps_growth_yearly": 0
        },
        "20054": {
            "year_quarter": 20054,
            "year": 2005,
            "quarter": 4,
            "eps": -0.31,
            "eps_growth_year": null,
            "eps_4q": -0.59,
            "eps_4q_growth_year": null,
            "roe": -3.33,
            "roe_4q": -8.370000000000001,
            "gross_profit": 1821,
            "gross_margin": 0.8,
            "gross_margin_4q_avg": -3.57,
            "net_income": -85614,
            "net_income_4q": null,
            "revenue": 226843,
            "revenue_4q": null,
            "common_shares": 3010900,
            "book_valuer_per_share": 7.98,
            "book_valuer_per_share_4q_avg": 8,
            "equity": 2775431,
            "current_ratio": 90.95,
            "debt_ratio": 62.61,
            "inventory_turnover_ratio": 0.15,
            "account_receivable_turnover_ratio": null,
            "reinvestment_rate": null,
            "research_to_sale_ratio": null,
            "price_fair": 0,
            "eps_avg_yearly": 0,
            "eps_latest_yearly": 0,
            "eps_growth_yearly": 0
        },
        "20061": {
            "year_quarter": 20061,
            "year": 2006,
            "quarter": 1,
            "eps": -0.12,
            "eps_growth_year": null,
            "eps_4q": -0.69,
            "eps_4q_growth_year": null,
            "roe": -1.28,
            "roe_4q": -7.73,
            "gross_profit": 860,
            "gross_margin": 0.49,
            "gross_margin_4q_avg": -2.78,
            "net_income": -33719,
            "net_income_4q": null,
            "revenue": 176261,
            "revenue_4q": null,
            "common_shares": 3010900,
            "book_valuer_per_share": 8.28,
            "book_valuer_per_share_4q_avg": 8.05,
            "equity": 2494357,
            "current_ratio": 86.15,
            "debt_ratio": 47.82,
            "inventory_turnover_ratio": 0.12,
            "account_receivable_turnover_ratio": null,
            "reinvestment_rate": null,
            "research_to_sale_ratio": null,
            "price_fair": 0,
            "eps_avg_yearly": 0,
            "eps_latest_yearly": 0,
            "eps_growth_yearly": 0
        },
        "20062": {
            "year_quarter": 20062,
            "year": 2006,
            "quarter": 2,
            "eps": -0.01,
            "eps_growth_year": null,
            "eps_4q": -0.65,
            "eps_4q_growth_year": null,
            "roe": -0.06,
            "roe_4q": -7.84,
            "gross_profit": 41314,
            "gross_margin": 12.8,
            "gross_margin_4q_avg": 0.96,
            "net_income": -1504,
            "net_income_4q": null,
            "revenue": 322788,
            "revenue_4q": null,
            "common_shares": 3010900,
            "book_valuer_per_share": 8.3,
            "book_valuer_per_share_4q_avg": 8.11,
            "equity": 2499779,
            "current_ratio": 80.68,
            "debt_ratio": 45.19,
            "inventory_turnover_ratio": 0.37,
            "account_receivable_turnover_ratio": null,
            "reinvestment_rate": null,
            "research_to_sale_ratio": null,
            "price_fair": 0,
            "eps_avg_yearly": 0,
            "eps_latest_yearly": 0,
            "eps_growth_yearly": 0
        },
        "20063": {
            "year_quarter": 20063,
            "year": 2006,
            "quarter": 3,
            "eps": 0.02,
            "eps_growth_year": null,
            "eps_4q": -0.46,
            "eps_4q_growth_year": null,
            "roe": 0.2,
            "roe_4q": -4.470000000000001,
            "gross_profit": 24021,
            "gross_margin": 7.47,
            "gross_margin_4q_avg": 5.39,
            "net_income": 5008,
            "net_income_4q": null,
            "revenue": 321761,
            "revenue_4q": null,
            "common_shares": 3010900,
            "book_valuer_per_share": 8.33,
            "book_valuer_per_share_4q_avg": 8.22,
            "equity": 2508809,
            "current_ratio": 79.21,
            "debt_ratio": 45.11,
            "inventory_turnover_ratio": 0.44,
            "account_receivable_turnover_ratio": null,
            "reinvestment_rate": null,
            "research_to_sale_ratio": null,
            "price_fair": 0,
            "eps_avg_yearly": 0,
            "eps_latest_yearly": 0,
            "eps_growth_yearly": 0
        },
        "20064": {
            "year_quarter": 20064,
            "year": 2006,
            "quarter": 4,
            "eps": -0.16,
            "eps_growth_year": null,
            "eps_4q": -0.18,
            "eps_4q_growth_year": null,
            "roe": -1.58,
            "roe_4q": -2.72,
            "gross_profit": 10956,
            "gross_margin": 4.43,
            "gross_margin_4q_avg": 6.3,
            "net_income": -42929,
            "net_income_4q": null,
            "revenue": 247465,
            "revenue_4q": null,
            "common_shares": 3010900,
            "book_valuer_per_share": 8.22,
            "book_valuer_per_share_4q_avg": 8.28,
            "equity": 2929547,
            "current_ratio": 82.6,
            "debt_ratio": 59.84,
            "inventory_turnover_ratio": 0.19,
            "account_receivable_turnover_ratio": null,
            "reinvestment_rate": null,
            "research_to_sale_ratio": null,
            "price_fair": 0,
            "eps_avg_yearly": 0,
            "eps_latest_yearly": 0,
            "eps_growth_yearly": 0
        },
        "20071": {
            "year_quarter": 20071,
            "year": 2007,
            "quarter": 1,
            "eps": -0.12,
            "eps_growth_year": null,
            "eps_4q": -0.26,
            "eps_4q_growth_year": null,
            "roe": -1.26,
            "roe_4q": -2.6999999999999997,
            "gross_profit": 6904,
            "gross_margin": 3.57,
            "gross_margin_4q_avg": 7.07,
            "net_income": -33777,
            "net_income_4q": null,
            "revenue": 193506,
            "revenue_4q": null,
            "common_shares": 3010900,
            "book_valuer_per_share": 8.11,
            "book_valuer_per_share_4q_avg": 8.24,
            "equity": 2440663,
            "current_ratio": 77.97,
            "debt_ratio": 45.04,
            "inventory_turnover_ratio": 0.15,
            "account_receivable_turnover_ratio": null,
            "reinvestment_rate": null,
            "research_to_sale_ratio": null,
            "price_fair": 0,
            "eps_avg_yearly": 0,
            "eps_latest_yearly": 0,
            "eps_growth_yearly": 0
        },
        "20072": {
            "year_quarter": 20072,
            "year": 2007,
            "quarter": 2,
            "eps": -0.42,
            "eps_growth_year": null,
            "eps_4q": -0.62,
            "eps_4q_growth_year": null,
            "roe": -4.8,
            "roe_4q": -7.4399999999999995,
            "gross_profit": 11519,
            "gross_margin": 7.55,
            "gross_margin_4q_avg": 5.76,
            "net_income": -114976,
            "net_income_4q": null,
            "revenue": 152595,
            "revenue_4q": null,
            "common_shares": 3010900,
            "book_valuer_per_share": 7.8,
            "book_valuer_per_share_4q_avg": 8.12,
            "equity": 2348404,
            "current_ratio": 77.82,
            "debt_ratio": 47.26,
            "inventory_turnover_ratio": 0.22,
            "account_receivable_turnover_ratio": null,
            "reinvestment_rate": null,
            "research_to_sale_ratio": null,
            "price_fair": 0,
            "eps_avg_yearly": 0,
            "eps_latest_yearly": 0,
            "eps_growth_yearly": 0
        },
        "20073": {
            "year_quarter": 20073,
            "year": 2007,
            "quarter": 3,
            "eps": -0.36,
            "eps_growth_year": -1900,
            "eps_4q": -0.97,
            "eps_4q_growth_year": null,
            "roe": -4.42,
            "roe_4q": -12.059999999999999,
            "gross_profit": -31523,
            "gross_margin": -8.07,
            "gross_margin_4q_avg": 1.87,
            "net_income": -101818,
            "net_income_4q": null,
            "revenue": 390693,
            "revenue_4q": null,
            "common_shares": 3010900,
            "book_valuer_per_share": 7.49,
            "book_valuer_per_share_4q_avg": 7.91,
            "equity": 2254958,
            "current_ratio": 70.36,
            "debt_ratio": 46.64,
            "inventory_turnover_ratio": 0.73,
            "account_receivable_turnover_ratio": null,
            "reinvestment_rate": null,
            "research_to_sale_ratio": null,
            "price_fair": 0,
            "eps_avg_yearly": 0,
            "eps_latest_yearly": 0,
            "eps_growth_yearly": 0
        },
        "20074": {
            "year_quarter": 20074,
            "year": 2007,
            "quarter": 4,
            "eps": -0.38,
            "eps_growth_year": null,
            "eps_4q": -1.01,
            "eps_4q_growth_year": null,
            "roe": -4.65,
            "roe_4q": -15.13,
            "gross_profit": -10992,
            "gross_margin": -4.83,
            "gross_margin_4q_avg": -0.45,
            "net_income": -106054,
            "net_income_4q": null,
            "revenue": 227784,
            "revenue_4q": null,
            "common_shares": 3010900,
            "book_valuer_per_share": 7.11,
            "book_valuer_per_share_4q_avg": 7.63,
            "equity": 2310075,
            "current_ratio": 68.32,
            "debt_ratio": 64.94,
            "inventory_turnover_ratio": 0.25,
            "account_receivable_turnover_ratio": null,
            "reinvestment_rate": null,
            "research_to_sale_ratio": null,
            "price_fair": 0,
            "eps_avg_yearly": 0,
            "eps_latest_yearly": 0,
            "eps_growth_yearly": 0
        },
        "20081": {
            "year_quarter": 20081,
            "year": 2008,
            "quarter": 1,
            "eps": -0.28,
            "eps_growth_year": null,
            "eps_4q": -1.35,
            "eps_4q_growth_year": null,
            "roe": -3.72,
            "roe_4q": -17.59,
            "gross_profit": -21130,
            "gross_margin": -3.96,
            "gross_margin_4q_avg": -2.33,
            "net_income": -83614,
            "net_income_4q": null,
            "revenue": 533335,
            "revenue_4q": null,
            "common_shares": 3010900,
            "book_valuer_per_share": 6.86,
            "book_valuer_per_share_4q_avg": 7.32,
            "equity": 2189428,
            "current_ratio": 73.06,
            "debt_ratio": 65.42,
            "inventory_turnover_ratio": 0.4,
            "account_receivable_turnover_ratio": null,
            "reinvestment_rate": null,
            "research_to_sale_ratio": null,
            "price_fair": 0,
            "eps_avg_yearly": 0,
            "eps_latest_yearly": 0,
            "eps_growth_yearly": 0
        },
        "20082": {
            "year_quarter": 20082,
            "year": 2008,
            "quarter": 2,
            "eps": 0.09,
            "eps_growth_year": null,
            "eps_4q": -0.97,
            "eps_4q_growth_year": null,
            "roe": 1.11,
            "roe_4q": -11.68,
            "gross_profit": 60889,
            "gross_margin": 7.95,
            "gross_margin_4q_avg": -2.23,
            "net_income": 24353,
            "net_income_4q": null,
            "revenue": 766255,
            "revenue_4q": null,
            "common_shares": 3010900,
            "book_valuer_per_share": 6.94,
            "book_valuer_per_share_4q_avg": 7.1,
            "equity": 2209787,
            "current_ratio": 69.63,
            "debt_ratio": 63.87,
            "inventory_turnover_ratio": 0.52,
            "account_receivable_turnover_ratio": null,
            "reinvestment_rate": null,
            "research_to_sale_ratio": null,
            "price_fair": 0,
            "eps_avg_yearly": 0,
            "eps_latest_yearly": 0,
            "eps_growth_yearly": 0
        },
        "20083": {
            "year_quarter": 20083,
            "year": 2008,
            "quarter": 3,
            "eps": 0.01,
            "eps_growth_year": null,
            "eps_4q": -0.53,
            "eps_4q_growth_year": null,
            "roe": -0.05,
            "roe_4q": -7.3100000000000005,
            "gross_profit": 4321,
            "gross_margin": 0.38,
            "gross_margin_4q_avg": -0.12,
            "net_income": -1060,
            "net_income_4q": null,
            "revenue": 1124671,
            "revenue_4q": null,
            "common_shares": 3010900,
            "book_valuer_per_share": 6.96,
            "book_valuer_per_share_4q_avg": 6.97,
            "equity": 2193223,
            "current_ratio": 72.66,
            "debt_ratio": 66.01,
            "inventory_turnover_ratio": 0.87,
            "account_receivable_turnover_ratio": null,
            "reinvestment_rate": null,
            "research_to_sale_ratio": null,
            "price_fair": 0.12,
            "eps_avg_yearly": 0.04,
            "eps_latest_yearly": 0.04,
            "eps_growth_yearly": -355.56
        },
        "20084": {
            "year_quarter": 20084,
            "year": 2008,
            "quarter": 4,
            "eps": -0.31,
            "eps_growth_year": null,
            "eps_4q": -0.39,
            "eps_4q_growth_year": null,
            "roe": -5.25,
            "roe_4q": -7.91,
            "gross_profit": -27776,
            "gross_margin": -5.15,
            "gross_margin_4q_avg": -0.2,
            "net_income": -114626,
            "net_income_4q": null,
            "revenue": 539295,
            "revenue_4q": null,
            "common_shares": 3010900,
            "book_valuer_per_share": 6.6,
            "book_valuer_per_share_4q_avg": 6.84,
            "equity": 2175941,
            "current_ratio": 66.69,
            "debt_ratio": 64.69,
            "inventory_turnover_ratio": 0.49,
            "account_receivable_turnover_ratio": 1.81,
            "reinvestment_rate": null,
            "research_to_sale_ratio": null,
            "price_fair": 0.12,
            "eps_avg_yearly": 0.04,
            "eps_latest_yearly": 0.04,
            "eps_growth_yearly": -355.56
        },
        "20091": {
            "year_quarter": 20091,
            "year": 2009,
            "quarter": 1,
            "eps": -0.11,
            "eps_growth_year": null,
            "eps_4q": -0.3,
            "eps_4q_growth_year": null,
            "roe": -1.82,
            "roe_4q": -6.01,
            "gross_profit": -10569,
            "gross_margin": -2.12,
            "gross_margin_4q_avg": 0.27,
            "net_income": -38303,
            "net_income_4q": null,
            "revenue": 499191,
            "revenue_4q": null,
            "common_shares": 3010900,
            "book_valuer_per_share": 6.48,
            "book_valuer_per_share_4q_avg": 6.75,
            "equity": 2025183,
            "current_ratio": 66.13,
            "debt_ratio": 65.61,
            "inventory_turnover_ratio": 0.45,
            "account_receivable_turnover_ratio": 1.03,
            "reinvestment_rate": null,
            "research_to_sale_ratio": null,
            "price_fair": 0.12,
            "eps_avg_yearly": 0.04,
            "eps_latest_yearly": 0.04,
            "eps_growth_yearly": -355.56
        },
        "20092": {
            "year_quarter": 20092,
            "year": 2009,
            "quarter": 2,
            "eps": -0.12,
            "eps_growth_year": -233.33,
            "eps_4q": -0.5,
            "eps_4q_growth_year": null,
            "roe": -2.55,
            "roe_4q": -9.670000000000002,
            "gross_profit": 21228,
            "gross_margin": 2.65,
            "gross_margin_4q_avg": -1.06,
            "net_income": -51046,
            "net_income_4q": null,
            "revenue": 800646,
            "revenue_4q": null,
            "common_shares": 3010900,
            "book_valuer_per_share": 6.4,
            "book_valuer_per_share_4q_avg": 6.61,
            "equity": 1978430,
            "current_ratio": 64.77,
            "debt_ratio": 65.34,
            "inventory_turnover_ratio": 0.71,
            "account_receivable_turnover_ratio": 2.16,
            "reinvestment_rate": null,
            "research_to_sale_ratio": null,
            "price_fair": 0.12,
            "eps_avg_yearly": 0.04,
            "eps_latest_yearly": 0.04,
            "eps_growth_yearly": -355.56
        },
        "20093": {
            "year_quarter": 20093,
            "year": 2009,
            "quarter": 3,
            "eps": -0.06,
            "eps_growth_year": -700,
            "eps_4q": -0.57,
            "eps_4q_growth_year": null,
            "roe": 0.22,
            "roe_4q": -9.399999999999999,
            "gross_profit": 67626,
            "gross_margin": 5.08,
            "gross_margin_4q_avg": 0.12,
            "net_income": 4375,
            "net_income_4q": null,
            "revenue": 1331784,
            "revenue_4q": null,
            "common_shares": 3010900,
            "book_valuer_per_share": 6.38,
            "book_valuer_per_share_4q_avg": 6.47,
            "equity": 1996401,
            "current_ratio": 72.87,
            "debt_ratio": 69.76,
            "inventory_turnover_ratio": 1.16,
            "account_receivable_turnover_ratio": 2.13,
            "reinvestment_rate": null,
            "research_to_sale_ratio": null,
            "price_fair": 0.12,
            "eps_avg_yearly": 0.04,
            "eps_latest_yearly": 0.04,
            "eps_growth_yearly": -355.56
        },
        "20094": {
            "year_quarter": 20094,
            "year": 2009,
            "quarter": 4,
            "eps": -0.73,
            "eps_growth_year": null,
            "eps_4q": -1.01,
            "eps_4q_growth_year": null,
            "roe": -8.82,
            "roe_4q": -12.969999999999999,
            "gross_profit": -191502,
            "gross_margin": -140.17,
            "gross_margin_4q_avg": -33.64,
            "net_income": -169113,
            "net_income_4q": null,
            "revenue": 136624,
            "revenue_4q": null,
            "common_shares": 2937729,
            "book_valuer_per_share": 5.87,
            "book_valuer_per_share_4q_avg": 6.28,
            "equity": 1836454,
            "current_ratio": 62.68,
            "debt_ratio": 66.89,
            "inventory_turnover_ratio": 0.32,
            "account_receivable_turnover_ratio": 0.59,
            "reinvestment_rate": null,
            "research_to_sale_ratio": null,
            "price_fair": 0.12,
            "eps_avg_yearly": 0.04,
            "eps_latest_yearly": 0.04,
            "eps_growth_yearly": -355.56
        },
        "20101": {
            "year_quarter": 20101,
            "year": 2010,
            "quarter": 1,
            "eps": -0.05,
            "eps_growth_year": null,
            "eps_4q": -0.96,
            "eps_4q_growth_year": null,
            "roe": -0.82,
            "roe_4q": -11.969999999999999,
            "gross_profit": 38953,
            "gross_margin": 5.48,
            "gross_margin_4q_avg": -31.74,
            "net_income": -15028,
            "net_income_4q": null,
            "revenue": 711445,
            "revenue_4q": null,
            "common_shares": 2937729,
            "book_valuer_per_share": 5.82,
            "book_valuer_per_share_4q_avg": 6.12,
            "equity": 1822461,
            "current_ratio": 66.72,
            "debt_ratio": 69.12,
            "inventory_turnover_ratio": 0.76,
            "account_receivable_turnover_ratio": 1.13,
            "reinvestment_rate": null,
            "research_to_sale_ratio": null,
            "price_fair": 0.12,
            "eps_avg_yearly": 0.04,
            "eps_latest_yearly": 0.04,
            "eps_growth_yearly": -355.56
        },
        "20102": {
            "year_quarter": 20102,
            "year": 2010,
            "quarter": 2,
            "eps": 0.03,
            "eps_growth_year": null,
            "eps_4q": -0.82,
            "eps_4q_growth_year": null,
            "roe": 0.58,
            "roe_4q": -8.84,
            "gross_profit": 92783,
            "gross_margin": 7.47,
            "gross_margin_4q_avg": -30.54,
            "net_income": 10647,
            "net_income_4q": null,
            "revenue": 1241425,
            "revenue_4q": null,
            "common_shares": 2937729,
            "book_valuer_per_share": 5.82,
            "book_valuer_per_share_4q_avg": 5.97,
            "equity": 1822924,
            "current_ratio": 64.86,
            "debt_ratio": 67.33,
            "inventory_turnover_ratio": 1.27,
            "account_receivable_turnover_ratio": 2.1,
            "reinvestment_rate": null,
            "research_to_sale_ratio": null,
            "price_fair": 0.12,
            "eps_avg_yearly": 0.04,
            "eps_latest_yearly": 0.04,
            "eps_growth_yearly": -355.56
        },
        "20103": {
            "year_quarter": 20103,
            "year": 2010,
            "quarter": 3,
            "eps": -0.07,
            "eps_growth_year": null,
            "eps_4q": -0.83,
            "eps_4q_growth_year": null,
            "roe": -0.98,
            "roe_4q": -10.040000000000001,
            "gross_profit": 15003,
            "gross_margin": 1.42,
            "gross_margin_4q_avg": -31.45,
            "net_income": -17881,
            "net_income_4q": null,
            "revenue": 1059392,
            "revenue_4q": null,
            "common_shares": 2937729,
            "book_valuer_per_share": 5.77,
            "book_valuer_per_share_4q_avg": 5.82,
            "equity": 1812934,
            "current_ratio": 70.85,
            "debt_ratio": 70.53,
            "inventory_turnover_ratio": 1.06,
            "account_receivable_turnover_ratio": 1.75,
            "reinvestment_rate": null,
            "research_to_sale_ratio": null,
            "price_fair": 0.12,
            "eps_avg_yearly": 0.04,
            "eps_latest_yearly": 0.04,
            "eps_growth_yearly": -355.56
        },
        "20104": {
            "year_quarter": 20104,
            "year": 2010,
            "quarter": 4,
            "eps": 0.17,
            "eps_growth_year": null,
            "eps_4q": 0.08,
            "eps_4q_growth_year": null,
            "roe": 2.25,
            "roe_4q": 1.0300000000000002,
            "gross_profit": 133781,
            "gross_margin": 13.48,
            "gross_margin_4q_avg": 6.96,
            "net_income": 43391,
            "net_income_4q": null,
            "revenue": 992271,
            "revenue_4q": null,
            "common_shares": 2912649,
            "book_valuer_per_share": 6.69,
            "book_valuer_per_share_4q_avg": 6.03,
            "equity": 2044973,
            "current_ratio": 64.76,
            "debt_ratio": 63.3,
            "inventory_turnover_ratio": 0.85,
            "account_receivable_turnover_ratio": 1.75,
            "reinvestment_rate": null,
            "research_to_sale_ratio": null,
            "price_fair": 0.12,
            "eps_avg_yearly": 0.04,
            "eps_latest_yearly": 0.04,
            "eps_growth_yearly": -355.56
        },
        "20111": {
            "year_quarter": 20111,
            "year": 2011,
            "quarter": 1,
            "eps": 0.22,
            "eps_growth_year": null,
            "eps_4q": 0.35,
            "eps_4q_growth_year": null,
            "roe": 3.28,
            "roe_4q": 5.129999999999999,
            "gross_profit": 138128,
            "gross_margin": 16.32,
            "gross_margin_4q_avg": 9.67,
            "net_income": 68285,
            "net_income_4q": null,
            "revenue": 846211,
            "revenue_4q": null,
            "common_shares": 2912649,
            "book_valuer_per_share": 6.94,
            "book_valuer_per_share_4q_avg": 6.31,
            "equity": 2122251,
            "current_ratio": 69.59,
            "debt_ratio": 62.54,
            "inventory_turnover_ratio": 0.69,
            "account_receivable_turnover_ratio": 2.41,
            "reinvestment_rate": null,
            "research_to_sale_ratio": null,
            "price_fair": 1.38,
            "eps_avg_yearly": 0.46,
            "eps_latest_yearly": 0.88,
            "eps_growth_yearly": -118.95
        },
        "20112": {
            "year_quarter": 20112,
            "year": 2011,
            "quarter": 2,
            "eps": 0.05,
            "eps_growth_year": 39.39,
            "eps_4q": 0.36,
            "eps_4q_growth_year": null,
            "roe": 0.4,
            "roe_4q": 4.949999999999999,
            "gross_profit": 106873,
            "gross_margin": 12.53,
            "gross_margin_4q_avg": 10.94,
            "net_income": 8480,
            "net_income_4q": null,
            "revenue": 853209,
            "revenue_4q": null,
            "common_shares": 2912649,
            "book_valuer_per_share": 6.99,
            "book_valuer_per_share_4q_avg": 6.6,
            "equity": 2133065,
            "current_ratio": 70.4,
            "debt_ratio": 61.81,
            "inventory_turnover_ratio": 0.68,
            "account_receivable_turnover_ratio": 2.4,
            "reinvestment_rate": null,
            "research_to_sale_ratio": null,
            "price_fair": 1.12,
            "eps_avg_yearly": 0.37,
            "eps_latest_yearly": 0.2,
            "eps_growth_yearly": -182.33
        },
        "20113": {
            "year_quarter": 20113,
            "year": 2011,
            "quarter": 3,
            "eps": -0.55,
            "eps_growth_year": null,
            "eps_4q": 0.39,
            "eps_4q_growth_year": null,
            "roe": -3.15,
            "roe_4q": 2.78,
            "gross_profit": -77565,
            "gross_margin": -14.81,
            "gross_margin_4q_avg": 6.88,
            "net_income": -65647,
            "net_income_4q": null,
            "revenue": 523772,
            "revenue_4q": null,
            "common_shares": 1353430,
            "book_valuer_per_share": 14.2,
            "book_valuer_per_share_4q_avg": 8.71,
            "equity": 2028496,
            "current_ratio": 66.72,
            "debt_ratio": 63.78,
            "inventory_turnover_ratio": 0.54,
            "account_receivable_turnover_ratio": 1.84,
            "reinvestment_rate": null,
            "research_to_sale_ratio": null,
            "price_fair": 1.12,
            "eps_avg_yearly": 0.37,
            "eps_latest_yearly": 0.2,
            "eps_growth_yearly": -182.33
        },
        "20114": {
            "year_quarter": 20114,
            "year": 2011,
            "quarter": 4,
            "eps": -1.52,
            "eps_growth_year": -969.41,
            "eps_4q": -1.5,
            "eps_4q_growth_year": -2051.32,
            "roe": -10.77,
            "roe_4q": -10.24,
            "gross_profit": -108247,
            "gross_margin": -17.5,
            "gross_margin_4q_avg": -0.87,
            "net_income": -207988,
            "net_income_4q": null,
            "revenue": 618586,
            "revenue_4q": null,
            "common_shares": 1353430,
            "book_valuer_per_share": 12.79,
            "book_valuer_per_share_4q_avg": 10.23,
            "equity": 1835273,
            "current_ratio": 60.2,
            "debt_ratio": 66.06,
            "inventory_turnover_ratio": 0.72,
            "account_receivable_turnover_ratio": 2.12,
            "reinvestment_rate": null,
            "research_to_sale_ratio": null,
            "price_fair": 1.12,
            "eps_avg_yearly": 0.37,
            "eps_latest_yearly": 0.2,
            "eps_growth_yearly": -182.33
        },
        "20121": {
            "year_quarter": 20121,
            "year": 2012,
            "quarter": 1,
            "eps": -0.51,
            "eps_growth_year": -331.82,
            "eps_4q": -2.48,
            "eps_4q_growth_year": -805.36,
            "roe": -3.81,
            "roe_4q": -17.330000000000002,
            "gross_profit": -17073,
            "gross_margin": -3.54,
            "gross_margin_4q_avg": -5.83,
            "net_income": -68992,
            "net_income_4q": null,
            "revenue": 482168,
            "revenue_4q": null,
            "common_shares": 1353430,
            "book_valuer_per_share": 12.41,
            "book_valuer_per_share_4q_avg": 11.6,
            "equity": 1783263,
            "current_ratio": 62.01,
            "debt_ratio": 67.2,
            "inventory_turnover_ratio": 0.59,
            "account_receivable_turnover_ratio": 1.37,
            "reinvestment_rate": null,
            "research_to_sale_ratio": null,
            "price_fair": 1.12,
            "eps_avg_yearly": 0.37,
            "eps_latest_yearly": 0.2,
            "eps_growth_yearly": -182.33
        },
        "20122": {
            "year_quarter": 20122,
            "year": 2012,
            "quarter": 2,
            "eps": -0.77,
            "eps_growth_year": -1792.02,
            "eps_4q": -3.35,
            "eps_4q_growth_year": -1020.22,
            "roe": -6.03,
            "roe_4q": -23.759999999999998,
            "gross_profit": -27750,
            "gross_margin": -3.73,
            "gross_margin_4q_avg": -9.9,
            "net_income": -104190,
            "net_income_4q": null,
            "revenue": 744425,
            "revenue_4q": null,
            "common_shares": 1353430,
            "book_valuer_per_share": 11.61,
            "book_valuer_per_share_4q_avg": 12.75,
            "equity": 1675109,
            "current_ratio": 62.52,
            "debt_ratio": 70.13,
            "inventory_turnover_ratio": 0.95,
            "account_receivable_turnover_ratio": 1.78,
            "reinvestment_rate": null,
            "research_to_sale_ratio": null,
            "price_fair": 1.12,
            "eps_avg_yearly": 0.37,
            "eps_latest_yearly": 0.2,
            "eps_growth_yearly": -182.33
        },
        "20123": {
            "year_quarter": 20123,
            "year": 2012,
            "quarter": 3,
            "eps": -0.27,
            "eps_growth_year": null,
            "eps_4q": -3.07,
            "eps_4q_growth_year": -889.04,
            "roe": -2.06,
            "roe_4q": -22.67,
            "gross_profit": 20372,
            "gross_margin": 2.86,
            "gross_margin_4q_avg": -5.48,
            "net_income": -34249,
            "net_income_4q": null,
            "revenue": 711636,
            "revenue_4q": null,
            "common_shares": 1353430,
            "book_valuer_per_share": 11.4,
            "book_valuer_per_share_4q_avg": 12.05,
            "equity": 1648823,
            "current_ratio": 67.29,
            "debt_ratio": 69.88,
            "inventory_turnover_ratio": 0.85,
            "account_receivable_turnover_ratio": 1.48,
            "reinvestment_rate": null,
            "research_to_sale_ratio": null,
            "price_fair": 1.62,
            "eps_avg_yearly": 0.54,
            "eps_latest_yearly": 0.2,
            "eps_growth_yearly": -95.72
        },
        "20124": {
            "year_quarter": 20124,
            "year": 2012,
            "quarter": 4,
            "eps": -0.74,
            "eps_growth_year": null,
            "eps_4q": -2.29,
            "eps_4q_growth_year": null,
            "roe": -6.01,
            "roe_4q": -17.91,
            "gross_profit": -74549,
            "gross_margin": -16,
            "gross_margin_4q_avg": -5.1,
            "net_income": -101184,
            "net_income_4q": null,
            "revenue": 466077,
            "revenue_4q": null,
            "common_shares": 1353430,
            "book_valuer_per_share": 11.91,
            "book_valuer_per_share_4q_avg": 11.83,
            "equity": 1716017,
            "current_ratio": 61.26,
            "debt_ratio": 69.67,
            "inventory_turnover_ratio": 0.69,
            "account_receivable_turnover_ratio": 0.96,
            "reinvestment_rate": null,
            "research_to_sale_ratio": null,
            "price_fair": 1.62,
            "eps_avg_yearly": 0.54,
            "eps_latest_yearly": 0.2,
            "eps_growth_yearly": -95.72
        },
        "20131": {
            "year_quarter": 20131,
            "year": 2013,
            "quarter": 1,
            "eps": 0.11,
            "eps_growth_year": null,
            "eps_4q": -1.67,
            "eps_4q_growth_year": null,
            "roe": -0.49,
            "roe_4q": -14.59,
            "gross_profit": 44026,
            "gross_margin": 11.25,
            "gross_margin_4q_avg": -1.41,
            "net_income": -8265,
            "net_income_4q": null,
            "revenue": 391215,
            "revenue_4q": null,
            "common_shares": 1353430,
            "book_valuer_per_share": 12.36,
            "book_valuer_per_share_4q_avg": 11.82,
            "equity": 1669687,
            "current_ratio": 62.14,
            "debt_ratio": 71.18,
            "inventory_turnover_ratio": 0.41,
            "account_receivable_turnover_ratio": 0.82,
            "reinvestment_rate": null,
            "research_to_sale_ratio": null,
            "price_fair": 1.62,
            "eps_avg_yearly": 0.54,
            "eps_latest_yearly": 0.2,
            "eps_growth_yearly": -95.72
        },
        "20132": {
            "year_quarter": 20132,
            "year": 2013,
            "quarter": 2,
            "eps": -0.06,
            "eps_growth_year": null,
            "eps_4q": -0.96,
            "eps_4q_growth_year": null,
            "roe": -1.91,
            "roe_4q": -10.47,
            "gross_profit": 11391,
            "gross_margin": 2.04,
            "gross_margin_4q_avg": 0.04,
            "net_income": -31450,
            "net_income_4q": null,
            "revenue": 557084,
            "revenue_4q": null,
            "common_shares": 1353430,
            "book_valuer_per_share": 12.23,
            "book_valuer_per_share_4q_avg": 11.98,
            "equity": 1621675,
            "current_ratio": 63.74,
            "debt_ratio": 73.14,
            "inventory_turnover_ratio": 0.58,
            "account_receivable_turnover_ratio": 1.09,
            "reinvestment_rate": null,
            "research_to_sale_ratio": null,
            "price_fair": 1.62,
            "eps_avg_yearly": 0.54,
            "eps_latest_yearly": 0.2,
            "eps_growth_yearly": -95.72
        },
        "20133": {
            "year_quarter": 20133,
            "year": 2013,
            "quarter": 3,
            "eps": -0.37,
            "eps_growth_year": null,
            "eps_4q": -1.06,
            "eps_4q_growth_year": null,
            "roe": -4.85,
            "roe_4q": -13.26,
            "gross_profit": 4754,
            "gross_margin": 0.61,
            "gross_margin_4q_avg": -0.53,
            "net_income": -77113,
            "net_income_4q": null,
            "revenue": 774193,
            "revenue_4q": null,
            "common_shares": 1353430,
            "book_valuer_per_share": 11.91,
            "book_valuer_per_share_4q_avg": 12.1,
            "equity": 1555726,
            "current_ratio": 64.04,
            "debt_ratio": 73.99,
            "inventory_turnover_ratio": 0.77,
            "account_receivable_turnover_ratio": 1.5,
            "reinvestment_rate": null,
            "research_to_sale_ratio": null,
            "price_fair": 1.62,
            "eps_avg_yearly": 0.54,
            "eps_latest_yearly": 0.2,
            "eps_growth_yearly": -95.72
        },
        "20134": {
            "year_quarter": 20134,
            "year": 2013,
            "quarter": 4,
            "eps": -0.29,
            "eps_growth_year": null,
            "eps_4q": -0.61,
            "eps_4q_growth_year": null,
            "roe": -3.83,
            "roe_4q": -11.08,
            "gross_profit": -45087,
            "gross_margin": -8.18,
            "gross_margin_4q_avg": 1.43,
            "net_income": -58090,
            "net_income_4q": null,
            "revenue": 551100,
            "revenue_4q": null,
            "common_shares": 1353430,
            "book_valuer_per_share": 11.6,
            "book_valuer_per_share_4q_avg": 12.03,
            "equity": 1480017,
            "current_ratio": 58.02,
            "debt_ratio": 73.48,
            "inventory_turnover_ratio": 0.65,
            "account_receivable_turnover_ratio": 1.38,
            "reinvestment_rate": null,
            "research_to_sale_ratio": null,
            "price_fair": 1.62,
            "eps_avg_yearly": 0.54,
            "eps_latest_yearly": 0.2,
            "eps_growth_yearly": -95.72
        },
        "20141": {
            "year_quarter": 20141,
            "year": 2014,
            "quarter": 1,
            "eps": -0.22,
            "eps_growth_year": -300,
            "eps_4q": -0.94,
            "eps_4q_growth_year": null,
            "roe": -5.12,
            "roe_4q": -15.709999999999999,
            "gross_profit": -44628,
            "gross_margin": -11.81,
            "gross_margin_4q_avg": -4.34,
            "net_income": -74145,
            "net_income_4q": null,
            "revenue": 377960,
            "revenue_4q": null,
            "common_shares": 1353430,
            "book_valuer_per_share": 11.44,
            "book_valuer_per_share_4q_avg": 11.8,
            "equity": 1418560,
            "current_ratio": 58.56,
            "debt_ratio": 74.82,
            "inventory_turnover_ratio": 0.48,
            "account_receivable_turnover_ratio": 1.31,
            "reinvestment_rate": null,
            "research_to_sale_ratio": null,
            "price_fair": 1.62,
            "eps_avg_yearly": 0.54,
            "eps_latest_yearly": 0.2,
            "eps_growth_yearly": -95.72
        },
        "20142": {
            "year_quarter": 20142,
            "year": 2014,
            "quarter": 2,
            "eps": -0.49,
            "eps_growth_year": null,
            "eps_4q": -1.36,
            "eps_4q_growth_year": null,
            "roe": -6.78,
            "roe_4q": -20.58,
            "gross_profit": -13907,
            "gross_margin": -3.08,
            "gross_margin_4q_avg": -5.62,
            "net_income": -93604,
            "net_income_4q": null,
            "revenue": 452226,
            "revenue_4q": null,
            "common_shares": 1353430,
            "book_valuer_per_share": 11.03,
            "book_valuer_per_share_4q_avg": 11.5,
            "equity": 1344518,
            "current_ratio": 70.27,
            "debt_ratio": 75.99,
            "inventory_turnover_ratio": 0.49,
            "account_receivable_turnover_ratio": 1.7,
            "reinvestment_rate": null,
            "research_to_sale_ratio": null,
            "price_fair": 1.62,
            "eps_avg_yearly": 0.54,
            "eps_latest_yearly": 0.2,
            "eps_growth_yearly": -95.72
        },
        "20143": {
            "year_quarter": 20143,
            "year": 2014,
            "quarter": 3,
            "eps": -1.4,
            "eps_growth_year": null,
            "eps_4q": -2.4,
            "eps_4q_growth_year": null,
            "roe": -15,
            "roe_4q": -30.730000000000004,
            "gross_profit": 44483,
            "gross_margin": 7.75,
            "gross_margin_4q_avg": -3.83,
            "net_income": -185310,
            "net_income_4q": null,
            "revenue": 574033,
            "revenue_4q": null,
            "common_shares": 1353430,
            "book_valuer_per_share": 9.49,
            "book_valuer_per_share_4q_avg": 10.89,
            "equity": 1126302,
            "current_ratio": 64.22,
            "debt_ratio": 79.06,
            "inventory_turnover_ratio": 0.69,
            "account_receivable_turnover_ratio": 2.27,
            "reinvestment_rate": null,
            "research_to_sale_ratio": null,
            "price_fair": 1.62,
            "eps_avg_yearly": 0.54,
            "eps_latest_yearly": 0.2,
            "eps_growth_yearly": -95.72
        },
        "20144": {
            "year_quarter": 20144,
            "year": 2014,
            "quarter": 4,
            "eps": 0.6,
            "eps_growth_year": null,
            "eps_4q": -1.51,
            "eps_4q_growth_year": null,
            "roe": 9.91,
            "roe_4q": -16.990000000000002,
            "gross_profit": -41991,
            "gross_margin": -12.27,
            "gross_margin_4q_avg": -4.85,
            "net_income": 114578,
            "net_income_4q": null,
            "revenue": 342168,
            "revenue_4q": null,
            "common_shares": 1353430,
            "book_valuer_per_share": 9.8,
            "book_valuer_per_share_4q_avg": 10.44,
            "equity": 1186171,
            "current_ratio": 60.74,
            "debt_ratio": 76.1,
            "inventory_turnover_ratio": 0.61,
            "account_receivable_turnover_ratio": 1.37,
            "reinvestment_rate": null,
            "research_to_sale_ratio": null,
            "price_fair": 1.62,
            "eps_avg_yearly": 0.54,
            "eps_latest_yearly": 0.2,
            "eps_growth_yearly": -95.72
        },
        "20151": {
            "year_quarter": 20151,
            "year": 2015,
            "quarter": 1,
            "eps": -0.48,
            "eps_growth_year": null,
            "eps_4q": -1.78,
            "eps_4q_growth_year": null,
            "roe": -8.16,
            "roe_4q": -20.03,
            "gross_profit": -22143,
            "gross_margin": -8.09,
            "gross_margin_4q_avg": -3.92,
            "net_income": -93580,
            "net_income_4q": null,
            "revenue": 273825,
            "revenue_4q": null,
            "common_shares": 1353430,
            "book_valuer_per_share": 9.39,
            "book_valuer_per_share_4q_avg": 9.93,
            "equity": 1108498,
            "current_ratio": 58.53,
            "debt_ratio": 77.08,
            "inventory_turnover_ratio": 0.42,
            "account_receivable_turnover_ratio": 1.14,
            "reinvestment_rate": null,
            "research_to_sale_ratio": null,
            "price_fair": 0.6,
            "eps_avg_yearly": 0.2,
            "eps_latest_yearly": 0.2,
            "eps_growth_yearly": -309.09
        },
        "20152": {
            "year_quarter": 20152,
            "year": 2015,
            "quarter": 2,
            "eps": -0.2,
            "eps_growth_year": null,
            "eps_4q": -1.49,
            "eps_4q_growth_year": null,
            "roe": -3.38,
            "roe_4q": -16.63,
            "gross_profit": 23779,
            "gross_margin": 6.62,
            "gross_margin_4q_avg": -1.5,
            "net_income": -36846,
            "net_income_4q": null,
            "revenue": 358966,
            "revenue_4q": null,
            "common_shares": 1353430,
            "book_valuer_per_share": 9.18,
            "book_valuer_per_share_4q_avg": 9.47,
            "equity": 1074408,
            "current_ratio": 58.64,
            "debt_ratio": 77.81,
            "inventory_turnover_ratio": 0.44,
            "account_receivable_turnover_ratio": 1.54,
            "reinvestment_rate": null,
            "research_to_sale_ratio": null,
            "price_fair": 0,
            "eps_avg_yearly": 0,
            "eps_latest_yearly": 0,
            "eps_growth_yearly": 0
        },
        "20153": {
            "year_quarter": 20153,
            "year": 2015,
            "quarter": 3,
            "eps": 0.27,
            "eps_growth_year": null,
            "eps_4q": 0.19,
            "eps_4q_growth_year": null,
            "roe": 0.85,
            "roe_4q": -0.7799999999999994,
            "gross_profit": 631,
            "gross_margin": 0.18,
            "gross_margin_4q_avg": -3.39,
            "net_income": 8970,
            "net_income_4q": null,
            "revenue": 352081,
            "revenue_4q": null,
            "common_shares": 1353430,
            "book_valuer_per_share": 9.2,
            "book_valuer_per_share_4q_avg": 9.39,
            "equity": 1028538,
            "current_ratio": 62.02,
            "debt_ratio": 78.66,
            "inventory_turnover_ratio": 0.47,
            "account_receivable_turnover_ratio": 1.62,
            "reinvestment_rate": null,
            "research_to_sale_ratio": null,
            "price_fair": 0,
            "eps_avg_yearly": 0,
            "eps_latest_yearly": 0,
            "eps_growth_yearly": 0
        },
        "20154": {
            "year_quarter": 20154,
            "year": 2015,
            "quarter": 4,
            "eps": -0.48,
            "eps_growth_year": -179.32,
            "eps_4q": -0.89,
            "eps_4q_growth_year": null,
            "roe": -8.35,
            "roe_4q": -19.04,
            "gross_profit": 16471,
            "gross_margin": 4.99,
            "gross_margin_4q_avg": 0.93,
            "net_income": -83957,
            "net_income_4q": null,
            "revenue": 329867,
            "revenue_4q": null,
            "common_shares": 1353430,
            "book_valuer_per_share": 8.91,
            "book_valuer_per_share_4q_avg": 9.17,
            "equity": 983330,
            "current_ratio": 66.04,
            "debt_ratio": 79.26,
            "inventory_turnover_ratio": 0.43,
            "account_receivable_turnover_ratio": 1.68,
            "reinvestment_rate": null,
            "research_to_sale_ratio": null,
            "price_fair": 0,
            "eps_avg_yearly": 0,
            "eps_latest_yearly": 0,
            "eps_growth_yearly": 0
        },
        "20161": {
            "year_quarter": 20161,
            "year": 2016,
            "quarter": 1,
            "eps": -0.79,
            "eps_growth_year": null,
            "eps_4q": -1.19,
            "eps_4q_growth_year": null,
            "roe": -14.06,
            "roe_4q": -24.939999999999998,
            "gross_profit": -15772,
            "gross_margin": -5.91,
            "gross_margin_4q_avg": 1.47,
            "net_income": -131077,
            "net_income_4q": null,
            "revenue": 266860,
            "revenue_4q": null,
            "common_shares": 1353430,
            "book_valuer_per_share": 8.24,
            "book_valuer_per_share_4q_avg": 8.88,
            "equity": 881208,
            "current_ratio": 62.55,
            "debt_ratio": 81.06,
            "inventory_turnover_ratio": 0.38,
            "account_receivable_turnover_ratio": 1.39,
            "reinvestment_rate": null,
            "research_to_sale_ratio": null,
            "price_fair": 0,
            "eps_avg_yearly": 0,
            "eps_latest_yearly": 0,
            "eps_growth_yearly": 0
        },
        "20162": {
            "year_quarter": 20162,
            "year": 2016,
            "quarter": 2,
            "eps": -0.23,
            "eps_growth_year": null,
            "eps_4q": -1.23,
            "eps_4q_growth_year": null,
            "roe": -5.79,
            "roe_4q": -27.35,
            "gross_profit": 10148,
            "gross_margin": 3.49,
            "gross_margin_4q_avg": 0.69,
            "net_income": -50297,
            "net_income_4q": null,
            "revenue": 291099,
            "revenue_4q": null,
            "common_shares": 1353430,
            "book_valuer_per_share": 8.16,
            "book_valuer_per_share_4q_avg": 8.63,
            "equity": 855576,
            "current_ratio": 61.88,
            "debt_ratio": 81.36,
            "inventory_turnover_ratio": 0.39,
            "account_receivable_turnover_ratio": 1.71,
            "reinvestment_rate": null,
            "research_to_sale_ratio": null,
            "price_fair": 0,
            "eps_avg_yearly": 0,
            "eps_latest_yearly": 0,
            "eps_growth_yearly": 0
        },
        "20163": {
            "year_quarter": 20163,
            "year": 2016,
            "quarter": 3,
            "eps": -0.41,
            "eps_growth_year": -251.85,
            "eps_4q": -1.91,
            "eps_4q_growth_year": -1109.46,
            "roe": -8.35,
            "roe_4q": -36.550000000000004,
            "gross_profit": 23423,
            "gross_margin": 6.89,
            "gross_margin_4q_avg": 2.37,
            "net_income": -69198,
            "net_income_4q": null,
            "revenue": 340095,
            "revenue_4q": null,
            "common_shares": 1353430,
            "book_valuer_per_share": 7.93,
            "book_valuer_per_share_4q_avg": 8.31,
            "equity": 801476,
            "current_ratio": 57.41,
            "debt_ratio": 81.47,
            "inventory_turnover_ratio": 0.47,
            "account_receivable_turnover_ratio": 2.45,
            "reinvestment_rate": null,
            "research_to_sale_ratio": null,
            "price_fair": 0,
            "eps_avg_yearly": 0,
            "eps_latest_yearly": 0,
            "eps_growth_yearly": 0
        },
        "20164": {
            "year_quarter": 20164,
            "year": 2016,
            "quarter": 4,
            "eps": 0.09,
            "eps_growth_year": null,
            "eps_4q": -1.34,
            "eps_4q_growth_year": null,
            "roe": 1.01,
            "roe_4q": -27.189999999999998,
            "gross_profit": 46886,
            "gross_margin": 12.34,
            "gross_margin_4q_avg": 4.2,
            "net_income": 8229,
            "net_income_4q": null,
            "revenue": 379957,
            "revenue_4q": null,
            "common_shares": 1353430,
            "book_valuer_per_share": 8.06,
            "book_valuer_per_share_4q_avg": 8.1,
            "equity": 822699,
            "current_ratio": 56,
            "debt_ratio": 80.84,
            "inventory_turnover_ratio": 0.5,
            "account_receivable_turnover_ratio": 2.78,
            "reinvestment_rate": null,
            "research_to_sale_ratio": null,
            "price_fair": 0,
            "eps_avg_yearly": 0,
            "eps_latest_yearly": 0,
            "eps_growth_yearly": 0
        },
        "20171": {
            "year_quarter": 20171,
            "year": 2017,
            "quarter": 1,
            "eps": -0.82,
            "eps_growth_year": null,
            "eps_4q": -1.38,
            "eps_4q_growth_year": null,
            "roe": -15.42,
            "roe_4q": -28.549999999999997,
            "gross_profit": 22944,
            "gross_margin": 7.13,
            "gross_margin_4q_avg": 7.46,
            "net_income": -124285,
            "net_income_4q": null,
            "revenue": 321828,
            "revenue_4q": null,
            "common_shares": 1353430,
            "book_valuer_per_share": 7.65,
            "book_valuer_per_share_4q_avg": 7.95,
            "equity": 789055,
            "current_ratio": 51.69,
            "debt_ratio": 81.46,
            "inventory_turnover_ratio": 0.46,
            "account_receivable_turnover_ratio": 2.23,
            "reinvestment_rate": null,
            "research_to_sale_ratio": null,
            "price_fair": 0,
            "eps_avg_yearly": 0,
            "eps_latest_yearly": 0,
            "eps_growth_yearly": 0
        },
        "20172": {
            "year_quarter": 20172,
            "year": 2017,
            "quarter": 2,
            "eps": -0.25,
            "eps_growth_year": null,
            "eps_4q": -1.4,
            "eps_4q_growth_year": null,
            "roe": -6.41,
            "roe_4q": -29.169999999999995,
            "gross_profit": 33420,
            "gross_margin": 11.65,
            "gross_margin_4q_avg": 9.5,
            "net_income": -48101,
            "net_income_4q": null,
            "revenue": 286958,
            "revenue_4q": null,
            "common_shares": 1353430,
            "book_valuer_per_share": 7.27,
            "book_valuer_per_share_4q_avg": 7.73,
            "equity": 710984,
            "current_ratio": 48.22,
            "debt_ratio": 83.6,
            "inventory_turnover_ratio": 0.42,
            "account_receivable_turnover_ratio": 2.07,
            "reinvestment_rate": null,
            "research_to_sale_ratio": null,
            "price_fair": 0,
            "eps_avg_yearly": 0,
            "eps_latest_yearly": 0,
            "eps_growth_yearly": 0
        },
        "20173": {
            "year_quarter": 20173,
            "year": 2017,
            "quarter": 3,
            "eps": -0.16,
            "eps_growth_year": null,
            "eps_4q": -1.15,
            "eps_4q_growth_year": null,
            "roe": -4.78,
            "roe_4q": -25.599999999999998,
            "gross_profit": 33757,
            "gross_margin": 12.22,
            "gross_margin_4q_avg": 10.84,
            "net_income": -32611,
            "net_income_4q": null,
            "revenue": 276257,
            "revenue_4q": null,
            "common_shares": 1353430,
            "book_valuer_per_share": 7.04,
            "book_valuer_per_share_4q_avg": 7.51,
            "equity": 653516,
            "current_ratio": 43.8,
            "debt_ratio": 85.25,
            "inventory_turnover_ratio": 0.44,
            "account_receivable_turnover_ratio": 2.12,
            "reinvestment_rate": null,
            "research_to_sale_ratio": null,
            "price_fair": 0,
            "eps_avg_yearly": 0,
            "eps_latest_yearly": 0,
            "eps_growth_yearly": 0
        },
        "20174": {
            "year_quarter": 20174,
            "year": 2017,
            "quarter": 4,
            "eps": -0.56,
            "eps_growth_year": -745.43,
            "eps_4q": -1.79,
            "eps_4q_growth_year": null,
            "roe": -18.22,
            "roe_4q": -44.83,
            "gross_profit": 25230,
            "gross_margin": 8.97,
            "gross_margin_4q_avg": 9.99,
            "net_income": -94286,
            "net_income_4q": null,
            "revenue": 281136,
            "revenue_4q": null,
            "common_shares": 1353430,
            "book_valuer_per_share": 6.41,
            "book_valuer_per_share_4q_avg": 7.09,
            "equity": 381230,
            "current_ratio": 31.71,
            "debt_ratio": 91.45,
            "inventory_turnover_ratio": 0.57,
            "account_receivable_turnover_ratio": 2.14,
            "reinvestment_rate": null,
            "research_to_sale_ratio": null,
            "price_fair": 0,
            "eps_avg_yearly": 0,
            "eps_latest_yearly": 0,
            "eps_growth_yearly": 0
        },
        "20181": {
            "year_quarter": 20181,
            "year": 2018,
            "quarter": 1,
            "eps": -0.25,
            "eps_growth_year": null,
            "eps_4q": -1.22,
            "eps_4q_growth_year": null,
            "roe": -10.32,
            "roe_4q": -39.730000000000004,
            "gross_profit": -8856,
            "gross_margin": -3.18,
            "gross_margin_4q_avg": 7.42,
            "net_income": -39097,
            "net_income_4q": null,
            "revenue": 278480,
            "revenue_4q": null,
            "common_shares": 1353430,
            "book_valuer_per_share": 6.46,
            "book_valuer_per_share_4q_avg": 6.8,
            "equity": 376546,
            "current_ratio": 31.41,
            "debt_ratio": 91.83,
            "inventory_turnover_ratio": 0.79,
            "account_receivable_turnover_ratio": 2.06,
            "reinvestment_rate": null,
            "research_to_sale_ratio": null,
            "price_fair": 0,
            "eps_avg_yearly": 0,
            "eps_latest_yearly": 0,
            "eps_growth_yearly": 0
        },
        "20182": {
            "year_quarter": 20182,
            "year": 2018,
            "quarter": 2,
            "eps": 0.26,
            "eps_growth_year": null,
            "eps_4q": -0.71,
            "eps_4q_growth_year": null,
            "roe": 4.94,
            "roe_4q": -28.38,
            "gross_profit": 13573,
            "gross_margin": 4.34,
            "gross_margin_4q_avg": 5.59,
            "net_income": 18621,
            "net_income_4q": null,
            "revenue": 312491,
            "revenue_4q": null,
            "common_shares": 1353430,
            "book_valuer_per_share": 6.7,
            "book_valuer_per_share_4q_avg": 6.65,
            "equity": 377441,
            "current_ratio": 30.51,
            "debt_ratio": 91.85,
            "inventory_turnover_ratio": 0.9,
            "account_receivable_turnover_ratio": 1.76,
            "reinvestment_rate": null,
            "research_to_sale_ratio": null,
            "price_fair": 0,
            "eps_avg_yearly": 0,
            "eps_latest_yearly": 0,
            "eps_growth_yearly": 0
        },
        "20183": {
            "year_quarter": 20183,
            "year": 2018,
            "quarter": 3,
            "eps": -2.18,
            "eps_growth_year": null,
            "eps_4q": -2.73,
            "eps_4q_growth_year": null,
            "roe": -91.77,
            "roe_4q": -115.37,
            "gross_profit": -11018,
            "gross_margin": -3.47,
            "gross_margin_4q_avg": 1.67,
            "net_income": -535639,
            "net_income_4q": null,
            "revenue": 317098,
            "revenue_4q": null,
            "common_shares": 1353430,
            "book_valuer_per_share": 8.42,
            "book_valuer_per_share_4q_avg": 7,
            "equity": 789955,
            "current_ratio": 23.12,
            "debt_ratio": 84.43,
            "inventory_turnover_ratio": 1.32,
            "account_receivable_turnover_ratio": 1.73,
            "reinvestment_rate": null,
            "research_to_sale_ratio": null,
            "price_fair": 0,
            "eps_avg_yearly": 0,
            "eps_latest_yearly": 0,
            "eps_growth_yearly": 0
        },
        "20184": {
            "year_quarter": 20184,
            "year": 2018,
            "quarter": 4,
            "eps": -0.2,
            "eps_growth_year": null,
            "eps_4q": -2.37,
            "eps_4q_growth_year": null,
            "roe": -7.1,
            "roe_4q": -104.25,
            "gross_profit": -14618,
            "gross_margin": -6.86,
            "gross_margin_4q_avg": -2.29,
            "net_income": -54733,
            "net_income_4q": null,
            "revenue": 213174,
            "revenue_4q": null,
            "common_shares": 1353430,
            "book_valuer_per_share": 8.24,
            "book_valuer_per_share_4q_avg": 7.46,
            "equity": 751118,
            "current_ratio": 20.36,
            "debt_ratio": 84.88,
            "inventory_turnover_ratio": 1.24,
            "account_receivable_turnover_ratio": 1.42,
            "reinvestment_rate": null,
            "research_to_sale_ratio": null,
            "price_fair": 0,
            "eps_avg_yearly": 0,
            "eps_latest_yearly": 0,
            "eps_growth_yearly": 0
        },
        "20191": {
            "year_quarter": 20191,
            "year": 2019,
            "quarter": 1,
            "eps": 0.2,
            "eps_growth_year": null,
            "eps_4q": -1.92,
            "eps_4q_growth_year": null,
            "roe": 5.09,
            "roe_4q": -88.84,
            "gross_profit": 45308,
            "gross_margin": 25.74,
            "gross_margin_4q_avg": 4.94,
            "net_income": 38471,
            "net_income_4q": null,
            "revenue": 176029,
            "revenue_4q": null,
            "common_shares": 1353430,
            "book_valuer_per_share": 8.36,
            "book_valuer_per_share_4q_avg": 7.93,
            "equity": 761516,
            "current_ratio": 21.09,
            "debt_ratio": 85.08,
            "inventory_turnover_ratio": 0.71,
            "account_receivable_turnover_ratio": 1.13,
            "reinvestment_rate": null,
            "research_to_sale_ratio": null,
            "price_fair": 0,
            "eps_avg_yearly": 0,
            "eps_latest_yearly": 0,
            "eps_growth_yearly": 0
        },
        "20192": {
            "year_quarter": 20192,
            "year": 2019,
            "quarter": 2,
            "eps": -0.01,
            "eps_growth_year": -103.85,
            "eps_4q": -2.19,
            "eps_4q_growth_year": null,
            "roe": -2.17,
            "roe_4q": -95.94999999999999,
            "gross_profit": 42358,
            "gross_margin": 25.27,
            "gross_margin_4q_avg": 10.17,
            "net_income": -16740,
            "net_income_4q": null,
            "revenue": 167634,
            "revenue_4q": null,
            "common_shares": 1353430,
            "book_valuer_per_share": 8.57,
            "book_valuer_per_share_4q_avg": 8.4,
            "equity": 784572,
            "current_ratio": 19.38,
            "debt_ratio": 84.76,
            "inventory_turnover_ratio": 0.69,
            "account_receivable_turnover_ratio": 1.17,
            "reinvestment_rate": null,
            "research_to_sale_ratio": null,
            "price_fair": 0,
            "eps_avg_yearly": 0,
            "eps_latest_yearly": 0,
            "eps_growth_yearly": 0
        },
        "20193": {
            "year_quarter": 20193,
            "year": 2019,
            "quarter": 3,
            "eps": -0.24,
            "eps_growth_year": null,
            "eps_4q": -0.24,
            "eps_4q_growth_year": null,
            "roe": -6.79,
            "roe_4q": -10.97,
            "gross_profit": 44335,
            "gross_margin": 27.15,
            "gross_margin_4q_avg": 17.83,
            "net_income": -54283,
            "net_income_4q": null,
            "revenue": 163326,
            "revenue_4q": null,
            "common_shares": 1353430,
            "book_valuer_per_share": 8.81,
            "book_valuer_per_share_4q_avg": 8.5,
            "equity": 814953,
            "current_ratio": 17.18,
            "debt_ratio": 84.09,
            "inventory_turnover_ratio": 0.72,
            "account_receivable_turnover_ratio": 1.28,
            "reinvestment_rate": null,
            "research_to_sale_ratio": null,
            "price_fair": 0,
            "eps_avg_yearly": 0,
            "eps_latest_yearly": 0,
            "eps_growth_yearly": 0
        },
        "20194": {
            "year_quarter": 20194,
            "year": 2019,
            "quarter": 4,
            "eps": 0.06,
            "eps_growth_year": null,
            "eps_4q": 0.02,
            "eps_4q_growth_year": null,
            "roe": 4.36,
            "roe_4q": 0.4900000000000002,
            "gross_profit": 52364,
            "gross_margin": 26.6,
            "gross_margin_4q_avg": 26.19,
            "net_income": 35405,
            "net_income_4q": null,
            "revenue": 196867,
            "revenue_4q": null,
            "common_shares": 1353430,
            "book_valuer_per_share": 8.62,
            "book_valuer_per_share_4q_avg": 8.59,
            "equity": 810395,
            "current_ratio": 16.36,
            "debt_ratio": 84.63,
            "inventory_turnover_ratio": 0.95,
            "account_receivable_turnover_ratio": 1.38,
            "reinvestment_rate": null,
            "research_to_sale_ratio": null,
            "price_fair": 0,
            "eps_avg_yearly": 0,
            "eps_latest_yearly": 0,
            "eps_growth_yearly": 0
        },
        "20201": {
            "year_quarter": 20201,
            "year": 2020,
            "quarter": 1,
            "eps": 0.01,
            "eps_growth_year": -95,
            "eps_4q": -0.18,
            "eps_4q_growth_year": null,
            "roe": -0.62,
            "roe_4q": -5.22,
            "gross_profit": 31976,
            "gross_margin": 21.71,
            "gross_margin_4q_avg": 25.18,
            "net_income": -4959,
            "net_income_4q": null,
            "revenue": 147297,
            "revenue_4q": null,
            "common_shares": 1353430,
            "book_valuer_per_share": 8.45,
            "book_valuer_per_share_4q_avg": 8.61,
            "equity": 789838,
            "current_ratio": 15.38,
            "debt_ratio": 84.94,
            "inventory_turnover_ratio": 0.87,
            "account_receivable_turnover_ratio": 0.84,
            "reinvestment_rate": null,
            "research_to_sale_ratio": null,
            "price_fair": 0.12,
            "eps_avg_yearly": 0.04,
            "eps_latest_yearly": 0.04,
            "eps_growth_yearly": -333.33
        },
        "20202": {
            "year_quarter": 20202,
            "year": 2020,
            "quarter": 2,
            "eps": -0.33,
            "eps_growth_year": null,
            "eps_4q": -0.5,
            "eps_4q_growth_year": null,
            "roe": -9.48,
            "roe_4q": -12.53,
            "gross_profit": 32962,
            "gross_margin": 27.78,
            "gross_margin_4q_avg": 25.81,
            "net_income": -73685,
            "net_income_4q": null,
            "revenue": 118675,
            "revenue_4q": null,
            "common_shares": 1353430,
            "book_valuer_per_share": 8.42,
            "book_valuer_per_share_4q_avg": 8.58,
            "equity": 764103,
            "current_ratio": 14.93,
            "debt_ratio": 85.87,
            "inventory_turnover_ratio": 0.73,
            "account_receivable_turnover_ratio": 0.65,
            "reinvestment_rate": null,
            "research_to_sale_ratio": null,
            "price_fair": 0.12,
            "eps_avg_yearly": 0.04,
            "eps_latest_yearly": 0.04,
            "eps_growth_yearly": -333.33
        },
        "20203": {
            "year_quarter": 20203,
            "year": 2020,
            "quarter": 3,
            "eps": -0.02,
            "eps_growth_year": null,
            "eps_4q": -0.28,
            "eps_4q_growth_year": null,
            "roe": -0.62,
            "roe_4q": -6.3599999999999985,
            "gross_profit": 38732,
            "gross_margin": 27.14,
            "gross_margin_4q_avg": 25.81,
            "net_income": -4753,
            "net_income_4q": null,
            "revenue": 142706,
            "revenue_4q": null,
            "common_shares": 1353430,
            "book_valuer_per_share": 8.57,
            "book_valuer_per_share_4q_avg": 8.52,
            "equity": 771474,
            "current_ratio": 15.73,
            "debt_ratio": 86.08,
            "inventory_turnover_ratio": 1.02,
            "account_receivable_turnover_ratio": 0.78,
            "reinvestment_rate": null,
            "research_to_sale_ratio": null,
            "price_fair": 0.12,
            "eps_avg_yearly": 0.04,
            "eps_latest_yearly": 0.04,
            "eps_growth_yearly": -333.33
        },
        "20204": {
            "year_quarter": 20204,
            "year": 2020,
            "quarter": 4,
            "eps": 0.06,
            "eps_growth_year": -9.17,
            "eps_4q": -0.29,
            "eps_4q_growth_year": -1876.71,
            "roe": 3.16,
            "roe_4q": -7.5600000000000005,
            "gross_profit": 51708,
            "gross_margin": 32.17,
            "gross_margin_4q_avg": 27.2,
            "net_income": 24660,
            "net_income_4q": null,
            "revenue": 160723,
            "revenue_4q": null,
            "common_shares": 1353430,
            "book_valuer_per_share": 8.61,
            "book_valuer_per_share_4q_avg": 8.51,
            "equity": 788945,
            "current_ratio": 17.55,
            "debt_ratio": 86.14,
            "inventory_turnover_ratio": 1.26,
            "account_receivable_turnover_ratio": 0.86,
            "reinvestment_rate": null,
            "research_to_sale_ratio": null,
            "price_fair": 0.12,
            "eps_avg_yearly": 0.04,
            "eps_latest_yearly": 0.04,
            "eps_growth_yearly": -333.33
        },
        "20211": {
            "year_quarter": 20211,
            "year": 2021,
            "quarter": 1,
            "eps": 0.25,
            "eps_growth_year": 2400,
            "eps_4q": -0.05,
            "eps_4q_growth_year": null,
            "roe": 3.53,
            "roe_4q": -3.410000000000001,
            "gross_profit": 48386,
            "gross_margin": 30.4,
            "gross_margin_4q_avg": 29.37,
            "net_income": 28480,
            "net_income_4q": null,
            "revenue": 159162,
            "revenue_4q": null,
            "common_shares": 1353430,
            "book_valuer_per_share": 8.97,
            "book_valuer_per_share_4q_avg": 8.64,
            "equity": 825715,
            "current_ratio": 26.39,
            "debt_ratio": 85.98,
            "inventory_turnover_ratio": 1.55,
            "account_receivable_turnover_ratio": 0.86,
            "reinvestment_rate": null,
            "research_to_sale_ratio": null,
            "price_fair": 18.2,
            "eps_avg_yearly": 0.52,
            "eps_latest_yearly": 1,
            "eps_growth_yearly": 466.67
        },
        "20212": {
            "year_quarter": 20212,
            "year": 2021,
            "quarter": 2,
            "eps": 0.04,
            "eps_growth_year": null,
            "eps_4q": 0.33,
            "eps_4q_growth_year": null,
            "roe": 1.39,
            "roe_4q": 7.46,
            "gross_profit": 56920,
            "gross_margin": 35,
            "gross_margin_4q_avg": 31.18,
            "net_income": 12263,
            "net_income_4q": null,
            "revenue": 162607,
            "revenue_4q": null,
            "common_shares": 1353430,
            "book_valuer_per_share": 9.68,
            "book_valuer_per_share_4q_avg": 8.96,
            "equity": 932513,
            "current_ratio": 52.53,
            "debt_ratio": 84.49,
            "inventory_turnover_ratio": 1.64,
            "account_receivable_turnover_ratio": 0.88,
            "reinvestment_rate": null,
            "research_to_sale_ratio": null,
            "price_fair": 14,
            "eps_avg_yearly": 0.4,
            "eps_latest_yearly": 0.16,
            "eps_growth_yearly": 199.11
        },
        "20213": {
            "year_quarter": 20213,
            "year": 2021,
            "quarter": 3,
            "eps": 0.05,
            "eps_growth_year": null,
            "eps_4q": 0.41,
            "eps_4q_growth_year": null,
            "roe": -1.78,
            "roe_4q": 6.3,
            "gross_profit": 74971,
            "gross_margin": 33.21,
            "gross_margin_4q_avg": 32.7,
            "net_income": -16177,
            "net_income_4q": null,
            "revenue": 225746,
            "revenue_4q": null,
            "common_shares": 1353430,
            "book_valuer_per_share": 9.5,
            "book_valuer_per_share_4q_avg": 9.19,
            "equity": 884786,
            "current_ratio": 47.15,
            "debt_ratio": 85.27,
            "inventory_turnover_ratio": 2.1,
            "account_receivable_turnover_ratio": 1.11,
            "reinvestment_rate": null,
            "research_to_sale_ratio": null,
            "price_fair": 12.25,
            "eps_avg_yearly": 0.35,
            "eps_latest_yearly": 0.2,
            "eps_growth_yearly": 174.33
        },
        "20214": {
            "year_quarter": 20214,
            "year": 2021,
            "quarter": 4,
            "eps": 1.29,
            "eps_growth_year": 2215.92,
            "eps_4q": 1.64,
            "eps_4q_growth_year": null,
            "roe": 17.4,
            "roe_4q": 20.54,
            "gross_profit": 76743,
            "gross_margin": 24.03,
            "gross_margin_4q_avg": 30.66,
            "net_income": 179568,
            "net_income_4q": null,
            "revenue": 319302,
            "revenue_4q": null,
            "common_shares": 1353430,
            "book_valuer_per_share": 10.56,
            "book_valuer_per_share_4q_avg": 9.68,
            "equity": 1179166,
            "current_ratio": 48.78,
            "debt_ratio": 81.57,
            "inventory_turnover_ratio": 3.53,
            "account_receivable_turnover_ratio": 1.4,
            "reinvestment_rate": null,
            "research_to_sale_ratio": null,
            "price_fair": 45.92,
            "eps_avg_yearly": 1.31,
            "eps_latest_yearly": 5.16,
            "eps_growth_yearly": 2123.47
        },
        "20221": {
            "year_quarter": 20221,
            "year": 2022,
            "quarter": 1,
            "eps": 0.65,
            "eps_growth_year": 160,
            "eps_4q": 2.04,
            "eps_4q_growth_year": null,
            "roe": 7.38,
            "roe_4q": 24.389999999999997,
            "gross_profit": 77242,
            "gross_margin": 36.09,
            "gross_margin_4q_avg": 32.08,
            "net_income": 88101,
            "net_income_4q": null,
            "revenue": 214050,
            "revenue_4q": null,
            "common_shares": 1353430,
            "book_valuer_per_share": 10.96,
            "book_valuer_per_share_4q_avg": 10.18,
            "equity": 1207137,
            "current_ratio": 43.3,
            "debt_ratio": 81.01,
            "inventory_turnover_ratio": 2.18,
            "account_receivable_turnover_ratio": 1,
            "reinvestment_rate": null,
            "research_to_sale_ratio": null,
            "price_fair": 53.43,
            "eps_avg_yearly": 1.53,
            "eps_latest_yearly": 2.6,
            "eps_growth_yearly": 1736.48
        },
        "20222": {
            "year_quarter": 20222,
            "year": 2022,
            "quarter": 2,
            "eps": 0.24,
            "eps_growth_year": 500,
            "eps_4q": 2.24,
            "eps_4q_growth_year": 575.87,
            "roe": -0.14,
            "roe_4q": 22.86,
            "gross_profit": 68004,
            "gross_margin": 36.49,
            "gross_margin_4q_avg": 32.46,
            "net_income": -1718,
            "net_income_4q": null,
            "revenue": 186358,
            "revenue_4q": null,
            "common_shares": 1353430,
            "book_valuer_per_share": 11.3,
            "book_valuer_per_share_4q_avg": 10.58,
            "equity": 1222842,
            "current_ratio": 40.67,
            "debt_ratio": 80.75,
            "inventory_turnover_ratio": 1.77,
            "account_receivable_turnover_ratio": 0.99,
            "reinvestment_rate": null,
            "research_to_sale_ratio": null,
            "price_fair": 50.6,
            "eps_avg_yearly": 1.45,
            "eps_latest_yearly": 0.96,
            "eps_growth_yearly": 1452.37
        },
        "20223": {
            "year_quarter": 20223,
            "year": 2022,
            "quarter": 3,
            "eps": 0.67,
            "eps_growth_year": 1240,
            "eps_4q": 2.86,
            "eps_4q_growth_year": 605.32,
            "roe": 2.88,
            "roe_4q": 27.519999999999996,
            "gross_profit": 106501,
            "gross_margin": 43.45,
            "gross_margin_4q_avg": 35.02,
            "net_income": 35955,
            "net_income_4q": null,
            "revenue": 245112,
            "revenue_4q": null,
            "common_shares": 1353430,
            "book_valuer_per_share": 12.14,
            "book_valuer_per_share_4q_avg": 11.24,
            "equity": 1276982,
            "current_ratio": 40.9,
            "debt_ratio": 80.07,
            "inventory_turnover_ratio": 2.21,
            "account_receivable_turnover_ratio": 1.3,
            "reinvestment_rate": 483.54,
            "research_to_sale_ratio": null,
            "price_fair": 56,
            "eps_avg_yearly": 1.6,
            "eps_latest_yearly": 2.68,
            "eps_growth_yearly": 1360.41
        },
        "20224": {
            "year_quarter": 20224,
            "year": 2022,
            "quarter": 4,
            "eps": 0.1,
            "eps_growth_year": -92.12,
            "eps_4q": 1.67,
            "eps_4q_growth_year": 1.47,
            "roe": 1.58,
            "roe_4q": 11.7,
            "gross_profit": 94322,
            "gross_margin": 46.7,
            "gross_margin_4q_avg": 40.68,
            "net_income": 20675,
            "net_income_4q": null,
            "revenue": 201980,
            "revenue_4q": null,
            "common_shares": 1353430,
            "book_valuer_per_share": 12.48,
            "book_valuer_per_share_4q_avg": 11.72,
            "equity": 1338127,
            "current_ratio": 37.72,
            "debt_ratio": 79.43,
            "inventory_turnover_ratio": 1.89,
            "account_receivable_turnover_ratio": 1.11,
            "reinvestment_rate": 421.48,
            "research_to_sale_ratio": null,
            "price_fair": 51.33,
            "eps_avg_yearly": 1.47,
            "eps_latest_yearly": 0.4,
            "eps_growth_yearly": 1171.44
        },
        "20231": {
            "year_quarter": 20231,
            "year": 2023,
            "quarter": 1,
            "eps": 0.25,
            "eps_growth_year": -61.54,
            "eps_4q": 1.27,
            "eps_4q_growth_year": -38.08,
            "roe": 2.01,
            "roe_4q": 6.33,
            "gross_profit": 82779,
            "gross_margin": 49.8,
            "gross_margin_4q_avg": 44.11,
            "net_income": 27997,
            "net_income_4q": null,
            "revenue": 166227,
            "revenue_4q": null,
            "common_shares": 1353430,
            "book_valuer_per_share": 13.31,
            "book_valuer_per_share_4q_avg": 12.31,
            "equity": 1441557,
            "current_ratio": 23.54,
            "debt_ratio": 78.09,
            "inventory_turnover_ratio": 1.54,
            "account_receivable_turnover_ratio": 1.03,
            "reinvestment_rate": 424.36,
            "research_to_sale_ratio": null,
            "price_fair": 49.7,
            "eps_avg_yearly": 1.42,
            "eps_latest_yearly": 1,
            "eps_growth_yearly": 1114.29
        },
        "20232": {
            "year_quarter": 20232,
            "year": 2023,
            "quarter": 2,
            "eps": 0.19,
            "eps_growth_year": -20.83,
            "eps_4q": 1.21,
            "eps_4q_growth_year": -46.15,
            "roe": -0.79,
            "roe_4q": 5.68,
            "gross_profit": 87759,
            "gross_margin": 48.58,
            "gross_margin_4q_avg": 47.13,
            "net_income": -11446,
            "net_income_4q": null,
            "revenue": 180642,
            "revenue_4q": null,
            "common_shares": 1353430,
            "book_valuer_per_share": 13.65,
            "book_valuer_per_share_4q_avg": 12.9,
            "equity": 1472168,
            "current_ratio": 18.08,
            "debt_ratio": 77.99,
            "inventory_turnover_ratio": 1.85,
            "account_receivable_turnover_ratio": 1.16,
            "reinvestment_rate": 418.38,
            "research_to_sale_ratio": null,
            "price_fair": 47.6,
            "eps_avg_yearly": 1.36,
            "eps_latest_yearly": 0.76,
            "eps_growth_yearly": 1004.27
        },
        "20233": {
            "year_quarter": 20233,
            "year": 2023,
            "quarter": 3,
            "eps": 0.82,
            "eps_growth_year": 22.39,
            "eps_4q": 1.36,
            "eps_4q_growth_year": -52.46,
            "roe": 7.07,
            "roe_4q": 9.87,
            "gross_profit": 97038,
            "gross_margin": 43.42,
            "gross_margin_4q_avg": 47.13,
            "net_income": 105008,
            "net_income_4q": null,
            "revenue": 223506,
            "revenue_4q": null,
            "common_shares": 1353430,
            "book_valuer_per_share": 14.04,
            "book_valuer_per_share_4q_avg": 13.37,
            "equity": 1496817,
            "current_ratio": 17.87,
            "debt_ratio": 78.34,
            "inventory_turnover_ratio": 2.67,
            "account_receivable_turnover_ratio": 1.32,
            "reinvestment_rate": 335.51,
            "research_to_sale_ratio": null,
            "price_fair": 53.2,
            "eps_avg_yearly": 1.52,
            "eps_latest_yearly": 3.28,
            "eps_growth_yearly": 1031.1
        },
        "20234": {
            "year_quarter": 20234,
            "year": 2023,
            "quarter": 4,
            "eps": 0.03,
            "eps_growth_year": -66.13,
            "eps_4q": 1.29,
            "eps_4q_growth_year": -22.5,
            "roe": 1.36,
            "roe_4q": 9.649999999999999,
            "gross_profit": 93858,
            "gross_margin": 44.61,
            "gross_margin_4q_avg": 46.6,
            "net_income": 21169,
            "net_income_4q": null,
            "revenue": 210380,
            "revenue_4q": null,
            "common_shares": 1353430,
            "book_valuer_per_share": 14.6,
            "book_valuer_per_share_4q_avg": 13.9,
            "equity": 1605102,
            "current_ratio": 15.9,
            "debt_ratio": 77.16,
            "inventory_turnover_ratio": 2.48,
            "account_receivable_turnover_ratio": 1.44,
            "reinvestment_rate": 331.86,
            "research_to_sale_ratio": null,
            "price_fair": 49.43,
            "eps_avg_yearly": 1.41,
            "eps_latest_yearly": 0.12,
            "eps_growth_yearly": 922.15
        }
    },
    "months": {
        "2001-06": {
            "month": "2001-06",
            "price": "3.03",
            "revenue": 96434
        },
        "2001-07": {
            "month": "2001-07",
            "price": "2.10",
            "revenue": 102098
        },
        "2001-08": {
            "month": "2001-08",
            "price": "2.27",
            "revenue": 152430
        },
        "2001-09": {
            "month": "2001-09",
            "price": "2.17",
            "revenue": 118240
        },
        "2001-10": {
            "month": "2001-10",
            "price": "1.99",
            "revenue": 94986
        },
        "2001-11": {
            "month": "2001-11",
            "price": "1.96",
            "revenue": 86985
        },
        "2001-12": {
            "month": "2001-12",
            "price": "2.12",
            "revenue": 47560
        },
        "2002-01": {
            "month": "2002-01",
            "price": "2.49",
            "revenue": 45430
        },
        "2002-02": {
            "month": "2002-02",
            "price": "3.01",
            "revenue": 36341
        },
        "2002-03": {
            "month": "2002-03",
            "price": "3.57",
            "revenue": 69090
        },
        "2002-04": {
            "month": "2002-04",
            "price": "4.11",
            "revenue": 75601
        },
        "2002-05": {
            "month": "2002-05",
            "price": "3.66",
            "revenue": 78300
        },
        "2002-06": {
            "month": "2002-06",
            "price": "3.96",
            "revenue": 57023
        },
        "2002-07": {
            "month": "2002-07",
            "price": "4.12",
            "revenue": 42098
        },
        "2002-08": {
            "month": "2002-08",
            "price": "4.07",
            "revenue": 66684
        },
        "2002-09": {
            "month": "2002-09",
            "price": "3.23",
            "revenue": 72654
        },
        "2002-10": {
            "month": "2002-10",
            "price": "3.10",
            "revenue": 88491
        },
        "2002-11": {
            "month": "2002-11",
            "price": "3.02",
            "revenue": 72276
        },
        "2002-12": {
            "month": "2002-12",
            "price": "3.12",
            "revenue": 55943
        },
        "2003-01": {
            "month": "2003-01",
            "price": "3.97",
            "revenue": 50376
        },
        "2003-02": {
            "month": "2003-02",
            "price": "4.07",
            "revenue": 42577
        },
        "2003-03": {
            "month": "2003-03",
            "price": "3.39",
            "revenue": 49238
        },
        "2003-04": {
            "month": "2003-04",
            "price": "3.17",
            "revenue": 69202
        },
        "2003-05": {
            "month": "2003-05",
            "price": "2.72",
            "revenue": 60491
        },
        "2003-06": {
            "month": "2003-06",
            "price": "3.73",
            "revenue": 56859
        },
        "2003-07": {
            "month": "2003-07",
            "price": "4.07",
            "revenue": 70329
        },
        "2003-08": {
            "month": "2003-08",
            "price": "3.69",
            "revenue": 79377
        },
        "2003-09": {
            "month": "2003-09",
            "price": "3.30",
            "revenue": 88469
        },
        "2003-10": {
            "month": "2003-10",
            "price": "3.87",
            "revenue": 113146
        },
        "2003-11": {
            "month": "2003-11",
            "price": "4.37",
            "revenue": 66383
        },
        "2003-12": {
            "month": "2003-12",
            "price": "4.34",
            "revenue": 59675
        },
        "2004-01": {
            "month": "2004-01",
            "price": "4.65",
            "revenue": 39440
        },
        "2004-02": {
            "month": "2004-02",
            "price": "5.58",
            "revenue": 84936
        },
        "2004-03": {
            "month": "2004-03",
            "price": "5.21",
            "revenue": 107884
        },
        "2004-04": {
            "month": "2004-04",
            "price": "5.13",
            "revenue": 91310
        },
        "2004-05": {
            "month": "2004-05",
            "price": "4.11",
            "revenue": 86469
        },
        "2004-06": {
            "month": "2004-06",
            "price": "3.60",
            "revenue": 63442
        },
        "2004-07": {
            "month": "2004-07",
            "price": "3.25",
            "revenue": 67016
        },
        "2004-08": {
            "month": "2004-08",
            "price": "3.32",
            "revenue": 89555
        },
        "2004-09": {
            "month": "2004-09",
            "price": "3.61",
            "revenue": 73316
        },
        "2004-10": {
            "month": "2004-10",
            "price": "3.85",
            "revenue": 67403
        },
        "2004-11": {
            "month": "2004-11",
            "price": "3.69",
            "revenue": 99490
        },
        "2004-12": {
            "month": "2004-12",
            "price": "3.62",
            "revenue": 50341
        },
        "2005-01": {
            "month": "2005-01",
            "price": "3.66",
            "revenue": 51027
        },
        "2005-02": {
            "month": "2005-02",
            "price": "3.37",
            "revenue": 46393
        },
        "2005-03": {
            "month": "2005-03",
            "price": "3.31",
            "revenue": 64321
        },
        "2005-04": {
            "month": "2005-04",
            "price": "3.16",
            "revenue": 62607
        },
        "2005-05": {
            "month": "2005-05",
            "price": "3.06",
            "revenue": 71129
        },
        "2005-06": {
            "month": "2005-06",
            "price": "3.13",
            "revenue": 62459
        },
        "2005-07": {
            "month": "2005-07",
            "price": "3.02",
            "revenue": 63713
        },
        "2005-08": {
            "month": "2005-08",
            "price": "2.93",
            "revenue": 98978
        },
        "2005-09": {
            "month": "2005-09",
            "price": "2.85",
            "revenue": 74203
        },
        "2005-10": {
            "month": "2005-10",
            "price": "2.84",
            "revenue": 70204
        },
        "2005-11": {
            "month": "2005-11",
            "price": "2.66",
            "revenue": 67427
        },
        "2005-12": {
            "month": "2005-12",
            "price": "2.66",
            "revenue": 90680
        },
        "2006-01": {
            "month": "2006-01",
            "price": "2.76",
            "revenue": 50145
        },
        "2006-02": {
            "month": "2006-02",
            "price": "3.04",
            "revenue": 50522
        },
        "2006-03": {
            "month": "2006-03",
            "price": "2.88",
            "revenue": 75596
        },
        "2006-04": {
            "month": "2006-04",
            "price": "2.94",
            "revenue": 41406
        },
        "2006-05": {
            "month": "2006-05",
            "price": "3.54",
            "revenue": 52190
        },
        "2006-06": {
            "month": "2006-06",
            "price": "3.21",
            "revenue": 229195
        },
        "2006-07": {
            "month": "2006-07",
            "price": "3.46",
            "revenue": 134680
        },
        "2006-08": {
            "month": "2006-08",
            "price": "3.38",
            "revenue": 110804
        },
        "2006-09": {
            "month": "2006-09",
            "price": "3.12",
            "revenue": 73480
        },
        "2006-10": {
            "month": "2006-10",
            "price": "3.06",
            "revenue": 91831
        },
        "2006-11": {
            "month": "2006-11",
            "price": "3.71",
            "revenue": 74490
        },
        "2006-12": {
            "month": "2006-12",
            "price": "4.87",
            "revenue": 83959
        },
        "2007-01": {
            "month": "2007-01",
            "price": "4.48",
            "revenue": 70673
        },
        "2007-02": {
            "month": "2007-02",
            "price": "4.19",
            "revenue": 54137
        },
        "2007-03": {
            "month": "2007-03",
            "price": "4.17",
            "revenue": 68667
        },
        "2007-04": {
            "month": "2007-04",
            "price": "4.69",
            "revenue": 41216
        },
        "2007-05": {
            "month": "2007-05",
            "price": "4.03",
            "revenue": 56943
        },
        "2007-06": {
            "month": "2007-06",
            "price": "3.92",
            "revenue": 55265
        },
        "2007-07": {
            "month": "2007-07",
            "price": "4.96",
            "revenue": 51576
        },
        "2007-08": {
            "month": "2007-08",
            "price": "4.47",
            "revenue": 84117
        },
        "2007-09": {
            "month": "2007-09",
            "price": "4.31",
            "revenue": 254512
        },
        "2007-10": {
            "month": "2007-10",
            "price": "4.20",
            "revenue": 98932
        },
        "2007-11": {
            "month": "2007-11",
            "price": "3.33",
            "revenue": 72845
        },
        "2007-12": {
            "month": "2007-12",
            "price": "3.08",
            "revenue": 56500
        },
        "2008-01": {
            "month": "2008-01",
            "price": "2.94",
            "revenue": 71060
        },
        "2008-02": {
            "month": "2008-02",
            "price": "2.92",
            "revenue": 48782
        },
        "2008-03": {
            "month": "2008-03",
            "price": "3.36",
            "revenue": 48788
        },
        "2008-04": {
            "month": "2008-04",
            "price": "3.53",
            "revenue": 58154
        },
        "2008-05": {
            "month": "2008-05",
            "price": "3.40",
            "revenue": 74638
        },
        "2008-06": {
            "month": "2008-06",
            "price": "2.94",
            "revenue": 73464
        },
        "2008-07": {
            "month": "2008-07",
            "price": "2.53",
            "revenue": 53402
        },
        "2008-08": {
            "month": "2008-08",
            "price": "2.28",
            "revenue": 65590
        },
        "2008-09": {
            "month": "2008-09",
            "price": "1.72",
            "revenue": 85577
        },
        "2008-10": {
            "month": "2008-10",
            "price": "1.32",
            "revenue": 195758
        },
        "2008-11": {
            "month": "2008-11",
            "price": "1.31",
            "revenue": 150851
        },
        "2008-12": {
            "month": "2008-12",
            "price": "1.45",
            "revenue": 77231
        },
        "2009-01": {
            "month": "2009-01",
            "price": "1.63",
            "revenue": 96034
        },
        "2009-02": {
            "month": "2009-02",
            "price": "1.48",
            "revenue": 66102
        },
        "2009-03": {
            "month": "2009-03",
            "price": "1.81",
            "revenue": 62776
        },
        "2009-04": {
            "month": "2009-04",
            "price": "2.73",
            "revenue": 72043
        },
        "2009-05": {
            "month": "2009-05",
            "price": "2.92",
            "revenue": 95143
        },
        "2009-06": {
            "month": "2009-06",
            "price": "2.55",
            "revenue": 112970
        },
        "2009-07": {
            "month": "2009-07",
            "price": "2.46",
            "revenue": 125383
        },
        "2009-08": {
            "month": "2009-08",
            "price": "2.54",
            "revenue": 111259
        },
        "2009-09": {
            "month": "2009-09",
            "price": "2.48",
            "revenue": 158063
        },
        "2009-10": {
            "month": "2009-10",
            "price": "2.96",
            "revenue": 109311
        },
        "2009-11": {
            "month": "2009-11",
            "price": "2.97",
            "revenue": 88937
        },
        "2009-12": {
            "month": "2009-12",
            "price": "3.00",
            "revenue": 106141
        },
        "2010-01": {
            "month": "2010-01",
            "price": "3.40",
            "revenue": 143651
        },
        "2010-02": {
            "month": "2010-02",
            "price": "2.96",
            "revenue": 46140
        },
        "2010-03": {
            "month": "2010-03",
            "price": "3.06",
            "revenue": 105336
        },
        "2010-04": {
            "month": "2010-04",
            "price": "3.30",
            "revenue": 130243
        },
        "2010-05": {
            "month": "2010-05",
            "price": "3.01",
            "revenue": 176939
        },
        "2010-06": {
            "month": "2010-06",
            "price": "3.07",
            "revenue": 183713
        },
        "2010-07": {
            "month": "2010-07",
            "price": "3.22",
            "revenue": 145347
        },
        "2010-08": {
            "month": "2010-08",
            "price": "3.87",
            "revenue": 106426
        },
        "2010-09": {
            "month": "2010-09",
            "price": "3.75",
            "revenue": 76404
        },
        "2010-10": {
            "month": "2010-10",
            "price": "3.98",
            "revenue": 131987
        },
        "2010-11": {
            "month": "2010-11",
            "price": "3.84",
            "revenue": 135303
        },
        "2010-12": {
            "month": "2010-12",
            "price": "3.80",
            "revenue": 175200
        },
        "2011-01": {
            "month": "2011-01",
            "price": "3.89",
            "revenue": 69090
        },
        "2011-02": {
            "month": "2011-02",
            "price": "3.81",
            "revenue": 90587
        },
        "2011-03": {
            "month": "2011-03",
            "price": "3.56",
            "revenue": 170273
        },
        "2011-04": {
            "month": "2011-04",
            "price": "3.63",
            "revenue": 124032
        },
        "2011-05": {
            "month": "2011-05",
            "price": "4.61",
            "revenue": 62112
        },
        "2011-06": {
            "month": "2011-06",
            "price": "4.06",
            "revenue": 46722
        },
        "2011-07": {
            "month": "2011-07",
            "price": "3.68",
            "revenue": 78136
        },
        "2011-08": {
            "month": "2011-08",
            "price": "3.38",
            "revenue": 42894
        },
        "2011-09": {
            "month": "2011-09",
            "price": "5.00",
            "revenue": 46168
        },
        "2011-10": {
            "month": "2011-10",
            "price": "6.04",
            "revenue": 47056
        },
        "2011-11": {
            "month": "2011-11",
            "price": "5.86",
            "revenue": 73351
        },
        "2011-12": {
            "month": "2011-12",
            "price": "5.31",
            "revenue": 117348
        },
        "2012-01": {
            "month": "2012-01",
            "price": "5.23",
            "revenue": 52325
        },
        "2012-02": {
            "month": "2012-02",
            "price": "6.25",
            "revenue": 55786
        },
        "2012-03": {
            "month": "2012-03",
            "price": "6.00",
            "revenue": 77907
        },
        "2012-04": {
            "month": "2012-04",
            "price": "5.14",
            "revenue": 105116
        },
        "2012-05": {
            "month": "2012-05",
            "price": "4.77",
            "revenue": 117470
        },
        "2012-06": {
            "month": "2012-06",
            "price": "4.27",
            "revenue": 64388
        },
        "2012-07": {
            "month": "2012-07",
            "price": "4.22",
            "revenue": 93366
        },
        "2012-08": {
            "month": "2012-08",
            "price": "4.17",
            "revenue": 114366
        },
        "2012-09": {
            "month": "2012-09",
            "price": "4.65",
            "revenue": 76849
        },
        "2012-10": {
            "month": "2012-10",
            "price": "5.51",
            "revenue": 86211
        },
        "2012-11": {
            "month": "2012-11",
            "price": "5.02",
            "revenue": 84947
        },
        "2012-12": {
            "month": "2012-12",
            "price": "5.16",
            "revenue": 101430
        },
        "2013-01": {
            "month": "2013-01",
            "price": "5.31",
            "revenue": 149252
        },
        "2013-02": {
            "month": "2013-02",
            "price": "5.34",
            "revenue": 79612
        },
        "2013-03": {
            "month": "2013-03",
            "price": "5.19",
            "revenue": 162351
        },
        "2013-04": {
            "month": "2013-04",
            "price": "4.94",
            "revenue": 176748
        },
        "2013-05": {
            "month": "2013-05",
            "price": "5.42",
            "revenue": 181023
        },
        "2013-06": {
            "month": "2013-06",
            "price": "5.62",
            "revenue": 199361
        },
        "2013-07": {
            "month": "2013-07",
            "price": "6.07",
            "revenue": 269122
        },
        "2013-08": {
            "month": "2013-08",
            "price": "6.40",
            "revenue": 297250
        },
        "2013-09": {
            "month": "2013-09",
            "price": "7.40",
            "revenue": 207772
        },
        "2013-10": {
            "month": "2013-10",
            "price": "9.70",
            "revenue": 190466
        },
        "2013-11": {
            "month": "2013-11",
            "price": "9.27",
            "revenue": 145133
        },
        "2013-12": {
            "month": "2013-12",
            "price": "8.48",
            "revenue": 215091
        },
        "2014-01": {
            "month": "2014-01",
            "price": "8.22",
            "revenue": 137648
        },
        "2014-02": {
            "month": "2014-02",
            "price": "7.70",
            "revenue": 92204
        },
        "2014-03": {
            "month": "2014-03",
            "price": "7.65",
            "revenue": 148108
        },
        "2014-04": {
            "month": "2014-04",
            "price": "7.57",
            "revenue": 175828
        },
        "2014-05": {
            "month": "2014-05",
            "price": "7.62",
            "revenue": 139766
        },
        "2014-06": {
            "month": "2014-06",
            "price": "7.68",
            "revenue": 136633
        },
        "2014-07": {
            "month": "2014-07",
            "price": "8.72",
            "revenue": 236010
        },
        "2014-08": {
            "month": "2014-08",
            "price": "7.56",
            "revenue": 180011
        },
        "2014-09": {
            "month": "2014-09",
            "price": "7.22",
            "revenue": 157125
        },
        "2014-10": {
            "month": "2014-10",
            "price": "7.07",
            "revenue": 119156
        },
        "2014-11": {
            "month": "2014-11",
            "price": "6.68",
            "revenue": 106307
        },
        "2014-12": {
            "month": "2014-12",
            "price": "6.35",
            "revenue": 117545
        },
        "2015-01": {
            "month": "2015-01",
            "price": "6.48",
            "revenue": 84851
        },
        "2015-02": {
            "month": "2015-02",
            "price": "6.80",
            "revenue": 74223
        },
        "2015-03": {
            "month": "2015-03",
            "price": "6.84",
            "revenue": 113664
        },
        "2015-04": {
            "month": "2015-04",
            "price": "6.79",
            "revenue": 117985
        },
        "2015-05": {
            "month": "2015-05",
            "price": "6.46",
            "revenue": 107761
        },
        "2015-06": {
            "month": "2015-06",
            "price": "5.59",
            "revenue": 130155
        },
        "2015-07": {
            "month": "2015-07",
            "price": "5.69",
            "revenue": 132473
        },
        "2015-08": {
            "month": "2015-08",
            "price": "4.90",
            "revenue": 111106
        },
        "2015-09": {
            "month": "2015-09",
            "price": "5.05",
            "revenue": 112427
        },
        "2015-10": {
            "month": "2015-10",
            "price": "5.08",
            "revenue": 99634
        },
        "2015-11": {
            "month": "2015-11",
            "price": "4.91",
            "revenue": 122487
        },
        "2015-12": {
            "month": "2015-12",
            "price": "5.14",
            "revenue": 107972
        },
        "2016-01": {
            "month": "2016-01",
            "price": "5.16",
            "revenue": 95536
        },
        "2016-02": {
            "month": "2016-02",
            "price": "5.20",
            "revenue": 64332
        },
        "2016-03": {
            "month": "2016-03",
            "price": "5.22",
            "revenue": 106958
        },
        "2016-04": {
            "month": "2016-04",
            "price": "5.09",
            "revenue": 99593
        },
        "2016-05": {
            "month": "2016-05",
            "price": "4.98",
            "revenue": 91316
        },
        "2016-06": {
            "month": "2016-06",
            "price": "4.82",
            "revenue": 100217
        },
        "2016-07": {
            "month": "2016-07",
            "price": "4.88",
            "revenue": 112251
        },
        "2016-08": {
            "month": "2016-08",
            "price": "4.76",
            "revenue": 119958
        },
        "2016-09": {
            "month": "2016-09",
            "price": "4.74",
            "revenue": 108464
        },
        "2016-10": {
            "month": "2016-10",
            "price": "4.70",
            "revenue": 110591
        },
        "2016-11": {
            "month": "2016-11",
            "price": "4.58",
            "revenue": 135630
        },
        "2016-12": {
            "month": "2016-12",
            "price": "4.55",
            "revenue": 132915
        },
        "2017-01": {
            "month": "2017-01",
            "price": "4.70",
            "revenue": 136543
        },
        "2017-02": {
            "month": "2017-02",
            "price": "5.94",
            "revenue": 86518
        },
        "2017-03": {
            "month": "2017-03",
            "price": "6.18",
            "revenue": 98716
        },
        "2017-04": {
            "month": "2017-04",
            "price": "5.34",
            "revenue": 107976
        },
        "2017-05": {
            "month": "2017-05",
            "price": "6.03",
            "revenue": 108371
        },
        "2017-06": {
            "month": "2017-06",
            "price": "5.74",
            "revenue": 95956
        },
        "2017-07": {
            "month": "2017-07",
            "price": "5.97",
            "revenue": 88147
        },
        "2017-08": {
            "month": "2017-08",
            "price": "6.06",
            "revenue": 85462
        },
        "2017-09": {
            "month": "2017-09",
            "price": "5.93",
            "revenue": 102371
        },
        "2017-10": {
            "month": "2017-10",
            "price": "5.94",
            "revenue": 95941
        },
        "2017-11": {
            "month": "2017-11",
            "price": "5.75",
            "revenue": 94661
        },
        "2017-12": {
            "month": "2017-12",
            "price": "5.43",
            "revenue": 97328
        },
        "2018-01": {
            "month": "2018-01",
            "price": "5.47",
            "revenue": 94642
        },
        "2018-02": {
            "month": "2018-02",
            "price": "5.39",
            "revenue": 85477
        },
        "2018-03": {
            "month": "2018-03",
            "price": "5.77",
            "revenue": 92193
        },
        "2018-04": {
            "month": "2018-04",
            "price": "5.73",
            "revenue": 101056
        },
        "2018-05": {
            "month": "2018-05",
            "price": "5.62",
            "revenue": 92656
        },
        "2018-06": {
            "month": "2018-06",
            "price": "6.15",
            "revenue": 116211
        },
        "2018-07": {
            "month": "2018-07",
            "price": "6.94",
            "revenue": 136806
        },
        "2018-08": {
            "month": "2018-08",
            "price": "7.17",
            "revenue": 95132
        },
        "2018-09": {
            "month": "2018-09",
            "price": "7.05",
            "revenue": 78431
        },
        "2018-10": {
            "month": "2018-10",
            "price": "6.85",
            "revenue": 80946
        },
        "2018-11": {
            "month": "2018-11",
            "price": "6.92",
            "revenue": 76980
        },
        "2018-12": {
            "month": "2018-12",
            "price": "6.84",
            "revenue": 77831
        },
        "2019-01": {
            "month": "2019-01",
            "price": "6.84",
            "revenue": 80328
        },
        "2019-02": {
            "month": "2019-02",
            "price": "6.99",
            "revenue": 41416
        },
        "2019-03": {
            "month": "2019-03",
            "price": "7.04",
            "revenue": 55594
        },
        "2019-04": {
            "month": "2019-04",
            "price": "7.09",
            "revenue": 63051
        },
        "2019-05": {
            "month": "2019-05",
            "price": "7.53",
            "revenue": 50886
        },
        "2019-06": {
            "month": "2019-06",
            "price": "7.94",
            "revenue": 51220
        },
        "2019-07": {
            "month": "2019-07",
            "price": "8.54",
            "revenue": 54516
        },
        "2019-08": {
            "month": "2019-08",
            "price": "9.55",
            "revenue": 57781
        },
        "2019-09": {
            "month": "2019-09",
            "price": "9.51",
            "revenue": 49317
        },
        "2019-10": {
            "month": "2019-10",
            "price": "9.80",
            "revenue": 58615
        },
        "2019-11": {
            "month": "2019-11",
            "price": "9.81",
            "revenue": 63982
        },
        "2019-12": {
            "month": "2019-12",
            "price": "9.76",
            "revenue": 74903
        },
        "2020-01": {
            "month": "2020-01",
            "price": "9.64",
            "revenue": 44762
        },
        "2020-02": {
            "month": "2020-02",
            "price": "9.35",
            "revenue": 45184
        },
        "2020-03": {
            "month": "2020-03",
            "price": "8.91",
            "revenue": 55681
        },
        "2020-04": {
            "month": "2020-04",
            "price": "8.56",
            "revenue": 40630
        },
        "2020-05": {
            "month": "2020-05",
            "price": "8.91",
            "revenue": 40786
        },
        "2020-06": {
            "month": "2020-06",
            "price": "9.11",
            "revenue": 39412
        },
        "2020-07": {
            "month": "2020-07",
            "price": "9.07",
            "revenue": 41296
        },
        "2020-08": {
            "month": "2020-08",
            "price": "9.13",
            "revenue": 46155
        },
        "2020-09": {
            "month": "2020-09",
            "price": "8.90",
            "revenue": 55232
        },
        "2020-10": {
            "month": "2020-10",
            "price": "9.03",
            "revenue": 54439
        },
        "2020-11": {
            "month": "2020-11",
            "price": "9.75",
            "revenue": 54269
        },
        "2020-12": {
            "month": "2020-12",
            "price": "11.25",
            "revenue": 49125
        },
        "2021-01": {
            "month": "2021-01",
            "price": "11.36",
            "revenue": 56609
        },
        "2021-02": {
            "month": "2021-02",
            "price": "11.37",
            "revenue": 41826
        },
        "2021-03": {
            "month": "2021-03",
            "price": "11.18",
            "revenue": 60327
        },
        "2021-04": {
            "month": "2021-04",
            "price": "12.32",
            "revenue": 54808
        },
        "2021-05": {
            "month": "2021-05",
            "price": "12.43",
            "revenue": 55089
        },
        "2021-06": {
            "month": "2021-06",
            "price": "15.54",
            "revenue": 45266
        },
        "2021-07": {
            "month": "2021-07",
            "price": "15.81",
            "revenue": 64877
        },
        "2021-08": {
            "month": "2021-08",
            "price": "14.74",
            "revenue": 71794
        },
        "2021-09": {
            "month": "2021-09",
            "price": "15.16",
            "revenue": 86556
        },
        "2021-10": {
            "month": "2021-10",
            "price": "15.28",
            "revenue": 111745
        },
        "2021-11": {
            "month": "2021-11",
            "price": "16.78",
            "revenue": 114367
        },
        "2021-12": {
            "month": "2021-12",
            "price": "16.79",
            "revenue": 89453
        },
        "2022-01": {
            "month": "2022-01",
            "price": "16.31",
            "revenue": 80108
        },
        "2022-02": {
            "month": "2022-02",
            "price": "16.14",
            "revenue": 64738
        },
        "2022-03": {
            "month": "2022-03",
            "price": "15.86",
            "revenue": 69205
        },
        "2022-04": {
            "month": "2022-04",
            "price": "16.01",
            "revenue": 53457
        },
        "2022-05": {
            "month": "2022-05",
            "price": "16.11",
            "revenue": 75480
        },
        "2022-06": {
            "month": "2022-06",
            "price": "16.23",
            "revenue": 57486
        },
        "2022-07": {
            "month": "2022-07",
            "price": "16.09",
            "revenue": 63796
        },
        "2022-08": {
            "month": "2022-08",
            "price": "18.74",
            "revenue": 103981
        },
        "2022-09": {
            "month": "2022-09",
            "price": "19.97",
            "revenue": 77399
        },
        "2022-10": {
            "month": "2022-10",
            "price": "19.75",
            "revenue": 63882
        },
        "2022-11": {
            "month": "2022-11",
            "price": "21.00",
            "revenue": 64905
        },
        "2022-12": {
            "month": "2022-12",
            "price": "21.02",
            "revenue": 72803
        },
        "2023-01": {
            "month": "2023-01",
            "price": "25.35",
            "revenue": 53169
        },
        "2023-02": {
            "month": "2023-02",
            "price": "30.22",
            "revenue": 49068
        },
        "2023-03": {
            "month": "2023-03",
            "price": "29.83",
            "revenue": 67606
        },
        "2023-04": {
            "month": "2023-04",
            "price": "29.18",
            "revenue": 54091
        },
        "2023-05": {
            "month": "2023-05",
            "price": "28.95",
            "revenue": 59825
        },
        "2023-06": {
            "month": "2023-06",
            "price": "29.00",
            "revenue": 62602
        },
        "2023-07": {
            "month": "2023-07",
            "price": "28.62",
            "revenue": 56804
        },
        "2023-08": {
            "month": "2023-08",
            "price": "28.46",
            "revenue": 75942
        },
        "2023-09": {
            "month": "2023-09",
            "price": "28.29",
            "revenue": 91268
        },
        "2023-10": {
            "month": "2023-10",
            "price": "28.56",
            "revenue": 67996
        },
        "2023-11": {
            "month": "2023-11",
            "price": "28.50",
            "revenue": 76391
        },
        "2023-12": {
            "month": "2023-12",
            "price": "28.63",
            "revenue": 65991
        },
        "2024-01": {
            "month": "2024-01",
            "price": "28.72",
            "revenue": 78537
        },
        "2024-02": {
            "month": "2024-02",
            "price": "28.61",
            "revenue": 62322
        }
    }
}
