{
    "summary": {
        "stock_name": "力麗",
        "stock_id": "1444",
        "category": "紡織纖維",
        "main_business": "聚酯加工絲<br>聚酯原絲+粒<br>瓶用酯粒",
        "website_url": "https://www.lealeagroup.com.tw/",
        "ceo": "陳漢卿",
        "pe_ratio": 83,
        "report_year_from": 2001,
        "report_year_to": 2023,
        "age": 22,
        "eps_negative_percentage": 39,
        "eps_growth_avg": {
            "last_all": -43.49,
            "last_2y": -62.32,
            "last_4y": -70.33,
            "last_8y": -54.54,
            "last_12y": -33.22,
            "last_16y": -38.78,
            "last_20y": -43.49,
            "at_2006_last_3y": -100,
            "at_2007_last_3y": -100,
            "at_2008_last_3y": -100,
            "at_2009_last_3y": -100,
            "at_2010_last_3y": 0,
            "at_2011_last_3y": -18.07,
            "at_2012_last_3y": 12.2,
            "at_2013_last_3y": 4.1,
            "at_2014_last_3y": -37.45,
            "at_2015_last_3y": -4.11,
            "at_2016_last_3y": -22.74,
            "at_2017_last_3y": -42.69,
            "at_2018_last_3y": -34.85,
            "at_2019_last_3y": -90.03,
            "at_2020_last_3y": -95.45,
            "at_2021_last_3y": -93.18,
            "at_2022_last_3y": -70.33,
            "at_2023_last_3y": -70.33,
            "at_2006_last_all": -100,
            "at_2007_last_all": -100,
            "at_2008_last_all": -100,
            "at_2009_last_all": -100,
            "at_2010_last_all": -33.33,
            "at_2011_last_all": -38.55,
            "at_2012_last_all": -32.68,
            "at_2013_last_all": -30.6,
            "at_2014_last_all": -35.69,
            "at_2015_last_all": -21.33,
            "at_2016_last_all": -28.26,
            "at_2017_last_all": -35.44,
            "at_2018_last_all": -35.44,
            "at_2019_last_all": -40.07,
            "at_2020_last_all": -45.06,
            "at_2021_last_all": -45.06,
            "at_2022_last_all": -43.49,
            "at_2023_last_all": -43.49
        },
        "latest_eps": 0.13,
        "latest_price": 10.85,
        "latest_roe": 0.77,
        "latest_gross_margin": -0.87,
        "latest_equity": 12119045,
        "latest_revenue": 2255787,
        "latest_gross_profit": -19557,
        "latest_net_income": -102028,
        "latest_debt_ratio": 36.6,
        "latest_current_ratio": 119.91,
        "latest_account_receivable_turnover_ratio": 3.06,
        "latest_inventory_turnover_ratio": 0.61,
        "latest_reinvestment_rate": -76.65,
        "latest_research_to_sale_ratio": 0.37
    },
    "eps_dividends": {
        "1991": {
            "cash": 0.5,
            "stock": 1.5,
            "eps": 0
        },
        "1992": {
            "cash": 0,
            "stock": 2,
            "eps": 0
        },
        "1994": {
            "cash": 0,
            "stock": 2.2,
            "eps": 0
        },
        "1995": {
            "cash": 0,
            "stock": 1.7,
            "eps": 0
        },
        "1996": {
            "cash": 0,
            "stock": 1.5,
            "eps": 0
        },
        "1997": {
            "cash": 0,
            "stock": 1.5,
            "eps": 0
        },
        "1998": {
            "cash": 0,
            "stock": 2,
            "eps": 0
        },
        "1999": {
            "cash": 0,
            "stock": 0.6,
            "eps": 0
        },
        "2001": {
            "cash": 0,
            "stock": 0,
            "eps": -0.64
        },
        "2002": {
            "cash": 0,
            "stock": 0,
            "eps": -0.11
        },
        "2003": {
            "cash": 0,
            "stock": 0,
            "eps": 0.01
        },
        "2004": {
            "cash": 0,
            "stock": 0,
            "eps": -0.29
        },
        "2005": {
            "cash": 0,
            "stock": 0,
            "eps": -1.36
        },
        "2006": {
            "cash": 0,
            "stock": 0,
            "eps": -0.01
        },
        "2007": {
            "cash": 0,
            "stock": 0,
            "eps": 0.59
        },
        "2008": {
            "cash": 0,
            "stock": 0.5,
            "eps": -0.37
        },
        "2009": {
            "cash": 0,
            "stock": 0,
            "eps": 0.92
        },
        "2010": {
            "cash": 0.8,
            "stock": 0.2,
            "eps": 2.14
        },
        "2011": {
            "cash": 1,
            "stock": 1.6,
            "eps": 0.98
        },
        "2012": {
            "cash": 0,
            "stock": 0,
            "eps": 0.89
        },
        "2013": {
            "cash": 0.6,
            "stock": 0,
            "eps": 0.71
        },
        "2014": {
            "cash": 0,
            "stock": 0.5,
            "eps": 0.24
        },
        "2015": {
            "cash": 0.5,
            "stock": 0,
            "eps": 0.43
        },
        "2016": {
            "cash": 0.5,
            "stock": 0,
            "eps": 0.07
        },
        "2017": {
            "cash": 0,
            "stock": 0,
            "eps": -0.01
        },
        "2018": {
            "cash": 0.5,
            "stock": 0,
            "eps": 0.44
        },
        "2019": {
            "cash": 0.4,
            "stock": 0,
            "eps": 0.06
        },
        "2020": {
            "cash": 0,
            "stock": 0,
            "eps": -0.37
        },
        "2021": {
            "cash": 0,
            "stock": 0,
            "eps": 0.69
        },
        "2022": {
            "cash": 0.3,
            "stock": 0,
            "eps": 0.52
        },
        "2023": {
            "cash": 0,
            "stock": 0.4,
            "eps": -0.11
        }
    },
    "dividends": {
        "1991-04-24": {
            "cash": 0.5,
            "stock": 1.5
        },
        "1992-03-27": {
            "cash": 0,
            "stock": 2
        },
        "1994-04-26": {
            "cash": 0,
            "stock": 2.2
        },
        "1995-05-10": {
            "cash": 0,
            "stock": 1.7
        },
        "1996-06-05": {
            "cash": 0,
            "stock": 1.5
        },
        "1997-05-07": {
            "cash": 0,
            "stock": 1.5
        },
        "1998-04-23": {
            "cash": 0,
            "stock": 2
        },
        "1999-05-27": {
            "cash": 0,
            "stock": 0.6
        },
        "2008-04-28": {
            "cash": 0,
            "stock": 0.5
        },
        "2010-04-23": {
            "cash": 0.8,
            "stock": 0.2
        },
        "2011-01-01": {
            "cash": 0.5,
            "stock": 0.3
        },
        "2011-04-25": {
            "cash": 0.5,
            "stock": 1.3
        },
        "2013-04-23": {
            "cash": 0.6,
            "stock": 0
        },
        "2014-06-11": {
            "cash": 0,
            "stock": 0.5
        },
        "2015-08-03": {
            "cash": 0.5,
            "stock": 0
        },
        "2016-07-29": {
            "cash": 0.5,
            "stock": 0
        },
        "2018-08-03": {
            "cash": 0.5,
            "stock": 0
        },
        "2019-07-26": {
            "cash": 0.4,
            "stock": 0
        },
        "2022-09-08": {
            "cash": 0.3,
            "stock": 0
        },
        "2023-04-11": {
            "cash": 0,
            "stock": 0.4
        }
    },
    "prices": {
        "200101": "3.53",
        "200102": "4.04",
        "200103": "3.87",
        "200104": "4.26",
        "200105": "3.16",
        "200106": "2.78",
        "200107": "2.65",
        "200108": "3.25",
        "200109": "3.30",
        "200110": "3.08",
        "200111": "3.17",
        "200112": "3.28",
        "200201": "4.19",
        "200202": "4.50",
        "200203": "6.71",
        "200204": "7.72",
        "200205": "6.84",
        "200206": "6.55",
        "200207": "6.40",
        "200208": "6.06",
        "200209": "5.04",
        "200210": "4.08",
        "200211": "5.07",
        "200212": "5.83",
        "200301": "8.21",
        "200302": "7.12",
        "200303": "5.79",
        "200304": "5.53",
        "200305": "4.93",
        "200306": "5.81",
        "200307": "6.45",
        "200308": "6.72",
        "200309": "6.25",
        "200310": "6.98",
        "200311": "7.68",
        "200312": "7.71",
        "200401": "8.41",
        "200402": "8.32",
        "200403": "7.71",
        "200404": "7.05",
        "200405": "5.78",
        "200406": "5.65",
        "200407": "5.35",
        "200408": "5.48",
        "200409": "6.51",
        "200410": "6.68",
        "200411": "6.33",
        "200412": "6.71",
        "200501": "6.66",
        "200502": "6.11",
        "200503": "5.45",
        "200504": "4.42",
        "200505": "4.12",
        "200506": "4.68",
        "200507": "4.54",
        "200508": "4.32",
        "200509": "3.95",
        "200510": "3.67",
        "200511": "3.49",
        "200512": "3.73",
        "200601": "3.81",
        "200602": "3.52",
        "200603": "3.08",
        "200604": "3.23",
        "200605": "3.97",
        "200606": "3.51",
        "200607": "3.48",
        "200608": "3.26",
        "200609": "3.08",
        "200610": "3.47",
        "200611": "4.08",
        "200612": "5.16",
        "200701": "5.24",
        "200702": "6.94",
        "200703": "6.70",
        "200704": "8.20",
        "200705": "8.30",
        "200706": "7.96",
        "200707": "9.80",
        "200708": "10.90",
        "200709": "11.35",
        "200710": "11.12",
        "200711": "8.19",
        "200712": "7.64",
        "200801": "8.61",
        "200802": "9.24",
        "200803": "10.40",
        "200804": "10.52",
        "200805": "10.35",
        "200806": "8.52",
        "200807": "6.93",
        "200808": "6.41",
        "200809": "4.65",
        "200810": "3.67",
        "200811": "3.93",
        "200812": "4.07",
        "200901": "4.02",
        "200902": "3.91",
        "200903": "4.11",
        "200904": "4.86",
        "200905": "5.27",
        "200906": "4.96",
        "200907": "5.42",
        "200908": "5.94",
        "200909": "6.24",
        "200910": "6.99",
        "200911": "7.15",
        "200912": "7.74",
        "201001": "8.89",
        "201002": "8.08",
        "201003": "9.89",
        "201004": "10.95",
        "201005": "11.89",
        "201006": "11.79",
        "201007": "12.16",
        "201008": "14.42",
        "201009": "15.91",
        "201010": "18.04",
        "201011": "16.68",
        "201012": "16.65",
        "201101": "17.20",
        "201102": "17.20",
        "201103": "15.66",
        "201104": "16.83",
        "201105": "16.60",
        "201106": "15.70",
        "201107": "16.24",
        "201108": "14.03",
        "201109": "11.99",
        "201110": "10.96",
        "201111": "10.53",
        "201112": "9.73",
        "201201": "11.20",
        "201202": "12.68",
        "201203": "12.77",
        "201204": "10.93",
        "201205": "11.17",
        "201206": "10.67",
        "201207": "10.64",
        "201208": "10.60",
        "201209": "11.26",
        "201210": "11.14",
        "201211": "10.30",
        "201212": "11.01",
        "201301": "11.17",
        "201302": "11.11",
        "201303": "10.66",
        "201304": "10.31",
        "201305": "10.68",
        "201306": "10.88",
        "201307": "10.85",
        "201308": "10.28",
        "201309": "10.40",
        "201310": "10.98",
        "201311": "10.65",
        "201312": "10.84",
        "201401": "10.98",
        "201402": "10.89",
        "201403": "10.76",
        "201404": "10.85",
        "201405": "10.72",
        "201406": "10.64",
        "201407": "10.62",
        "201408": "9.61",
        "201409": "9.31",
        "201410": "8.86",
        "201411": "8.56",
        "201412": "8.73",
        "201501": "9.20",
        "201502": "9.41",
        "201503": "9.33",
        "201504": "10.02",
        "201505": "10.54",
        "201506": "10.28",
        "201507": "9.23",
        "201508": "8.45",
        "201509": "8.63",
        "201510": "9.23",
        "201511": "9.19",
        "201512": "9.06",
        "201601": "8.93",
        "201602": "9.11",
        "201603": "9.69",
        "201604": "9.21",
        "201605": "8.95",
        "201606": "8.75",
        "201607": "8.44",
        "201608": "8.55",
        "201609": "8.53",
        "201610": "8.28",
        "201611": "7.83",
        "201612": "8.33",
        "201701": "8.32",
        "201702": "8.71",
        "201703": "8.42",
        "201704": "8.35",
        "201705": "7.79",
        "201706": "7.88",
        "201707": "10.02",
        "201708": "10.60",
        "201709": "10.78",
        "201710": "11.10",
        "201711": "11.02",
        "201712": "11.55",
        "201801": "12.33",
        "201802": "11.10",
        "201803": "11.10",
        "201804": "11.27",
        "201805": "11.43",
        "201806": "11.20",
        "201807": "10.10",
        "201808": "10.68",
        "201809": "11.03",
        "201810": "10.11",
        "201811": "9.80",
        "201812": "10.12",
        "201901": "9.89",
        "201902": "9.80",
        "201903": "10.00",
        "201904": "10.08",
        "201905": "9.80",
        "201906": "9.98",
        "201907": "9.51",
        "201908": "8.99",
        "201909": "9.22",
        "201910": "9.41",
        "201911": "9.43",
        "201912": "9.39",
        "202001": "9.35",
        "202002": "9.11",
        "202003": "7.38",
        "202004": "6.92",
        "202005": "6.92",
        "202006": "7.52",
        "202007": "7.30",
        "202008": "9.90",
        "202009": "10.75",
        "202010": "13.84",
        "202011": "12.68",
        "202012": "12.65",
        "202101": "11.85",
        "202102": "11.88",
        "202103": "11.92",
        "202104": "13.61",
        "202105": "12.74",
        "202106": "12.65",
        "202107": "12.43",
        "202108": "11.16",
        "202109": "11.26",
        "202110": "11.20",
        "202111": "11.54",
        "202112": "11.10",
        "202201": "10.83",
        "202202": "10.93",
        "202203": "10.46",
        "202204": "11.06",
        "202205": "10.55",
        "202206": "10.57",
        "202207": "10.21",
        "202208": "10.94",
        "202209": "11.33",
        "202210": "10.39",
        "202211": "10.52",
        "202212": "10.40",
        "202301": "10.36",
        "202302": "10.48",
        "202303": "10.49",
        "202304": "10.71",
        "202305": "10.59",
        "202306": "10.80"
    },
    "quarters": {
        "20011": {
            "year_quarter": 20011,
            "year": 2001,
            "quarter": 1,
            "eps": -0.04,
            "eps_growth_year": -200,
            "eps_4q": -1.56,
            "eps_4q_growth_year": -393.47,
            "roe": -0.38,
            "roe_4q": -0.38,
            "gross_profit": 104845,
            "gross_margin": 7.42,
            "gross_margin_4q_avg": 7.42,
            "net_income": -29682,
            "revenue": 1413465,
            "common_shares": 7314000,
            "book_valuer_per_share": 10.56,
            "book_valuer_per_share_4q_avg": 10.56,
            "equity": 7726074,
            "current_ratio": 73.55,
            "debt_ratio": 39.36,
            "inventory_turnover_ratio": 1.74,
            "account_receivable_turnover_ratio": null,
            "reinvestment_rate": null,
            "research_to_sale_ratio": null,
            "price_fair": 0,
            "eps_avg_yearly": 0,
            "eps_latest_yearly": 0,
            "eps_growth_yearly": 0
        },
        "20012": {
            "year_quarter": 20012,
            "year": 2001,
            "quarter": 2,
            "eps": -0.22,
            "eps_growth_year": null,
            "eps_4q": -1.45,
            "eps_4q_growth_year": null,
            "roe": -2.1,
            "roe_4q": -2.48,
            "gross_profit": 97062,
            "gross_margin": 7.28,
            "gross_margin_4q_avg": 7.35,
            "net_income": -160689,
            "revenue": 1333833,
            "common_shares": 7314000,
            "book_valuer_per_share": 10.33,
            "book_valuer_per_share_4q_avg": 10.45,
            "equity": 7557954,
            "current_ratio": 76.32,
            "debt_ratio": 39.07,
            "inventory_turnover_ratio": 1.65,
            "account_receivable_turnover_ratio": null,
            "reinvestment_rate": null,
            "research_to_sale_ratio": null,
            "price_fair": 0,
            "eps_avg_yearly": 0,
            "eps_latest_yearly": 0,
            "eps_growth_yearly": 0
        },
        "20013": {
            "year_quarter": 20013,
            "year": 2001,
            "quarter": 3,
            "eps": -0.29,
            "eps_growth_year": null,
            "eps_4q": -1.62,
            "eps_4q_growth_year": null,
            "roe": -2.84,
            "roe_4q": -5.319999999999999,
            "gross_profit": 118312,
            "gross_margin": 8.91,
            "gross_margin_4q_avg": 7.87,
            "net_income": -211840,
            "revenue": 1328177,
            "common_shares": 7314000,
            "book_valuer_per_share": 10.04,
            "book_valuer_per_share_4q_avg": 10.31,
            "equity": 7346114,
            "current_ratio": 73.84,
            "debt_ratio": 38.63,
            "inventory_turnover_ratio": 1.6,
            "account_receivable_turnover_ratio": null,
            "reinvestment_rate": null,
            "research_to_sale_ratio": null,
            "price_fair": 0,
            "eps_avg_yearly": 0,
            "eps_latest_yearly": 0,
            "eps_growth_yearly": 0
        },
        "20014": {
            "year_quarter": 20014,
            "year": 2001,
            "quarter": 4,
            "eps": -0.09,
            "eps_growth_year": null,
            "eps_4q": -0.64,
            "eps_4q_growth_year": null,
            "roe": -0.86,
            "roe_4q": -6.18,
            "gross_profit": 124023,
            "gross_margin": 9.8,
            "gross_margin_4q_avg": 8.35,
            "net_income": -63287,
            "revenue": 1265081,
            "common_shares": 7314000,
            "book_valuer_per_share": 9.98,
            "book_valuer_per_share_4q_avg": 10.23,
            "equity": 7296287,
            "current_ratio": 70.68,
            "debt_ratio": 36.3,
            "inventory_turnover_ratio": 1.51,
            "account_receivable_turnover_ratio": null,
            "reinvestment_rate": null,
            "research_to_sale_ratio": null,
            "price_fair": 0,
            "eps_avg_yearly": 0,
            "eps_latest_yearly": 0,
            "eps_growth_yearly": 0
        },
        "20021": {
            "year_quarter": 20021,
            "year": 2002,
            "quarter": 1,
            "eps": 0.06,
            "eps_growth_year": null,
            "eps_4q": -0.54,
            "eps_4q_growth_year": null,
            "roe": 0.59,
            "roe_4q": -5.21,
            "gross_profit": 142075,
            "gross_margin": 11.28,
            "gross_margin_4q_avg": 9.32,
            "net_income": 43530,
            "revenue": 1259623,
            "common_shares": 7314000,
            "book_valuer_per_share": 10.04,
            "book_valuer_per_share_4q_avg": 10.1,
            "equity": 7340025,
            "current_ratio": 74.12,
            "debt_ratio": 35.48,
            "inventory_turnover_ratio": 1.47,
            "account_receivable_turnover_ratio": null,
            "reinvestment_rate": null,
            "research_to_sale_ratio": null,
            "price_fair": 0,
            "eps_avg_yearly": 0,
            "eps_latest_yearly": 0,
            "eps_growth_yearly": 0
        },
        "20022": {
            "year_quarter": 20022,
            "year": 2002,
            "quarter": 2,
            "eps": 0.01,
            "eps_growth_year": null,
            "eps_4q": -0.31,
            "eps_4q_growth_year": null,
            "roe": 0.06,
            "roe_4q": -3.05,
            "gross_profit": 214770,
            "gross_margin": 12.99,
            "gross_margin_4q_avg": 10.75,
            "net_income": 4475,
            "revenue": 1653834,
            "common_shares": 7314000,
            "book_valuer_per_share": 10.63,
            "book_valuer_per_share_4q_avg": 10.17,
            "equity": 7772985,
            "current_ratio": 105.23,
            "debt_ratio": 33.12,
            "inventory_turnover_ratio": 1.78,
            "account_receivable_turnover_ratio": null,
            "reinvestment_rate": null,
            "research_to_sale_ratio": null,
            "price_fair": 0.12,
            "eps_avg_yearly": 0.04,
            "eps_latest_yearly": 0.04,
            "eps_growth_yearly": -333.33
        },
        "20023": {
            "year_quarter": 20023,
            "year": 2002,
            "quarter": 3,
            "eps": 0.03,
            "eps_growth_year": null,
            "eps_4q": 0.01,
            "eps_4q_growth_year": null,
            "roe": 0.26,
            "roe_4q": 0.04999999999999993,
            "gross_profit": 119193,
            "gross_margin": 8.29,
            "gross_margin_4q_avg": 10.59,
            "net_income": 20521,
            "revenue": 1436991,
            "common_shares": 7314000,
            "book_valuer_per_share": 10.66,
            "book_valuer_per_share_4q_avg": 10.33,
            "equity": 7793506,
            "current_ratio": 108.84,
            "debt_ratio": 31.63,
            "inventory_turnover_ratio": 1.55,
            "account_receivable_turnover_ratio": null,
            "reinvestment_rate": null,
            "research_to_sale_ratio": null,
            "price_fair": 2.8,
            "eps_avg_yearly": 0.08,
            "eps_latest_yearly": 0.12,
            "eps_growth_yearly": 233.33
        },
        "20024": {
            "year_quarter": 20024,
            "year": 2002,
            "quarter": 4,
            "eps": -0.21,
            "eps_growth_year": null,
            "eps_4q": -0.11,
            "eps_4q_growth_year": null,
            "roe": -1.95,
            "roe_4q": -1.04,
            "gross_profit": 158538,
            "gross_margin": 8.46,
            "gross_margin_4q_avg": 10.26,
            "net_income": -149386,
            "revenue": 1873395,
            "common_shares": 7314000,
            "book_valuer_per_share": 10.32,
            "book_valuer_per_share_4q_avg": 10.41,
            "equity": 7545584,
            "current_ratio": 104.47,
            "debt_ratio": 32.11,
            "inventory_turnover_ratio": 2.13,
            "account_receivable_turnover_ratio": null,
            "reinvestment_rate": null,
            "research_to_sale_ratio": null,
            "price_fair": 2.8,
            "eps_avg_yearly": 0.08,
            "eps_latest_yearly": 0.12,
            "eps_growth_yearly": 233.33
        },
        "20031": {
            "year_quarter": 20031,
            "year": 2003,
            "quarter": 1,
            "eps": 0.23,
            "eps_growth_year": 283.33,
            "eps_4q": 0.06,
            "eps_4q_growth_year": null,
            "roe": 2.18,
            "roe_4q": 0.5500000000000003,
            "gross_profit": 229275,
            "gross_margin": 12.86,
            "gross_margin_4q_avg": 10.65,
            "net_income": 166662,
            "revenue": 1782348,
            "common_shares": 7314000,
            "book_valuer_per_share": 10.54,
            "book_valuer_per_share_4q_avg": 10.54,
            "equity": 7712246,
            "current_ratio": 113.16,
            "debt_ratio": 28.74,
            "inventory_turnover_ratio": 1.68,
            "account_receivable_turnover_ratio": null,
            "reinvestment_rate": null,
            "research_to_sale_ratio": null,
            "price_fair": 2.8,
            "eps_avg_yearly": 0.08,
            "eps_latest_yearly": 0.12,
            "eps_growth_yearly": 233.33
        },
        "20032": {
            "year_quarter": 20032,
            "year": 2003,
            "quarter": 2,
            "eps": -0.23,
            "eps_growth_year": -2400,
            "eps_4q": -0.17,
            "eps_4q_growth_year": null,
            "roe": -2.16,
            "roe_4q": -1.67,
            "gross_profit": -17962,
            "gross_margin": -1.15,
            "gross_margin_4q_avg": 7.12,
            "net_income": -164402,
            "revenue": 1558075,
            "common_shares": 7314000,
            "book_valuer_per_share": 10.25,
            "book_valuer_per_share_4q_avg": 10.44,
            "equity": 7496052,
            "current_ratio": 96.77,
            "debt_ratio": 29.3,
            "inventory_turnover_ratio": 1.61,
            "account_receivable_turnover_ratio": null,
            "reinvestment_rate": null,
            "research_to_sale_ratio": null,
            "price_fair": 2.8,
            "eps_avg_yearly": 0.08,
            "eps_latest_yearly": 0.12,
            "eps_growth_yearly": 233.33
        },
        "20033": {
            "year_quarter": 20033,
            "year": 2003,
            "quarter": 3,
            "eps": 0.02,
            "eps_growth_year": -33.33,
            "eps_4q": -0.16,
            "eps_4q_growth_year": -2126.81,
            "roe": 0.22,
            "roe_4q": -1.71,
            "gross_profit": 133246,
            "gross_margin": 6.77,
            "gross_margin_4q_avg": 6.74,
            "net_income": 16792,
            "revenue": 1967397,
            "common_shares": 7314000,
            "book_valuer_per_share": 10.27,
            "book_valuer_per_share_4q_avg": 10.35,
            "equity": 7512844,
            "current_ratio": 84.91,
            "debt_ratio": 35.21,
            "inventory_turnover_ratio": 1.83,
            "account_receivable_turnover_ratio": null,
            "reinvestment_rate": null,
            "research_to_sale_ratio": null,
            "price_fair": 2.8,
            "eps_avg_yearly": 0.08,
            "eps_latest_yearly": 0.12,
            "eps_growth_yearly": 233.33
        },
        "20034": {
            "year_quarter": 20034,
            "year": 2003,
            "quarter": 4,
            "eps": -0.01,
            "eps_growth_year": null,
            "eps_4q": 0.01,
            "eps_4q_growth_year": null,
            "roe": -0.11,
            "roe_4q": 0.1299999999999999,
            "gross_profit": 98840,
            "gross_margin": 4.65,
            "gross_margin_4q_avg": 5.78,
            "net_income": -8371,
            "revenue": 2127127,
            "common_shares": 7314000,
            "book_valuer_per_share": 10.53,
            "book_valuer_per_share_4q_avg": 10.4,
            "equity": 7702924,
            "current_ratio": 104.22,
            "debt_ratio": 33.38,
            "inventory_turnover_ratio": 1.98,
            "account_receivable_turnover_ratio": null,
            "reinvestment_rate": null,
            "research_to_sale_ratio": null,
            "price_fair": 2.8,
            "eps_avg_yearly": 0.08,
            "eps_latest_yearly": 0.12,
            "eps_growth_yearly": 233.33
        },
        "20041": {
            "year_quarter": 20041,
            "year": 2004,
            "quarter": 1,
            "eps": 0.11,
            "eps_growth_year": -52.17,
            "eps_4q": -0.11,
            "eps_4q_growth_year": -288.65,
            "roe": 1.01,
            "roe_4q": -1.04,
            "gross_profit": 171935,
            "gross_margin": 8.66,
            "gross_margin_4q_avg": 4.73,
            "net_income": 77971,
            "revenue": 1985915,
            "common_shares": 7314000,
            "book_valuer_per_share": 10.64,
            "book_valuer_per_share_4q_avg": 10.42,
            "equity": 7780895,
            "current_ratio": 111.45,
            "debt_ratio": 31.75,
            "inventory_turnover_ratio": 1.75,
            "account_receivable_turnover_ratio": null,
            "reinvestment_rate": null,
            "research_to_sale_ratio": null,
            "price_fair": 2.8,
            "eps_avg_yearly": 0.08,
            "eps_latest_yearly": 0.12,
            "eps_growth_yearly": 233.33
        },
        "20042": {
            "year_quarter": 20042,
            "year": 2004,
            "quarter": 2,
            "eps": -0.08,
            "eps_growth_year": null,
            "eps_4q": 0.03,
            "eps_4q_growth_year": null,
            "roe": -0.79,
            "roe_4q": 0.32999999999999996,
            "gross_profit": 86683,
            "gross_margin": 4.29,
            "gross_margin_4q_avg": 6.09,
            "net_income": -60804,
            "revenue": 2018442,
            "common_shares": 7314000,
            "book_valuer_per_share": 10.41,
            "book_valuer_per_share_4q_avg": 10.46,
            "equity": 7610710,
            "current_ratio": 116.41,
            "debt_ratio": 33,
            "inventory_turnover_ratio": 1.63,
            "account_receivable_turnover_ratio": null,
            "reinvestment_rate": null,
            "research_to_sale_ratio": null,
            "price_fair": 2.8,
            "eps_avg_yearly": 0.08,
            "eps_latest_yearly": 0.12,
            "eps_growth_yearly": 233.33
        },
        "20043": {
            "year_quarter": 20043,
            "year": 2004,
            "quarter": 3,
            "eps": -0.02,
            "eps_growth_year": -200,
            "eps_4q": -0.01,
            "eps_4q_growth_year": null,
            "roe": -0.22,
            "roe_4q": -0.11,
            "gross_profit": 63763,
            "gross_margin": 2.88,
            "gross_margin_4q_avg": 5.12,
            "net_income": -16605,
            "revenue": 2213693,
            "common_shares": 7314000,
            "book_valuer_per_share": 10.38,
            "book_valuer_per_share_4q_avg": 10.49,
            "equity": 7594105,
            "current_ratio": 114.23,
            "debt_ratio": 37.15,
            "inventory_turnover_ratio": 1.29,
            "account_receivable_turnover_ratio": null,
            "reinvestment_rate": null,
            "research_to_sale_ratio": null,
            "price_fair": 2.8,
            "eps_avg_yearly": 0.08,
            "eps_latest_yearly": 0.12,
            "eps_growth_yearly": 233.33
        },
        "20044": {
            "year_quarter": 20044,
            "year": 2004,
            "quarter": 4,
            "eps": -0.3,
            "eps_growth_year": null,
            "eps_4q": -0.29,
            "eps_4q_growth_year": -3000,
            "roe": -2.82,
            "roe_4q": -2.8200000000000003,
            "gross_profit": 200654,
            "gross_margin": 10.41,
            "gross_margin_4q_avg": 6.56,
            "net_income": -216253,
            "revenue": 1928353,
            "common_shares": 7314000,
            "book_valuer_per_share": 10.61,
            "book_valuer_per_share_4q_avg": 10.51,
            "equity": 7761524,
            "current_ratio": 128.08,
            "debt_ratio": 35.16,
            "inventory_turnover_ratio": 0.75,
            "account_receivable_turnover_ratio": null,
            "reinvestment_rate": null,
            "research_to_sale_ratio": null,
            "price_fair": 2.8,
            "eps_avg_yearly": 0.08,
            "eps_latest_yearly": 0.12,
            "eps_growth_yearly": 233.33
        },
        "20051": {
            "year_quarter": 20051,
            "year": 2005,
            "quarter": 1,
            "eps": -0.93,
            "eps_growth_year": -945.45,
            "eps_4q": -1.37,
            "eps_4q_growth_year": null,
            "roe": -8.07,
            "roe_4q": -11.900000000000002,
            "gross_profit": 19311,
            "gross_margin": 1.08,
            "gross_margin_4q_avg": 4.67,
            "net_income": -620009,
            "revenue": 1791822,
            "common_shares": 7314000,
            "book_valuer_per_share": 10.4,
            "book_valuer_per_share_4q_avg": 10.45,
            "equity": 7606066,
            "current_ratio": 115.42,
            "debt_ratio": 35.21,
            "inventory_turnover_ratio": 0.74,
            "account_receivable_turnover_ratio": null,
            "reinvestment_rate": null,
            "research_to_sale_ratio": null,
            "price_fair": 2.8,
            "eps_avg_yearly": 0.08,
            "eps_latest_yearly": 0.12,
            "eps_growth_yearly": 233.33
        },
        "20052": {
            "year_quarter": 20052,
            "year": 2005,
            "quarter": 2,
            "eps": -0.03,
            "eps_growth_year": null,
            "eps_4q": -1.19,
            "eps_4q_growth_year": -3510.46,
            "roe": -0.26,
            "roe_4q": -11.370000000000001,
            "gross_profit": -5951,
            "gross_margin": -0.33,
            "gross_margin_4q_avg": 3.51,
            "net_income": -19803,
            "revenue": 1780612,
            "common_shares": 7314000,
            "book_valuer_per_share": 10.37,
            "book_valuer_per_share_4q_avg": 10.44,
            "equity": 7586245,
            "current_ratio": 125.55,
            "debt_ratio": 36.26,
            "inventory_turnover_ratio": 0.79,
            "account_receivable_turnover_ratio": null,
            "reinvestment_rate": null,
            "research_to_sale_ratio": null,
            "price_fair": 2.8,
            "eps_avg_yearly": 0.08,
            "eps_latest_yearly": 0.12,
            "eps_growth_yearly": 233.33
        },
        "20053": {
            "year_quarter": 20053,
            "year": 2005,
            "quarter": 3,
            "eps": -0.13,
            "eps_growth_year": null,
            "eps_4q": -1.29,
            "eps_4q_growth_year": null,
            "roe": -1.2,
            "roe_4q": -12.350000000000001,
            "gross_profit": -2088,
            "gross_margin": -0.1,
            "gross_margin_4q_avg": 2.77,
            "net_income": -90117,
            "revenue": 2043595,
            "common_shares": 7314000,
            "book_valuer_per_share": 10.25,
            "book_valuer_per_share_4q_avg": 10.41,
            "equity": 7496128,
            "current_ratio": 133.72,
            "debt_ratio": 35.11,
            "inventory_turnover_ratio": 0.9,
            "account_receivable_turnover_ratio": null,
            "reinvestment_rate": null,
            "research_to_sale_ratio": null,
            "price_fair": 2.8,
            "eps_avg_yearly": 0.08,
            "eps_latest_yearly": 0.12,
            "eps_growth_yearly": 233.33
        },
        "20054": {
            "year_quarter": 20054,
            "year": 2005,
            "quarter": 4,
            "eps": -0.27,
            "eps_growth_year": null,
            "eps_4q": -1.03,
            "eps_4q_growth_year": null,
            "roe": -1.97,
            "roe_4q": -11.5,
            "gross_profit": 26195,
            "gross_margin": 1.48,
            "gross_margin_4q_avg": 0.53,
            "net_income": -187485,
            "revenue": 1766043,
            "common_shares": 7314000,
            "book_valuer_per_share": 9.99,
            "book_valuer_per_share_4q_avg": 10.25,
            "equity": 11515292,
            "current_ratio": 111.32,
            "debt_ratio": 49.65,
            "inventory_turnover_ratio": 0.52,
            "account_receivable_turnover_ratio": null,
            "reinvestment_rate": null,
            "research_to_sale_ratio": null,
            "price_fair": 2.8,
            "eps_avg_yearly": 0.08,
            "eps_latest_yearly": 0.12,
            "eps_growth_yearly": 233.33
        },
        "20061": {
            "year_quarter": 20061,
            "year": 2006,
            "quarter": 1,
            "eps": -0.16,
            "eps_growth_year": null,
            "eps_4q": -0.6,
            "eps_4q_growth_year": null,
            "roe": -1.17,
            "roe_4q": -4.6,
            "gross_profit": 423,
            "gross_margin": 0.03,
            "gross_margin_4q_avg": 0.27,
            "net_income": -109045,
            "revenue": 1675289,
            "common_shares": 7314000,
            "book_valuer_per_share": 9.84,
            "book_valuer_per_share_4q_avg": 10.11,
            "equity": 7199772,
            "current_ratio": 134.64,
            "debt_ratio": 40.87,
            "inventory_turnover_ratio": 0.45,
            "account_receivable_turnover_ratio": null,
            "reinvestment_rate": null,
            "research_to_sale_ratio": null,
            "price_fair": 2.8,
            "eps_avg_yearly": 0.08,
            "eps_latest_yearly": 0.12,
            "eps_growth_yearly": 233.33
        },
        "20062": {
            "year_quarter": 20062,
            "year": 2006,
            "quarter": 2,
            "eps": 0.02,
            "eps_growth_year": null,
            "eps_4q": -0.54,
            "eps_4q_growth_year": null,
            "roe": 0.19,
            "roe_4q": -4.15,
            "gross_profit": 47955,
            "gross_margin": 2.75,
            "gross_margin_4q_avg": 1.04,
            "net_income": 13916,
            "revenue": 1744868,
            "common_shares": 7314000,
            "book_valuer_per_share": 9.86,
            "book_valuer_per_share_4q_avg": 9.99,
            "equity": 7214436,
            "current_ratio": 160.97,
            "debt_ratio": 40,
            "inventory_turnover_ratio": 0.55,
            "account_receivable_turnover_ratio": null,
            "reinvestment_rate": null,
            "research_to_sale_ratio": null,
            "price_fair": 4.2,
            "eps_avg_yearly": 0.12,
            "eps_latest_yearly": 0.12,
            "eps_growth_yearly": 800
        },
        "20063": {
            "year_quarter": 20063,
            "year": 2006,
            "quarter": 3,
            "eps": 0.07,
            "eps_growth_year": null,
            "eps_4q": -0.35,
            "eps_4q_growth_year": null,
            "roe": 0.64,
            "roe_4q": -2.3099999999999996,
            "gross_profit": 87496,
            "gross_margin": 5.42,
            "gross_margin_4q_avg": 2.42,
            "net_income": 46634,
            "revenue": 1614703,
            "common_shares": 7314000,
            "book_valuer_per_share": 9.91,
            "book_valuer_per_share_4q_avg": 9.9,
            "equity": 7251030,
            "current_ratio": 142.5,
            "debt_ratio": 41.29,
            "inventory_turnover_ratio": 0.47,
            "account_receivable_turnover_ratio": null,
            "reinvestment_rate": null,
            "research_to_sale_ratio": null,
            "price_fair": 9.8,
            "eps_avg_yearly": 0.28,
            "eps_latest_yearly": 0.28,
            "eps_growth_yearly": 1000
        },
        "20064": {
            "year_quarter": 20064,
            "year": 2006,
            "quarter": 4,
            "eps": 0.06,
            "eps_growth_year": null,
            "eps_4q": -0.01,
            "eps_4q_growth_year": null,
            "roe": 0.45,
            "roe_4q": 0.1100000000000001,
            "gross_profit": 89937,
            "gross_margin": 5.54,
            "gross_margin_4q_avg": 3.44,
            "net_income": 42963,
            "revenue": 1622456,
            "common_shares": 7314000,
            "book_valuer_per_share": 9.89,
            "book_valuer_per_share_4q_avg": 9.88,
            "equity": 11768251,
            "current_ratio": 126.52,
            "debt_ratio": 50.98,
            "inventory_turnover_ratio": 0.34,
            "account_receivable_turnover_ratio": null,
            "reinvestment_rate": null,
            "research_to_sale_ratio": null,
            "price_fair": 9.1,
            "eps_avg_yearly": 0.26,
            "eps_latest_yearly": 0.24,
            "eps_growth_yearly": 471.43
        },
        "20071": {
            "year_quarter": 20071,
            "year": 2007,
            "quarter": 1,
            "eps": 0.1,
            "eps_growth_year": null,
            "eps_4q": 0.25,
            "eps_4q_growth_year": null,
            "roe": 0.74,
            "roe_4q": 2.02,
            "gross_profit": 160663,
            "gross_margin": 8.89,
            "gross_margin_4q_avg": 5.65,
            "net_income": 71029,
            "revenue": 1806347,
            "common_shares": 7314000,
            "book_valuer_per_share": 9.99,
            "book_valuer_per_share_4q_avg": 9.91,
            "equity": 7305581,
            "current_ratio": 123.75,
            "debt_ratio": 44.34,
            "inventory_turnover_ratio": 0.33,
            "account_receivable_turnover_ratio": null,
            "reinvestment_rate": null,
            "research_to_sale_ratio": null,
            "price_fair": 10.73,
            "eps_avg_yearly": 0.31,
            "eps_latest_yearly": 0.4,
            "eps_growth_yearly": 403.17
        },
        "20072": {
            "year_quarter": 20072,
            "year": 2007,
            "quarter": 2,
            "eps": 0.2,
            "eps_growth_year": 900,
            "eps_4q": 0.44,
            "eps_4q_growth_year": null,
            "roe": 1.84,
            "roe_4q": 3.6700000000000004,
            "gross_profit": 211624,
            "gross_margin": 9.58,
            "gross_margin_4q_avg": 7.36,
            "net_income": 135579,
            "revenue": 2208748,
            "common_shares": 7314000,
            "book_valuer_per_share": 10.18,
            "book_valuer_per_share_4q_avg": 9.99,
            "equity": 7444566,
            "current_ratio": 128.59,
            "debt_ratio": 44.36,
            "inventory_turnover_ratio": 0.44,
            "account_receivable_turnover_ratio": null,
            "reinvestment_rate": null,
            "research_to_sale_ratio": null,
            "price_fair": 15.05,
            "eps_avg_yearly": 0.43,
            "eps_latest_yearly": 0.8,
            "eps_growth_yearly": 402.38
        },
        "20073": {
            "year_quarter": 20073,
            "year": 2007,
            "quarter": 3,
            "eps": 0.1,
            "eps_growth_year": 42.86,
            "eps_4q": 0.48,
            "eps_4q_growth_year": null,
            "roe": 0.87,
            "roe_4q": 3.9000000000000004,
            "gross_profit": 174429,
            "gross_margin": 8.01,
            "gross_margin_4q_avg": 8.01,
            "net_income": 65444,
            "revenue": 2177749,
            "common_shares": 7314000,
            "book_valuer_per_share": 10.29,
            "book_valuer_per_share_4q_avg": 10.09,
            "equity": 7528863,
            "current_ratio": 123.55,
            "debt_ratio": 43.06,
            "inventory_turnover_ratio": 0.43,
            "account_receivable_turnover_ratio": null,
            "reinvestment_rate": null,
            "research_to_sale_ratio": null,
            "price_fair": 14.84,
            "eps_avg_yearly": 0.42,
            "eps_latest_yearly": 0.4,
            "eps_growth_yearly": 281.9
        },
        "20074": {
            "year_quarter": 20074,
            "year": 2007,
            "quarter": 4,
            "eps": 0.19,
            "eps_growth_year": 216.67,
            "eps_4q": 0.59,
            "eps_4q_growth_year": null,
            "roe": 1.64,
            "roe_4q": 5.09,
            "gross_profit": 314945,
            "gross_margin": 12.72,
            "gross_margin_4q_avg": 9.8,
            "net_income": 129109,
            "revenue": 2475619,
            "common_shares": 7314000,
            "book_valuer_per_share": 10.62,
            "book_valuer_per_share_4q_avg": 10.27,
            "equity": 8258263,
            "current_ratio": 120.96,
            "debt_ratio": 42.35,
            "inventory_turnover_ratio": 0.45,
            "account_receivable_turnover_ratio": null,
            "reinvestment_rate": null,
            "research_to_sale_ratio": null,
            "price_fair": 16.8,
            "eps_avg_yearly": 0.48,
            "eps_latest_yearly": 0.76,
            "eps_growth_yearly": 294.92
        },
        "20081": {
            "year_quarter": 20081,
            "year": 2008,
            "quarter": 1,
            "eps": 0.18,
            "eps_growth_year": 80,
            "eps_4q": 0.58,
            "eps_4q_growth_year": 134.47,
            "roe": 1.71,
            "roe_4q": 6.06,
            "gross_profit": 225243,
            "gross_margin": 10.24,
            "gross_margin_4q_avg": 10.14,
            "net_income": 142569,
            "revenue": 2200011,
            "common_shares": 7314000,
            "book_valuer_per_share": 10.76,
            "book_valuer_per_share_4q_avg": 10.46,
            "equity": 8379155,
            "current_ratio": 128.9,
            "debt_ratio": 42.54,
            "inventory_turnover_ratio": 0.39,
            "account_receivable_turnover_ratio": null,
            "reinvestment_rate": null,
            "research_to_sale_ratio": null,
            "price_fair": 18,
            "eps_avg_yearly": 0.51,
            "eps_latest_yearly": 0.72,
            "eps_growth_yearly": 249.78
        },
        "20082": {
            "year_quarter": 20082,
            "year": 2008,
            "quarter": 2,
            "eps": 0.2,
            "eps_growth_year": 0,
            "eps_4q": 0.66,
            "eps_4q_growth_year": 51.24,
            "roe": 1.7,
            "roe_4q": 5.92,
            "gross_profit": 238100,
            "gross_margin": 10.92,
            "gross_margin_4q_avg": 10.47,
            "net_income": 142145,
            "revenue": 2180354,
            "common_shares": 7314000,
            "book_valuer_per_share": 10.8,
            "book_valuer_per_share_4q_avg": 10.62,
            "equity": 8304819,
            "current_ratio": 134.34,
            "debt_ratio": 40.98,
            "inventory_turnover_ratio": 0.37,
            "account_receivable_turnover_ratio": null,
            "reinvestment_rate": null,
            "research_to_sale_ratio": null,
            "price_fair": 19.25,
            "eps_avg_yearly": 0.55,
            "eps_latest_yearly": 0.8,
            "eps_growth_yearly": 224.11
        },
        "20083": {
            "year_quarter": 20083,
            "year": 2008,
            "quarter": 3,
            "eps": 0.01,
            "eps_growth_year": -90,
            "eps_4q": 0.53,
            "eps_4q_growth_year": 10.36,
            "roe": 0.03,
            "roe_4q": 5.08,
            "gross_profit": 95711,
            "gross_margin": 5.78,
            "gross_margin_4q_avg": 9.92,
            "net_income": 2281,
            "revenue": 1656875,
            "common_shares": 7679700,
            "book_valuer_per_share": 10.24,
            "book_valuer_per_share_4q_avg": 10.61,
            "equity": 8262871,
            "current_ratio": 129.16,
            "debt_ratio": 46.79,
            "inventory_turnover_ratio": 0.28,
            "account_receivable_turnover_ratio": null,
            "reinvestment_rate": null,
            "research_to_sale_ratio": null,
            "price_fair": 17.27,
            "eps_avg_yearly": 0.49,
            "eps_latest_yearly": 0.04,
            "eps_growth_yearly": 156.99
        },
        "20084": {
            "year_quarter": 20084,
            "year": 2008,
            "quarter": 4,
            "eps": -0.76,
            "eps_growth_year": -500,
            "eps_4q": -0.3,
            "eps_4q_growth_year": -150.41,
            "roe": -8.35,
            "roe_4q": -4.91,
            "gross_profit": -42235,
            "gross_margin": -2.6,
            "gross_margin_4q_avg": 6.09,
            "net_income": -651879,
            "revenue": 1626471,
            "common_shares": 7679700,
            "book_valuer_per_share": 9.18,
            "book_valuer_per_share_4q_avg": 10.25,
            "equity": 7355476,
            "current_ratio": 140.43,
            "debt_ratio": 43.48,
            "inventory_turnover_ratio": 0.3,
            "account_receivable_turnover_ratio": 5.5,
            "reinvestment_rate": null,
            "research_to_sale_ratio": null,
            "price_fair": 17.27,
            "eps_avg_yearly": 0.49,
            "eps_latest_yearly": 0.04,
            "eps_growth_yearly": 156.99
        },
        "20091": {
            "year_quarter": 20091,
            "year": 2009,
            "quarter": 1,
            "eps": 0.05,
            "eps_growth_year": -72.22,
            "eps_4q": -0.51,
            "eps_4q_growth_year": -189.37,
            "roe": 0.49,
            "roe_4q": -6.129999999999999,
            "gross_profit": 118936,
            "gross_margin": 8.06,
            "gross_margin_4q_avg": 5.54,
            "net_income": 36353,
            "revenue": 1475967,
            "common_shares": 7679700,
            "book_valuer_per_share": 9.23,
            "book_valuer_per_share_4q_avg": 9.86,
            "equity": 7391829,
            "current_ratio": 149.14,
            "debt_ratio": 40.35,
            "inventory_turnover_ratio": 0.27,
            "account_receivable_turnover_ratio": 2.28,
            "reinvestment_rate": null,
            "research_to_sale_ratio": null,
            "price_fair": 17.27,
            "eps_avg_yearly": 0.49,
            "eps_latest_yearly": 0.04,
            "eps_growth_yearly": 156.99
        },
        "20092": {
            "year_quarter": 20092,
            "year": 2009,
            "quarter": 2,
            "eps": 0.24,
            "eps_growth_year": 20,
            "eps_4q": -0.41,
            "eps_4q_growth_year": -162.24,
            "roe": 2.65,
            "roe_4q": -5.18,
            "gross_profit": 161041,
            "gross_margin": 8.07,
            "gross_margin_4q_avg": 4.83,
            "net_income": 201690,
            "revenue": 1994341,
            "common_shares": 7679700,
            "book_valuer_per_share": 9.77,
            "book_valuer_per_share_4q_avg": 9.61,
            "equity": 7833263,
            "current_ratio": 141.16,
            "debt_ratio": 40.07,
            "inventory_turnover_ratio": 0.39,
            "account_receivable_turnover_ratio": 2.74,
            "reinvestment_rate": null,
            "research_to_sale_ratio": null,
            "price_fair": 18.9,
            "eps_avg_yearly": 0.54,
            "eps_latest_yearly": 0.96,
            "eps_growth_yearly": 293.29
        },
        "20093": {
            "year_quarter": 20093,
            "year": 2009,
            "quarter": 3,
            "eps": 0.07,
            "eps_growth_year": 600,
            "eps_4q": -0.37,
            "eps_4q_growth_year": -169.55,
            "roe": 0.71,
            "roe_4q": -4.5,
            "gross_profit": 156901,
            "gross_margin": 8.86,
            "gross_margin_4q_avg": 5.6,
            "net_income": 55777,
            "revenue": 1771882,
            "common_shares": 7679700,
            "book_valuer_per_share": 9.84,
            "book_valuer_per_share_4q_avg": 9.51,
            "equity": 7889040,
            "current_ratio": 168.81,
            "debt_ratio": 31.53,
            "inventory_turnover_ratio": 0.4,
            "account_receivable_turnover_ratio": 2.37,
            "reinvestment_rate": -1835.37,
            "research_to_sale_ratio": null,
            "price_fair": 18.07,
            "eps_avg_yearly": 0.52,
            "eps_latest_yearly": 0.28,
            "eps_growth_yearly": 240.87
        },
        "20094": {
            "year_quarter": 20094,
            "year": 2009,
            "quarter": 4,
            "eps": 0.56,
            "eps_growth_year": null,
            "eps_4q": 0.95,
            "eps_4q_growth_year": null,
            "roe": 5.15,
            "roe_4q": 9,
            "gross_profit": 422998,
            "gross_margin": 17.96,
            "gross_margin_4q_avg": 10.74,
            "net_income": 430200,
            "revenue": 2354987,
            "common_shares": 7679700,
            "book_valuer_per_share": 11.65,
            "book_valuer_per_share_4q_avg": 10.12,
            "equity": 8816592,
            "current_ratio": 168.33,
            "debt_ratio": 31.16,
            "inventory_turnover_ratio": 0.53,
            "account_receivable_turnover_ratio": 5.56,
            "reinvestment_rate": -615.07,
            "research_to_sale_ratio": null,
            "price_fair": 23.1,
            "eps_avg_yearly": 0.66,
            "eps_latest_yearly": 2.24,
            "eps_growth_yearly": 454.13
        },
        "20101": {
            "year_quarter": 20101,
            "year": 2010,
            "quarter": 1,
            "eps": 0.34,
            "eps_growth_year": 580,
            "eps_4q": 1.24,
            "eps_4q_growth_year": null,
            "roe": 2.79,
            "roe_4q": 11.3,
            "gross_profit": 341341,
            "gross_margin": 15.42,
            "gross_margin_4q_avg": 12.58,
            "net_income": 249127,
            "revenue": 2214025,
            "common_shares": 7679700,
            "book_valuer_per_share": 12,
            "book_valuer_per_share_4q_avg": 10.82,
            "equity": 9065719,
            "current_ratio": 168.74,
            "debt_ratio": 31.89,
            "inventory_turnover_ratio": 0.48,
            "account_receivable_turnover_ratio": 2.4,
            "reinvestment_rate": 186.23,
            "research_to_sale_ratio": 0.66,
            "price_fair": 24.98,
            "eps_avg_yearly": 0.71,
            "eps_latest_yearly": 1.36,
            "eps_growth_yearly": 407.11
        },
        "20102": {
            "year_quarter": 20102,
            "year": 2010,
            "quarter": 2,
            "eps": 0.62,
            "eps_growth_year": 158.93,
            "eps_4q": 1.59,
            "eps_4q_growth_year": null,
            "roe": 5.4,
            "roe_4q": 14.05,
            "gross_profit": 411909,
            "gross_margin": 16.45,
            "gross_margin_4q_avg": 14.67,
            "net_income": 491144,
            "revenue": 2504262,
            "common_shares": 7679700,
            "book_valuer_per_share": 11.99,
            "book_valuer_per_share_4q_avg": 11.37,
            "equity": 9127864,
            "current_ratio": 138.75,
            "debt_ratio": 35.17,
            "inventory_turnover_ratio": 0.5,
            "account_receivable_turnover_ratio": 2.45,
            "reinvestment_rate": 171.56,
            "research_to_sale_ratio": 0.62,
            "price_fair": 29.4,
            "eps_avg_yearly": 0.84,
            "eps_latest_yearly": 2.48,
            "eps_growth_yearly": 401.56
        },
        "20103": {
            "year_quarter": 20103,
            "year": 2010,
            "quarter": 3,
            "eps": 0.47,
            "eps_growth_year": 573.6,
            "eps_4q": 1.97,
            "eps_4q_growth_year": null,
            "roe": 4.35,
            "roe_4q": 17.689999999999998,
            "gross_profit": 376815,
            "gross_margin": 14.67,
            "gross_margin_4q_avg": 16.13,
            "net_income": 411449,
            "revenue": 2568278,
            "common_shares": 7833294,
            "book_valuer_per_share": 12.27,
            "book_valuer_per_share_4q_avg": 11.98,
            "equity": 9771135,
            "current_ratio": 153.98,
            "debt_ratio": 33.81,
            "inventory_turnover_ratio": 0.51,
            "account_receivable_turnover_ratio": 2.47,
            "reinvestment_rate": 164.08,
            "research_to_sale_ratio": 0.72,
            "price_fair": 33.4,
            "eps_avg_yearly": 0.95,
            "eps_latest_yearly": 1.88,
            "eps_growth_yearly": 323.22
        },
        "20104": {
            "year_quarter": 20104,
            "year": 2010,
            "quarter": 4,
            "eps": 0.71,
            "eps_growth_year": 26,
            "eps_4q": 2.1,
            "eps_4q_growth_year": 121.58,
            "roe": 6.06,
            "roe_4q": 18.6,
            "gross_profit": 416597,
            "gross_margin": 14.9,
            "gross_margin_4q_avg": 15.36,
            "net_income": 631120,
            "revenue": 2795305,
            "common_shares": 7833294,
            "book_valuer_per_share": 13.5,
            "book_valuer_per_share_4q_avg": 12.44,
            "equity": 11044494,
            "current_ratio": 143.63,
            "debt_ratio": 33.31,
            "inventory_turnover_ratio": 0.5,
            "account_receivable_turnover_ratio": 2.67,
            "reinvestment_rate": -100.93,
            "research_to_sale_ratio": 0.51,
            "price_fair": 39.9,
            "eps_avg_yearly": 1.14,
            "eps_latest_yearly": 2.84,
            "eps_growth_yearly": 341.89
        },
        "20111": {
            "year_quarter": 20111,
            "year": 2011,
            "quarter": 1,
            "eps": 0.91,
            "eps_growth_year": 167.65,
            "eps_4q": 2.69,
            "eps_4q_growth_year": 116.66,
            "roe": 6.15,
            "roe_4q": 21.96,
            "gross_profit": 705461,
            "gross_margin": 19.45,
            "gross_margin_4q_avg": 16.37,
            "net_income": 701117,
            "revenue": 3626482,
            "common_shares": 7833294,
            "book_valuer_per_share": 14.41,
            "book_valuer_per_share_4q_avg": 13.04,
            "equity": 11754111,
            "current_ratio": 154.28,
            "debt_ratio": 33.25,
            "inventory_turnover_ratio": 0.55,
            "account_receivable_turnover_ratio": 2.84,
            "reinvestment_rate": 143.37,
            "research_to_sale_ratio": 0.34,
            "price_fair": 48,
            "eps_avg_yearly": 1.37,
            "eps_latest_yearly": 3.64,
            "eps_growth_yearly": 330.89
        },
        "20112": {
            "year_quarter": 20112,
            "year": 2011,
            "quarter": 2,
            "eps": 0.22,
            "eps_growth_year": -64.58,
            "eps_4q": 2.05,
            "eps_4q_growth_year": 28.53,
            "roe": 2,
            "roe_4q": 18.560000000000002,
            "gross_profit": 257126,
            "gross_margin": 8.23,
            "gross_margin_4q_avg": 14.31,
            "net_income": 232859,
            "revenue": 3122614,
            "common_shares": 7833294,
            "book_valuer_per_share": 13.96,
            "book_valuer_per_share_4q_avg": 13.54,
            "equity": 11546147,
            "current_ratio": 155.74,
            "debt_ratio": 31.29,
            "inventory_turnover_ratio": 0.54,
            "account_receivable_turnover_ratio": 2.26,
            "reinvestment_rate": 146.25,
            "research_to_sale_ratio": 0.39,
            "price_fair": 48.2,
            "eps_avg_yearly": 1.38,
            "eps_latest_yearly": 0.88,
            "eps_growth_yearly": 280.66
        },
        "20113": {
            "year_quarter": 20113,
            "year": 2011,
            "quarter": 3,
            "eps": 0.14,
            "eps_growth_year": -69.92,
            "eps_4q": 1.78,
            "eps_4q_growth_year": -9.36,
            "roe": 1.07,
            "roe_4q": 15.280000000000001,
            "gross_profit": 303497,
            "gross_margin": 8.32,
            "gross_margin_4q_avg": 12.73,
            "net_income": 125107,
            "revenue": 3647961,
            "common_shares": 8851622,
            "book_valuer_per_share": 12.5,
            "book_valuer_per_share_4q_avg": 13.59,
            "equity": 11750351,
            "current_ratio": 165.12,
            "debt_ratio": 34.06,
            "inventory_turnover_ratio": 0.66,
            "account_receivable_turnover_ratio": 2.61,
            "reinvestment_rate": 151.52,
            "research_to_sale_ratio": 0.35,
            "price_fair": 48.6,
            "eps_avg_yearly": 1.39,
            "eps_latest_yearly": 0.56,
            "eps_growth_yearly": 284.55
        },
        "20114": {
            "year_quarter": 20114,
            "year": 2011,
            "quarter": 4,
            "eps": -0.29,
            "eps_growth_year": -140.62,
            "eps_4q": 0.88,
            "eps_4q_growth_year": -58.09,
            "roe": -2.48,
            "roe_4q": 6.74,
            "gross_profit": 158079,
            "gross_margin": 5.61,
            "gross_margin_4q_avg": 10.4,
            "net_income": -287574,
            "revenue": 2817447,
            "common_shares": 8851622,
            "book_valuer_per_share": 12.17,
            "book_valuer_per_share_4q_avg": 13.26,
            "equity": 11421150,
            "current_ratio": 167.34,
            "debt_ratio": 32.77,
            "inventory_turnover_ratio": 0.59,
            "account_receivable_turnover_ratio": 2,
            "reinvestment_rate": 182.57,
            "research_to_sale_ratio": 0.56,
            "price_fair": 50.29,
            "eps_avg_yearly": 1.44,
            "eps_latest_yearly": 0.56,
            "eps_growth_yearly": 278.75
        },
        "20121": {
            "year_quarter": 20121,
            "year": 2012,
            "quarter": 1,
            "eps": 0.55,
            "eps_growth_year": -39.56,
            "eps_4q": 0.63,
            "eps_4q_growth_year": -76.6,
            "roe": 4.36,
            "roe_4q": 4.95,
            "gross_profit": 231477,
            "gross_margin": 7.01,
            "gross_margin_4q_avg": 7.29,
            "net_income": 509254,
            "revenue": 3299976,
            "common_shares": 8851622,
            "book_valuer_per_share": 12.73,
            "book_valuer_per_share_4q_avg": 12.84,
            "equity": 11930404,
            "current_ratio": 200.16,
            "debt_ratio": 30.06,
            "inventory_turnover_ratio": 0.81,
            "account_receivable_turnover_ratio": 2.37,
            "reinvestment_rate": 169.1,
            "research_to_sale_ratio": 0.49,
            "price_fair": 52.38,
            "eps_avg_yearly": 1.5,
            "eps_latest_yearly": 0.56,
            "eps_growth_yearly": 303.73
        },
        "20122": {
            "year_quarter": 20122,
            "year": 2012,
            "quarter": 2,
            "eps": -0.66,
            "eps_growth_year": -398.13,
            "eps_4q": -0.26,
            "eps_4q_growth_year": -112.7,
            "roe": -5.8,
            "roe_4q": -2.8499999999999996,
            "gross_profit": 142274,
            "gross_margin": 4.8,
            "gross_margin_4q_avg": 6.44,
            "net_income": -661783,
            "revenue": 2965926,
            "common_shares": 8851622,
            "book_valuer_per_share": 11.63,
            "book_valuer_per_share_4q_avg": 12.26,
            "equity": 10909555,
            "current_ratio": 149.11,
            "debt_ratio": 36.33,
            "inventory_turnover_ratio": 0.8,
            "account_receivable_turnover_ratio": 2.07,
            "reinvestment_rate": 242.52,
            "research_to_sale_ratio": 0.39,
            "price_fair": 54.6,
            "eps_avg_yearly": 1.56,
            "eps_latest_yearly": 0.56,
            "eps_growth_yearly": 327.3
        },
        "20123": {
            "year_quarter": 20123,
            "year": 2012,
            "quarter": 3,
            "eps": 0.79,
            "eps_growth_year": 454.92,
            "eps_4q": 0.39,
            "eps_4q_growth_year": -78.18,
            "roe": 6.26,
            "roe_4q": 2.3400000000000003,
            "gross_profit": 871184,
            "gross_margin": 17.18,
            "gross_margin_4q_avg": 8.65,
            "net_income": 705127,
            "revenue": 5070686,
            "common_shares": 9117171,
            "book_valuer_per_share": 12.08,
            "book_valuer_per_share_4q_avg": 12.15,
            "equity": 11619662,
            "current_ratio": 163.04,
            "debt_ratio": 31.42,
            "inventory_turnover_ratio": 1.5,
            "account_receivable_turnover_ratio": 2.5,
            "reinvestment_rate": 195.95,
            "research_to_sale_ratio": 0.35,
            "price_fair": 59.92,
            "eps_avg_yearly": 1.71,
            "eps_latest_yearly": 0.56,
            "eps_growth_yearly": 398.03
        },
        "20124": {
            "year_quarter": 20124,
            "year": 2012,
            "quarter": 4,
            "eps": 0.21,
            "eps_growth_year": null,
            "eps_4q": 0.87,
            "eps_4q_growth_year": -0.63,
            "roe": 1.76,
            "roe_4q": 6.58,
            "gross_profit": 191680,
            "gross_margin": 6.91,
            "gross_margin_4q_avg": 8.98,
            "net_income": 207616,
            "revenue": 2774820,
            "common_shares": 9117171,
            "book_valuer_per_share": 12.44,
            "book_valuer_per_share_4q_avg": 12.22,
            "equity": 11970890,
            "current_ratio": 208.79,
            "debt_ratio": 20.58,
            "inventory_turnover_ratio": 1.21,
            "account_receivable_turnover_ratio": 1.42,
            "reinvestment_rate": 174.54,
            "research_to_sale_ratio": 0.57,
            "price_fair": 57.15,
            "eps_avg_yearly": 1.63,
            "eps_latest_yearly": 0.84,
            "eps_growth_yearly": 335.15
        },
        "20131": {
            "year_quarter": 20131,
            "year": 2013,
            "quarter": 1,
            "eps": 0.2,
            "eps_growth_year": -63.64,
            "eps_4q": 0.54,
            "eps_4q_growth_year": -14.58,
            "roe": 1.67,
            "roe_4q": 3.8899999999999997,
            "gross_profit": 165125,
            "gross_margin": 5.86,
            "gross_margin_4q_avg": 8.69,
            "net_income": 199992,
            "revenue": 2816753,
            "common_shares": 9117171,
            "book_valuer_per_share": 12.48,
            "book_valuer_per_share_4q_avg": 12.16,
            "equity": 11952412,
            "current_ratio": 176.1,
            "debt_ratio": 23.21,
            "inventory_turnover_ratio": 1.12,
            "account_receivable_turnover_ratio": 2.3,
            "reinvestment_rate": 171.55,
            "research_to_sale_ratio": 0.47,
            "price_fair": 54.72,
            "eps_avg_yearly": 1.56,
            "eps_latest_yearly": 0.8,
            "eps_growth_yearly": 305.64
        },
        "20132": {
            "year_quarter": 20132,
            "year": 2013,
            "quarter": 2,
            "eps": 0.15,
            "eps_growth_year": null,
            "eps_4q": 1.35,
            "eps_4q_growth_year": null,
            "roe": 1.23,
            "roe_4q": 10.92,
            "gross_profit": 163665,
            "gross_margin": 5.03,
            "gross_margin_4q_avg": 8.75,
            "net_income": 145010,
            "revenue": 3254784,
            "common_shares": 9117171,
            "book_valuer_per_share": 12.14,
            "book_valuer_per_share_4q_avg": 12.29,
            "equity": 11630526,
            "current_ratio": 148.67,
            "debt_ratio": 27.02,
            "inventory_turnover_ratio": 1.25,
            "account_receivable_turnover_ratio": 2.47,
            "reinvestment_rate": 172.43,
            "research_to_sale_ratio": 0.7,
            "price_fair": 53.67,
            "eps_avg_yearly": 1.53,
            "eps_latest_yearly": 0.6,
            "eps_growth_yearly": 170.64
        },
        "20133": {
            "year_quarter": 20133,
            "year": 2013,
            "quarter": 3,
            "eps": 0.31,
            "eps_growth_year": -60.61,
            "eps_4q": 0.87,
            "eps_4q_growth_year": 122.48,
            "roe": 2.45,
            "roe_4q": 7.109999999999999,
            "gross_profit": 266565,
            "gross_margin": 7.99,
            "gross_margin_4q_avg": 6.45,
            "net_income": 289712,
            "revenue": 3336914,
            "common_shares": 9117171,
            "book_valuer_per_share": 12.55,
            "book_valuer_per_share_4q_avg": 12.4,
            "equity": 12022802,
            "current_ratio": 164.79,
            "debt_ratio": 23.02,
            "inventory_turnover_ratio": 1.28,
            "account_receivable_turnover_ratio": 2.69,
            "reinvestment_rate": 182.17,
            "research_to_sale_ratio": 0.16,
            "price_fair": 56.47,
            "eps_avg_yearly": 1.61,
            "eps_latest_yearly": 1.24,
            "eps_growth_yearly": 229.8
        },
        "20134": {
            "year_quarter": 20134,
            "year": 2013,
            "quarter": 4,
            "eps": 0.05,
            "eps_growth_year": -73.68,
            "eps_4q": 0.71,
            "eps_4q_growth_year": -18.32,
            "roe": 0.5,
            "roe_4q": 5.85,
            "gross_profit": 93466,
            "gross_margin": 3.16,
            "gross_margin_4q_avg": 5.51,
            "net_income": 60863,
            "revenue": 2959278,
            "common_shares": 9117171,
            "book_valuer_per_share": 12.65,
            "book_valuer_per_share_4q_avg": 12.46,
            "equity": 12127921,
            "current_ratio": 193.25,
            "debt_ratio": 21.22,
            "inventory_turnover_ratio": 1.27,
            "account_receivable_turnover_ratio": 2.81,
            "reinvestment_rate": 109.47,
            "research_to_sale_ratio": 0.4,
            "price_fair": 4.33,
            "eps_avg_yearly": 1.44,
            "eps_latest_yearly": 0.2,
            "eps_growth_yearly": -31.49
        },
        "20141": {
            "year_quarter": 20141,
            "year": 2014,
            "quarter": 1,
            "eps": 0.11,
            "eps_growth_year": -45,
            "eps_4q": 0.62,
            "eps_4q_growth_year": 15.59,
            "roe": 0.87,
            "roe_4q": 5.050000000000001,
            "gross_profit": 158966,
            "gross_margin": 5.79,
            "gross_margin_4q_avg": 5.49,
            "net_income": 105859,
            "revenue": 2743546,
            "common_shares": 9117171,
            "book_valuer_per_share": 12.73,
            "book_valuer_per_share_4q_avg": 12.52,
            "equity": 12209982,
            "current_ratio": 161.79,
            "debt_ratio": 24.89,
            "inventory_turnover_ratio": 1.16,
            "account_receivable_turnover_ratio": 2.57,
            "reinvestment_rate": 111.02,
            "research_to_sale_ratio": 0.46,
            "price_fair": 43.2,
            "eps_avg_yearly": 1.37,
            "eps_latest_yearly": 0.44,
            "eps_growth_yearly": 21.61
        },
        "20142": {
            "year_quarter": 20142,
            "year": 2014,
            "quarter": 2,
            "eps": -0.03,
            "eps_growth_year": -120,
            "eps_4q": 0.41,
            "eps_4q_growth_year": -69.19,
            "roe": -0.28,
            "roe_4q": 3.54,
            "gross_profit": 130572,
            "gross_margin": 4.21,
            "gross_margin_4q_avg": 5.29,
            "net_income": -34198,
            "revenue": 3104198,
            "common_shares": 9117171,
            "book_valuer_per_share": 12.65,
            "book_valuer_per_share_4q_avg": 12.65,
            "equity": 12147302,
            "current_ratio": 148.3,
            "debt_ratio": 28.74,
            "inventory_turnover_ratio": 1.34,
            "account_receivable_turnover_ratio": 2.65,
            "reinvestment_rate": 106.4,
            "research_to_sale_ratio": 0.37,
            "price_fair": 3.8,
            "eps_avg_yearly": 1.27,
            "eps_latest_yearly": 0.44,
            "eps_growth_yearly": -6.38
        },
        "20143": {
            "year_quarter": 20143,
            "year": 2014,
            "quarter": 3,
            "eps": 0.09,
            "eps_growth_year": -70.97,
            "eps_4q": 0.21,
            "eps_4q_growth_year": -75.81,
            "roe": 0.76,
            "roe_4q": 1.85,
            "gross_profit": 54666,
            "gross_margin": 1.95,
            "gross_margin_4q_avg": 3.78,
            "net_income": 92425,
            "revenue": 2805902,
            "common_shares": 9573029,
            "book_valuer_per_share": 12.01,
            "book_valuer_per_share_4q_avg": 12.51,
            "equity": 12119207,
            "current_ratio": 143.02,
            "debt_ratio": 28.97,
            "inventory_turnover_ratio": 1.34,
            "account_receivable_turnover_ratio": 2.4,
            "reinvestment_rate": 119.55,
            "research_to_sale_ratio": 0.34,
            "price_fair": 15.25,
            "eps_avg_yearly": 1.2,
            "eps_latest_yearly": 0.44,
            "eps_growth_yearly": 2.66
        },
        "20144": {
            "year_quarter": 20144,
            "year": 2014,
            "quarter": 4,
            "eps": 0.07,
            "eps_growth_year": 32.02,
            "eps_4q": 0.23,
            "eps_4q_growth_year": -67.83,
            "roe": 0.56,
            "roe_4q": 1.9100000000000001,
            "gross_profit": 135644,
            "gross_margin": 4.71,
            "gross_margin_4q_avg": 4.17,
            "net_income": 67853,
            "revenue": 2879273,
            "common_shares": 9573029,
            "book_valuer_per_share": 12.08,
            "book_valuer_per_share_4q_avg": 12.37,
            "equity": 12272580,
            "current_ratio": 159.49,
            "debt_ratio": 23.04,
            "inventory_turnover_ratio": 1.44,
            "account_receivable_turnover_ratio": 2.77,
            "reinvestment_rate": 111.54,
            "research_to_sale_ratio": 0.33,
            "price_fair": 2.84,
            "eps_avg_yearly": 0.95,
            "eps_latest_yearly": 0.28,
            "eps_growth_yearly": -26.65
        },
        "20151": {
            "year_quarter": 20151,
            "year": 2015,
            "quarter": 1,
            "eps": 0.1,
            "eps_growth_year": -9.09,
            "eps_4q": 0.23,
            "eps_4q_growth_year": -62.92,
            "roe": 0.73,
            "roe_4q": 1.7699999999999998,
            "gross_profit": 281962,
            "gross_margin": 10.22,
            "gross_margin_4q_avg": 5.27,
            "net_income": 89423,
            "revenue": 2759961,
            "common_shares": 9573029,
            "book_valuer_per_share": 12.13,
            "book_valuer_per_share_4q_avg": 12.22,
            "equity": 12311555,
            "current_ratio": 156.58,
            "debt_ratio": 24.75,
            "inventory_turnover_ratio": 1.35,
            "account_receivable_turnover_ratio": 2.81,
            "reinvestment_rate": 145.21,
            "research_to_sale_ratio": 0.36,
            "price_fair": 1.87,
            "eps_avg_yearly": 0.62,
            "eps_latest_yearly": 0.4,
            "eps_growth_yearly": -20.77
        },
        "20152": {
            "year_quarter": 20152,
            "year": 2015,
            "quarter": 2,
            "eps": 0.12,
            "eps_growth_year": null,
            "eps_4q": 0.38,
            "eps_4q_growth_year": -8.52,
            "roe": 0.94,
            "roe_4q": 2.99,
            "gross_profit": 204254,
            "gross_margin": 7.64,
            "gross_margin_4q_avg": 6.13,
            "net_income": 114696,
            "revenue": 2674907,
            "common_shares": 9573029,
            "book_valuer_per_share": 11.81,
            "book_valuer_per_share_4q_avg": 12.01,
            "equity": 12042082,
            "current_ratio": 130.97,
            "debt_ratio": 30.79,
            "inventory_turnover_ratio": 1.28,
            "account_receivable_turnover_ratio": 2.88,
            "reinvestment_rate": 156.38,
            "research_to_sale_ratio": 0.4,
            "price_fair": 16.09,
            "eps_avg_yearly": 0.58,
            "eps_latest_yearly": 0.48,
            "eps_growth_yearly": 17.55
        },
        "20153": {
            "year_quarter": 20153,
            "year": 2015,
            "quarter": 3,
            "eps": 0.14,
            "eps_growth_year": 55.56,
            "eps_4q": 0.43,
            "eps_4q_growth_year": 107.2,
            "roe": 1.18,
            "roe_4q": 3.41,
            "gross_profit": 104769,
            "gross_margin": 4.27,
            "gross_margin_4q_avg": 6.71,
            "net_income": 142236,
            "revenue": 2451163,
            "common_shares": 9573029,
            "book_valuer_per_share": 11.83,
            "book_valuer_per_share_4q_avg": 11.96,
            "equity": 12058129,
            "current_ratio": 128.68,
            "debt_ratio": 30.35,
            "inventory_turnover_ratio": 1.3,
            "account_receivable_turnover_ratio": 2.68,
            "reinvestment_rate": 155.66,
            "research_to_sale_ratio": 0.46,
            "price_fair": 20.44,
            "eps_avg_yearly": 0.58,
            "eps_latest_yearly": 0.56,
            "eps_growth_yearly": 38.77
        },
        "20154": {
            "year_quarter": 20154,
            "year": 2015,
            "quarter": 4,
            "eps": 0.07,
            "eps_growth_year": -7.05,
            "eps_4q": 0.43,
            "eps_4q_growth_year": 86.98,
            "roe": 0.52,
            "roe_4q": 3.3699999999999997,
            "gross_profit": 229628,
            "gross_margin": 9.1,
            "gross_margin_4q_avg": 7.81,
            "net_income": 62505,
            "revenue": 2522701,
            "common_shares": 9573029,
            "book_valuer_per_share": 11.89,
            "book_valuer_per_share_4q_avg": 11.92,
            "equity": 12117125,
            "current_ratio": 120.89,
            "debt_ratio": 33.53,
            "inventory_turnover_ratio": 1.41,
            "account_receivable_turnover_ratio": 2.86,
            "reinvestment_rate": 142.89,
            "research_to_sale_ratio": 0.51,
            "price_fair": 15.06,
            "eps_avg_yearly": 0.56,
            "eps_latest_yearly": 0.28,
            "eps_growth_yearly": 17.06
        },
        "20161": {
            "year_quarter": 20161,
            "year": 2016,
            "quarter": 1,
            "eps": 0,
            "eps_growth_year": -100,
            "eps_4q": 0.33,
            "eps_4q_growth_year": 42.49,
            "roe": -0.05,
            "roe_4q": 2.59,
            "gross_profit": 217869,
            "gross_margin": 9.05,
            "gross_margin_4q_avg": 7.52,
            "net_income": -6394,
            "revenue": 2407514,
            "common_shares": 9573029,
            "book_valuer_per_share": 11.89,
            "book_valuer_per_share_4q_avg": 11.86,
            "equity": 12112022,
            "current_ratio": 121.38,
            "debt_ratio": 35.49,
            "inventory_turnover_ratio": 1.27,
            "account_receivable_turnover_ratio": 2.72,
            "reinvestment_rate": 167.88,
            "research_to_sale_ratio": 0.44,
            "price_fair": 15.06,
            "eps_avg_yearly": 0.56,
            "eps_latest_yearly": 0.28,
            "eps_growth_yearly": 17.06
        },
        "20162": {
            "year_quarter": 20162,
            "year": 2016,
            "quarter": 2,
            "eps": 0.06,
            "eps_growth_year": -50,
            "eps_4q": 0.27,
            "eps_4q_growth_year": -28.4,
            "roe": 0.54,
            "roe_4q": 2.19,
            "gross_profit": 190176,
            "gross_margin": 7.79,
            "gross_margin_4q_avg": 7.55,
            "net_income": 64087,
            "revenue": 2442132,
            "common_shares": 9573029,
            "book_valuer_per_share": 11.35,
            "book_valuer_per_share_4q_avg": 11.74,
            "equity": 11541343,
            "current_ratio": 112.7,
            "debt_ratio": 39.26,
            "inventory_turnover_ratio": 1.21,
            "account_receivable_turnover_ratio": 2.64,
            "reinvestment_rate": 95.69,
            "research_to_sale_ratio": 0.4,
            "price_fair": 15.06,
            "eps_avg_yearly": 0.56,
            "eps_latest_yearly": 0.28,
            "eps_growth_yearly": 17.06
        },
        "20163": {
            "year_quarter": 20163,
            "year": 2016,
            "quarter": 3,
            "eps": -0.2,
            "eps_growth_year": -242.86,
            "eps_4q": -0.07,
            "eps_4q_growth_year": -117.21,
            "roe": -1.73,
            "roe_4q": -0.72,
            "gross_profit": 84910,
            "gross_margin": 3.72,
            "gross_margin_4q_avg": 7.42,
            "net_income": -198518,
            "revenue": 2283926,
            "common_shares": 9573029,
            "book_valuer_per_share": 11.16,
            "book_valuer_per_share_4q_avg": 11.57,
            "equity": 11349760,
            "current_ratio": 109.58,
            "debt_ratio": 41.19,
            "inventory_turnover_ratio": 1.11,
            "account_receivable_turnover_ratio": 2.58,
            "reinvestment_rate": 129.75,
            "research_to_sale_ratio": 0.59,
            "price_fair": 15.06,
            "eps_avg_yearly": 0.56,
            "eps_latest_yearly": 0.28,
            "eps_growth_yearly": 17.06
        },
        "20164": {
            "year_quarter": 20164,
            "year": 2016,
            "quarter": 4,
            "eps": 0.21,
            "eps_growth_year": 212.16,
            "eps_4q": 0.07,
            "eps_4q_growth_year": -84.54,
            "roe": 1.84,
            "roe_4q": 0.6000000000000001,
            "gross_profit": 202225,
            "gross_margin": 8.16,
            "gross_margin_4q_avg": 7.18,
            "net_income": 210372,
            "revenue": 2479170,
            "common_shares": 9573029,
            "book_valuer_per_share": 11.33,
            "book_valuer_per_share_4q_avg": 11.43,
            "equity": 11528889,
            "current_ratio": 112.66,
            "debt_ratio": 40.52,
            "inventory_turnover_ratio": 1.13,
            "account_receivable_turnover_ratio": 2.42,
            "reinvestment_rate": 71.97,
            "research_to_sale_ratio": 0.5,
            "price_fair": 18.48,
            "eps_avg_yearly": 0.53,
            "eps_latest_yearly": 0.28,
            "eps_growth_yearly": 48.13
        },
        "20171": {
            "year_quarter": 20171,
            "year": 2017,
            "quarter": 1,
            "eps": -0.14,
            "eps_growth_year": null,
            "eps_4q": -0.08,
            "eps_4q_growth_year": -124,
            "roe": -1.24,
            "roe_4q": -0.5899999999999999,
            "gross_profit": 198405,
            "gross_margin": 8.11,
            "gross_margin_4q_avg": 6.95,
            "net_income": -141706,
            "revenue": 2446082,
            "common_shares": 9573029,
            "book_valuer_per_share": 11.19,
            "book_valuer_per_share_4q_avg": 11.26,
            "equity": 11389833,
            "current_ratio": 109.97,
            "debt_ratio": 42.32,
            "inventory_turnover_ratio": 1.05,
            "account_receivable_turnover_ratio": 2.25,
            "reinvestment_rate": 76.99,
            "research_to_sale_ratio": 0.45,
            "price_fair": 17.42,
            "eps_avg_yearly": 0.5,
            "eps_latest_yearly": 0.28,
            "eps_growth_yearly": 55.6
        },
        "20172": {
            "year_quarter": 20172,
            "year": 2017,
            "quarter": 2,
            "eps": 0.03,
            "eps_growth_year": -50,
            "eps_4q": -0.11,
            "eps_4q_growth_year": -140.32,
            "roe": 0.14,
            "roe_4q": -0.99,
            "gross_profit": 168008,
            "gross_margin": 6.07,
            "gross_margin_4q_avg": 6.52,
            "net_income": 16204,
            "revenue": 2767759,
            "common_shares": 9573029,
            "book_valuer_per_share": 11.23,
            "book_valuer_per_share_4q_avg": 11.23,
            "equity": 11709540,
            "current_ratio": 103.51,
            "debt_ratio": 43.22,
            "inventory_turnover_ratio": 1.12,
            "account_receivable_turnover_ratio": 2.58,
            "reinvestment_rate": 177.94,
            "research_to_sale_ratio": 0.76,
            "price_fair": 16.98,
            "eps_avg_yearly": 0.49,
            "eps_latest_yearly": 0.28,
            "eps_growth_yearly": 75.05
        },
        "20173": {
            "year_quarter": 20173,
            "year": 2017,
            "quarter": 3,
            "eps": 0.1,
            "eps_growth_year": null,
            "eps_4q": 0.19,
            "eps_4q_growth_year": null,
            "roe": 0.78,
            "roe_4q": 1.52,
            "gross_profit": 204604,
            "gross_margin": 6.86,
            "gross_margin_4q_avg": 7.3,
            "net_income": 92946,
            "revenue": 2984551,
            "common_shares": 9573029,
            "book_valuer_per_share": 11.49,
            "book_valuer_per_share_4q_avg": 11.31,
            "equity": 12000964,
            "current_ratio": 107.92,
            "debt_ratio": 42.56,
            "inventory_turnover_ratio": 1.18,
            "account_receivable_turnover_ratio": 2.78,
            "reinvestment_rate": 177.34,
            "research_to_sale_ratio": 0.56,
            "price_fair": 13.3,
            "eps_avg_yearly": 0.38,
            "eps_latest_yearly": 0.4,
            "eps_growth_yearly": 138.38
        },
        "20174": {
            "year_quarter": 20174,
            "year": 2017,
            "quarter": 4,
            "eps": 0,
            "eps_growth_year": -99.26,
            "eps_4q": -0.01,
            "eps_4q_growth_year": -120.6,
            "roe": -0.13,
            "roe_4q": -0.44999999999999996,
            "gross_profit": 245614,
            "gross_margin": 8.45,
            "gross_margin_4q_avg": 7.37,
            "net_income": -15432,
            "revenue": 2906137,
            "common_shares": 9573029,
            "book_valuer_per_share": 11.6,
            "book_valuer_per_share_4q_avg": 11.38,
            "equity": 12136369,
            "current_ratio": 117.83,
            "debt_ratio": 34.73,
            "inventory_turnover_ratio": 1.13,
            "account_receivable_turnover_ratio": 2.46,
            "reinvestment_rate": 183.92,
            "research_to_sale_ratio": 0.49,
            "price_fair": 14.2,
            "eps_avg_yearly": 0.41,
            "eps_latest_yearly": 0.4,
            "eps_growth_yearly": 206.08
        },
        "20181": {
            "year_quarter": 20181,
            "year": 2018,
            "quarter": 1,
            "eps": 0.06,
            "eps_growth_year": null,
            "eps_4q": 0.19,
            "eps_4q_growth_year": null,
            "roe": 0.4,
            "roe_4q": 1.19,
            "gross_profit": 252371,
            "gross_margin": 8.54,
            "gross_margin_4q_avg": 7.48,
            "net_income": 48664,
            "revenue": 2956803,
            "common_shares": 9573029,
            "book_valuer_per_share": 11.55,
            "book_valuer_per_share_4q_avg": 11.47,
            "equity": 12156594,
            "current_ratio": 115.93,
            "debt_ratio": 35.39,
            "inventory_turnover_ratio": 1.08,
            "account_receivable_turnover_ratio": 2.34,
            "reinvestment_rate": 240.37,
            "research_to_sale_ratio": 0.5,
            "price_fair": 14,
            "eps_avg_yearly": 0.4,
            "eps_latest_yearly": 0.4,
            "eps_growth_yearly": 160.42
        },
        "20182": {
            "year_quarter": 20182,
            "year": 2018,
            "quarter": 2,
            "eps": 0.32,
            "eps_growth_year": 966.67,
            "eps_4q": 0.48,
            "eps_4q_growth_year": null,
            "roe": 2.54,
            "roe_4q": 3.59,
            "gross_profit": 251961,
            "gross_margin": 8.04,
            "gross_margin_4q_avg": 7.97,
            "net_income": 305712,
            "revenue": 3134749,
            "common_shares": 9573029,
            "book_valuer_per_share": 11.32,
            "book_valuer_per_share_4q_avg": 11.49,
            "equity": 11925664,
            "current_ratio": 114.1,
            "debt_ratio": 38.47,
            "inventory_turnover_ratio": 1.1,
            "account_receivable_turnover_ratio": 2.45,
            "reinvestment_rate": 224.17,
            "research_to_sale_ratio": 0.52,
            "price_fair": 18.4,
            "eps_avg_yearly": 0.53,
            "eps_latest_yearly": 1.28,
            "eps_growth_yearly": 385.12
        },
        "20183": {
            "year_quarter": 20183,
            "year": 2018,
            "quarter": 3,
            "eps": 0.09,
            "eps_growth_year": -10,
            "eps_4q": 0.47,
            "eps_4q_growth_year": 145.19,
            "roe": 0.57,
            "roe_4q": 3.38,
            "gross_profit": 271140,
            "gross_margin": 8.21,
            "gross_margin_4q_avg": 8.31,
            "net_income": 68694,
            "revenue": 3301747,
            "common_shares": 9573029,
            "book_valuer_per_share": 11.46,
            "book_valuer_per_share_4q_avg": 11.48,
            "equity": 12007542,
            "current_ratio": 119.75,
            "debt_ratio": 41.56,
            "inventory_turnover_ratio": 1.01,
            "account_receivable_turnover_ratio": 2.39,
            "reinvestment_rate": 234.1,
            "research_to_sale_ratio": 0.49,
            "price_fair": 17.68,
            "eps_avg_yearly": 0.51,
            "eps_latest_yearly": 0.36,
            "eps_growth_yearly": 301.05
        },
        "20184": {
            "year_quarter": 20184,
            "year": 2018,
            "quarter": 4,
            "eps": -0.03,
            "eps_growth_year": -2127.44,
            "eps_4q": 0.44,
            "eps_4q_growth_year": null,
            "roe": -0.45,
            "roe_4q": 3.06,
            "gross_profit": 131761,
            "gross_margin": 3.78,
            "gross_margin_4q_avg": 7.14,
            "net_income": -53854,
            "revenue": 3488766,
            "common_shares": 9573029,
            "book_valuer_per_share": 11.27,
            "book_valuer_per_share_4q_avg": 11.4,
            "equity": 11806979,
            "current_ratio": 138.97,
            "debt_ratio": 37.95,
            "inventory_turnover_ratio": 1.09,
            "account_receivable_turnover_ratio": 2.39,
            "reinvestment_rate": 160.92,
            "research_to_sale_ratio": 0.35,
            "price_fair": 18.8,
            "eps_avg_yearly": 0.54,
            "eps_latest_yearly": 0.36,
            "eps_growth_yearly": 356.75
        },
        "20191": {
            "year_quarter": 20191,
            "year": 2019,
            "quarter": 1,
            "eps": 0.16,
            "eps_growth_year": 166.67,
            "eps_4q": 0.54,
            "eps_4q_growth_year": 181.2,
            "roe": 1.21,
            "roe_4q": 3.87,
            "gross_profit": 252339,
            "gross_margin": 7.92,
            "gross_margin_4q_avg": 6.99,
            "net_income": 144405,
            "revenue": 3187078,
            "common_shares": 9573029,
            "book_valuer_per_share": 11.47,
            "book_valuer_per_share_4q_avg": 11.38,
            "equity": 12000758,
            "current_ratio": 138.69,
            "debt_ratio": 37.03,
            "inventory_turnover_ratio": 1.01,
            "account_receivable_turnover_ratio": 2.1,
            "reinvestment_rate": 148.28,
            "research_to_sale_ratio": 0.37,
            "price_fair": 19.6,
            "eps_avg_yearly": 0.56,
            "eps_latest_yearly": 0.36,
            "eps_growth_yearly": 387.64
        },
        "20192": {
            "year_quarter": 20192,
            "year": 2019,
            "quarter": 2,
            "eps": 0.22,
            "eps_growth_year": -31.25,
            "eps_4q": 0.44,
            "eps_4q_growth_year": -9.03,
            "roe": 1.76,
            "roe_4q": 3.0899999999999994,
            "gross_profit": 262069,
            "gross_margin": 8.53,
            "gross_margin_4q_avg": 7.11,
            "net_income": 208979,
            "revenue": 3070571,
            "common_shares": 9573029,
            "book_valuer_per_share": 11.24,
            "book_valuer_per_share_4q_avg": 11.36,
            "equity": 11787971,
            "current_ratio": 126.91,
            "debt_ratio": 41.2,
            "inventory_turnover_ratio": 0.95,
            "account_receivable_turnover_ratio": 2.17,
            "reinvestment_rate": 122.22,
            "research_to_sale_ratio": 0.43,
            "price_fair": 21.93,
            "eps_avg_yearly": 0.63,
            "eps_latest_yearly": 0.88,
            "eps_growth_yearly": 399.31
        },
        "20193": {
            "year_quarter": 20193,
            "year": 2019,
            "quarter": 3,
            "eps": 0,
            "eps_growth_year": -100,
            "eps_4q": 0.35,
            "eps_4q_growth_year": -25.94,
            "roe": -0.19,
            "roe_4q": 2.33,
            "gross_profit": 183169,
            "gross_margin": 6.03,
            "gross_margin_4q_avg": 6.57,
            "net_income": -22363,
            "revenue": 3036801,
            "common_shares": 9573029,
            "book_valuer_per_share": 11.18,
            "book_valuer_per_share_4q_avg": 11.29,
            "equity": 11698423,
            "current_ratio": 121.49,
            "debt_ratio": 40.98,
            "inventory_turnover_ratio": 1.01,
            "account_receivable_turnover_ratio": 2.19,
            "reinvestment_rate": 141.25,
            "research_to_sale_ratio": 0.44,
            "price_fair": 22.4,
            "eps_avg_yearly": 0.64,
            "eps_latest_yearly": 0.88,
            "eps_growth_yearly": 465.83
        },
        "20194": {
            "year_quarter": 20194,
            "year": 2019,
            "quarter": 4,
            "eps": -0.32,
            "eps_growth_year": null,
            "eps_4q": 0.06,
            "eps_4q_growth_year": -87.35,
            "roe": -3.43,
            "roe_4q": -0.6500000000000001,
            "gross_profit": 105352,
            "gross_margin": 3.88,
            "gross_margin_4q_avg": 6.59,
            "net_income": -394439,
            "revenue": 2713685,
            "common_shares": 9573029,
            "book_valuer_per_share": 10.84,
            "book_valuer_per_share_4q_avg": 11.18,
            "equity": 11286710,
            "current_ratio": 120.15,
            "debt_ratio": 37.33,
            "inventory_turnover_ratio": 1.01,
            "account_receivable_turnover_ratio": 2.12,
            "reinvestment_rate": 169.87,
            "research_to_sale_ratio": 0.51,
            "price_fair": 25.55,
            "eps_avg_yearly": 0.73,
            "eps_latest_yearly": 0.88,
            "eps_growth_yearly": 632.29
        },
        "20201": {
            "year_quarter": 20201,
            "year": 2020,
            "quarter": 1,
            "eps": -0.28,
            "eps_growth_year": -275,
            "eps_4q": -0.39,
            "eps_4q_growth_year": -172.2,
            "roe": -3.58,
            "roe_4q": -5.44,
            "gross_profit": 100264,
            "gross_margin": 4.1,
            "gross_margin_4q_avg": 5.64,
            "net_income": -389351,
            "revenue": 2443694,
            "common_shares": 9573029,
            "book_valuer_per_share": 10.14,
            "book_valuer_per_share_4q_avg": 10.85,
            "equity": 10461168,
            "current_ratio": 110.5,
            "debt_ratio": 42.67,
            "inventory_turnover_ratio": 0.97,
            "account_receivable_turnover_ratio": 2.42,
            "reinvestment_rate": 108.24,
            "research_to_sale_ratio": 0.46,
            "price_fair": 25.55,
            "eps_avg_yearly": 0.73,
            "eps_latest_yearly": 0.88,
            "eps_growth_yearly": 632.29
        },
        "20202": {
            "year_quarter": 20202,
            "year": 2020,
            "quarter": 2,
            "eps": 0.01,
            "eps_growth_year": -95.45,
            "eps_4q": -0.6,
            "eps_4q_growth_year": -236.83,
            "roe": 0.89,
            "roe_4q": -6.3100000000000005,
            "gross_profit": 32629,
            "gross_margin": 1.96,
            "gross_margin_4q_avg": 3.99,
            "net_income": 95624,
            "revenue": 1667662,
            "common_shares": 9573029,
            "book_valuer_per_share": 10.32,
            "book_valuer_per_share_4q_avg": 10.62,
            "equity": 10997007,
            "current_ratio": 103.29,
            "debt_ratio": 35.25,
            "inventory_turnover_ratio": 0.74,
            "account_receivable_turnover_ratio": 2.3,
            "reinvestment_rate": 406,
            "research_to_sale_ratio": 0.71,
            "price_fair": 25.55,
            "eps_avg_yearly": 0.73,
            "eps_latest_yearly": 0.88,
            "eps_growth_yearly": 632.29
        },
        "20203": {
            "year_quarter": 20203,
            "year": 2020,
            "quarter": 3,
            "eps": -0.15,
            "eps_growth_year": null,
            "eps_4q": -0.75,
            "eps_4q_growth_year": -316.02,
            "roe": -1.62,
            "roe_4q": -7.74,
            "gross_profit": 27147,
            "gross_margin": 1.39,
            "gross_margin_4q_avg": 2.83,
            "net_income": -179194,
            "revenue": 1951061,
            "common_shares": 9573029,
            "book_valuer_per_share": 10.52,
            "book_valuer_per_share_4q_avg": 10.46,
            "equity": 11154396,
            "current_ratio": 101.74,
            "debt_ratio": 32.97,
            "inventory_turnover_ratio": 0.97,
            "account_receivable_turnover_ratio": 3.42,
            "reinvestment_rate": 395.38,
            "research_to_sale_ratio": 0.61,
            "price_fair": 25.55,
            "eps_avg_yearly": 0.73,
            "eps_latest_yearly": 0.88,
            "eps_growth_yearly": 632.29
        },
        "20204": {
            "year_quarter": 20204,
            "year": 2020,
            "quarter": 4,
            "eps": 0.05,
            "eps_growth_year": null,
            "eps_4q": -0.38,
            "eps_4q_growth_year": -779.7,
            "roe": 0.42,
            "roe_4q": -3.89,
            "gross_profit": 218762,
            "gross_margin": 9.47,
            "gross_margin_4q_avg": 4.23,
            "net_income": 48093,
            "revenue": 2311192,
            "common_shares": 9573029,
            "book_valuer_per_share": 10.84,
            "book_valuer_per_share_4q_avg": 10.46,
            "equity": 11476477,
            "current_ratio": 103.2,
            "debt_ratio": 34.04,
            "inventory_turnover_ratio": 1.05,
            "account_receivable_turnover_ratio": 3.36,
            "reinvestment_rate": 1115.93,
            "research_to_sale_ratio": 0.41,
            "price_fair": 25.55,
            "eps_avg_yearly": 0.73,
            "eps_latest_yearly": 0.88,
            "eps_growth_yearly": 632.29
        },
        "20211": {
            "year_quarter": 20211,
            "year": 2021,
            "quarter": 1,
            "eps": 0.08,
            "eps_growth_year": null,
            "eps_4q": -0.01,
            "eps_4q_growth_year": null,
            "roe": 0.63,
            "roe_4q": 0.31999999999999995,
            "gross_profit": 274895,
            "gross_margin": 12.48,
            "gross_margin_4q_avg": 6.33,
            "net_income": 72192,
            "revenue": 2202304,
            "common_shares": 9573029,
            "book_valuer_per_share": 10.78,
            "book_valuer_per_share_4q_avg": 10.62,
            "equity": 11399348,
            "current_ratio": 106.54,
            "debt_ratio": 34.27,
            "inventory_turnover_ratio": 0.9,
            "account_receivable_turnover_ratio": 2.76,
            "reinvestment_rate": 303.63,
            "research_to_sale_ratio": 0.4,
            "price_fair": 22.68,
            "eps_avg_yearly": 0.65,
            "eps_latest_yearly": 0.32,
            "eps_growth_yearly": 553.83
        },
        "20212": {
            "year_quarter": 20212,
            "year": 2021,
            "quarter": 2,
            "eps": 0.05,
            "eps_growth_year": 400,
            "eps_4q": 0.03,
            "eps_4q_growth_year": null,
            "roe": 0.47,
            "roe_4q": -0.10000000000000009,
            "gross_profit": 261861,
            "gross_margin": 10.07,
            "gross_margin_4q_avg": 8.35,
            "net_income": 53964,
            "revenue": 2600205,
            "common_shares": 9573029,
            "book_valuer_per_share": 11.14,
            "book_valuer_per_share_4q_avg": 10.82,
            "equity": 11741848,
            "current_ratio": 106.75,
            "debt_ratio": 33.48,
            "inventory_turnover_ratio": 0.99,
            "account_receivable_turnover_ratio": 3.12,
            "reinvestment_rate": 151.06,
            "research_to_sale_ratio": 0.33,
            "price_fair": 20.07,
            "eps_avg_yearly": 0.57,
            "eps_latest_yearly": 0.2,
            "eps_growth_yearly": 436.53
        },
        "20213": {
            "year_quarter": 20213,
            "year": 2021,
            "quarter": 3,
            "eps": 0.08,
            "eps_growth_year": null,
            "eps_4q": 0.26,
            "eps_4q_growth_year": null,
            "roe": 0.6,
            "roe_4q": 2.1199999999999997,
            "gross_profit": 377167,
            "gross_margin": 12.3,
            "gross_margin_4q_avg": 11.08,
            "net_income": 69760,
            "revenue": 3066294,
            "common_shares": 9573029,
            "book_valuer_per_share": 11.09,
            "book_valuer_per_share_4q_avg": 10.96,
            "equity": 11693697,
            "current_ratio": 110.43,
            "debt_ratio": 36.1,
            "inventory_turnover_ratio": 0.97,
            "account_receivable_turnover_ratio": 3.24,
            "reinvestment_rate": 6.17,
            "research_to_sale_ratio": 0.33,
            "price_fair": 19.6,
            "eps_avg_yearly": 0.56,
            "eps_latest_yearly": 0.32,
            "eps_growth_yearly": 320.97
        },
        "20214": {
            "year_quarter": 20214,
            "year": 2021,
            "quarter": 4,
            "eps": 0.48,
            "eps_growth_year": 820.08,
            "eps_4q": 0.69,
            "eps_4q_growth_year": null,
            "roe": 3.86,
            "roe_4q": 5.56,
            "gross_profit": 391297,
            "gross_margin": 13,
            "gross_margin_4q_avg": 11.96,
            "net_income": 456641,
            "revenue": 3009380,
            "common_shares": 9573029,
            "book_valuer_per_share": 11.36,
            "book_valuer_per_share_4q_avg": 11.09,
            "equity": 11943955,
            "current_ratio": 105.13,
            "debt_ratio": 42.31,
            "inventory_turnover_ratio": 0.75,
            "account_receivable_turnover_ratio": 2.63,
            "reinvestment_rate": -4.35,
            "research_to_sale_ratio": 0.29,
            "price_fair": 26.4,
            "eps_avg_yearly": 0.75,
            "eps_latest_yearly": 1.92,
            "eps_growth_yearly": 560.83
        },
        "20221": {
            "year_quarter": 20221,
            "year": 2022,
            "quarter": 1,
            "eps": 0.28,
            "eps_growth_year": 250,
            "eps_4q": 0.88,
            "eps_4q_growth_year": null,
            "roe": 2.26,
            "roe_4q": 7.189999999999999,
            "gross_profit": 380252,
            "gross_margin": 13.11,
            "gross_margin_4q_avg": 12.12,
            "net_income": 272566,
            "revenue": 2900284,
            "common_shares": 9573029,
            "book_valuer_per_share": 11.63,
            "book_valuer_per_share_4q_avg": 11.31,
            "equity": 12214615,
            "current_ratio": 107.41,
            "debt_ratio": 41.65,
            "inventory_turnover_ratio": 0.58,
            "account_receivable_turnover_ratio": 2.66,
            "reinvestment_rate": -17.89,
            "research_to_sale_ratio": 0.26,
            "price_fair": 28,
            "eps_avg_yearly": 0.8,
            "eps_latest_yearly": 1.12,
            "eps_growth_yearly": 469.9
        },
        "20222": {
            "year_quarter": 20222,
            "year": 2022,
            "quarter": 2,
            "eps": 0.33,
            "eps_growth_year": 560,
            "eps_4q": 1.17,
            "eps_4q_growth_year": 4190.81,
            "roe": 2.56,
            "roe_4q": 9.28,
            "gross_profit": 532638,
            "gross_margin": 14.32,
            "gross_margin_4q_avg": 13.18,
            "net_income": 311694,
            "revenue": 3719100,
            "common_shares": 9573029,
            "book_valuer_per_share": 11.53,
            "book_valuer_per_share_4q_avg": 11.4,
            "equity": 12105246,
            "current_ratio": 112.27,
            "debt_ratio": 39.8,
            "inventory_turnover_ratio": 0.67,
            "account_receivable_turnover_ratio": 4.02,
            "reinvestment_rate": -79.97,
            "research_to_sale_ratio": 0.23,
            "price_fair": 28.18,
            "eps_avg_yearly": 0.81,
            "eps_latest_yearly": 1.32,
            "eps_growth_yearly": 262.16
        },
        "20223": {
            "year_quarter": 20223,
            "year": 2022,
            "quarter": 3,
            "eps": 0.22,
            "eps_growth_year": 175,
            "eps_4q": 1.31,
            "eps_4q_growth_year": 407.13,
            "roe": 1.6,
            "roe_4q": 10.28,
            "gross_profit": 159788,
            "gross_margin": 4.85,
            "gross_margin_4q_avg": 11.32,
            "net_income": 197652,
            "revenue": 3291622,
            "common_shares": 9573029,
            "book_valuer_per_share": 11.86,
            "book_valuer_per_share_4q_avg": 11.6,
            "equity": 12613568,
            "current_ratio": 122.23,
            "debt_ratio": 37.32,
            "inventory_turnover_ratio": 0.68,
            "account_receivable_turnover_ratio": 3.78,
            "reinvestment_rate": -69.13,
            "research_to_sale_ratio": 0.25,
            "price_fair": 30.45,
            "eps_avg_yearly": 0.87,
            "eps_latest_yearly": 0.88,
            "eps_growth_yearly": 281.43
        },
        "20224": {
            "year_quarter": 20224,
            "year": 2022,
            "quarter": 4,
            "eps": -0.31,
            "eps_growth_year": -164.96,
            "eps_4q": 0.52,
            "eps_4q_growth_year": -24.51,
            "roe": -2.53,
            "roe_4q": 3.89,
            "gross_profit": -21171,
            "gross_margin": -0.91,
            "gross_margin_4q_avg": 7.84,
            "net_income": -313335,
            "revenue": 2326220,
            "common_shares": 9573029,
            "book_valuer_per_share": 11.4,
            "book_valuer_per_share_4q_avg": 11.61,
            "equity": 12123334,
            "current_ratio": 122.73,
            "debt_ratio": 36.18,
            "inventory_turnover_ratio": 0.57,
            "account_receivable_turnover_ratio": 2.94,
            "reinvestment_rate": -56.47,
            "research_to_sale_ratio": 0.35,
            "price_fair": 30.45,
            "eps_avg_yearly": 0.87,
            "eps_latest_yearly": 0.88,
            "eps_growth_yearly": 281.43
        },
        "20231": {
            "year_quarter": 20231,
            "year": 2023,
            "quarter": 1,
            "eps": -0.11,
            "eps_growth_year": -139.29,
            "eps_4q": 0.13,
            "eps_4q_growth_year": -85.76,
            "roe": -0.84,
            "roe_4q": 0.7900000000000005,
            "gross_profit": -19557,
            "gross_margin": -0.87,
            "gross_margin_4q_avg": 4.35,
            "net_income": -102028,
            "revenue": 2255787,
            "common_shares": 9573029,
            "book_valuer_per_share": 11.37,
            "book_valuer_per_share_4q_avg": 11.54,
            "equity": 12119045,
            "current_ratio": 119.91,
            "debt_ratio": 36.6,
            "inventory_turnover_ratio": 0.61,
            "account_receivable_turnover_ratio": 3.06,
            "reinvestment_rate": -76.65,
            "research_to_sale_ratio": 0.37,
            "price_fair": 30.45,
            "eps_avg_yearly": 0.87,
            "eps_latest_yearly": 0.88,
            "eps_growth_yearly": 281.43
        }
    },
    "months": {
        "2001-06": {
            "month": "2001-06",
            "price": "2.78",
            "revenue": 465650
        },
        "2001-07": {
            "month": "2001-07",
            "price": "2.65",
            "revenue": 441275
        },
        "2001-08": {
            "month": "2001-08",
            "price": "3.25",
            "revenue": 459759
        },
        "2001-09": {
            "month": "2001-09",
            "price": "3.30",
            "revenue": 427143
        },
        "2001-10": {
            "month": "2001-10",
            "price": "3.08",
            "revenue": 445819
        },
        "2001-11": {
            "month": "2001-11",
            "price": "3.17",
            "revenue": 435248
        },
        "2001-12": {
            "month": "2001-12",
            "price": "3.28",
            "revenue": 384014
        },
        "2002-01": {
            "month": "2002-01",
            "price": "4.19",
            "revenue": 416998
        },
        "2002-02": {
            "month": "2002-02",
            "price": "4.50",
            "revenue": 338280
        },
        "2002-03": {
            "month": "2002-03",
            "price": "6.71",
            "revenue": 504346
        },
        "2002-04": {
            "month": "2002-04",
            "price": "7.72",
            "revenue": 615494
        },
        "2002-05": {
            "month": "2002-05",
            "price": "6.84",
            "revenue": 612337
        },
        "2002-06": {
            "month": "2002-06",
            "price": "6.55",
            "revenue": 426002
        },
        "2002-07": {
            "month": "2002-07",
            "price": "6.40",
            "revenue": 465003
        },
        "2002-08": {
            "month": "2002-08",
            "price": "6.06",
            "revenue": 439712
        },
        "2002-09": {
            "month": "2002-09",
            "price": "5.04",
            "revenue": 532277
        },
        "2002-10": {
            "month": "2002-10",
            "price": "4.08",
            "revenue": 690221
        },
        "2002-11": {
            "month": "2002-11",
            "price": "5.07",
            "revenue": 553849
        },
        "2002-12": {
            "month": "2002-12",
            "price": "5.83",
            "revenue": 629324
        },
        "2003-01": {
            "month": "2003-01",
            "price": "8.21",
            "revenue": 636284
        },
        "2003-02": {
            "month": "2003-02",
            "price": "7.12",
            "revenue": 643449
        },
        "2003-03": {
            "month": "2003-03",
            "price": "5.79",
            "revenue": 502615
        },
        "2003-04": {
            "month": "2003-04",
            "price": "5.53",
            "revenue": 460384
        },
        "2003-05": {
            "month": "2003-05",
            "price": "4.93",
            "revenue": 495420
        },
        "2003-06": {
            "month": "2003-06",
            "price": "5.81",
            "revenue": 602271
        },
        "2003-07": {
            "month": "2003-07",
            "price": "6.45",
            "revenue": 689372
        },
        "2003-08": {
            "month": "2003-08",
            "price": "6.72",
            "revenue": 654893
        },
        "2003-09": {
            "month": "2003-09",
            "price": "6.25",
            "revenue": 623132
        },
        "2003-10": {
            "month": "2003-10",
            "price": "6.98",
            "revenue": 694708
        },
        "2003-11": {
            "month": "2003-11",
            "price": "7.68",
            "revenue": 728313
        },
        "2003-12": {
            "month": "2003-12",
            "price": "7.71",
            "revenue": 704106
        },
        "2004-01": {
            "month": "2004-01",
            "price": "8.41",
            "revenue": 582627
        },
        "2004-02": {
            "month": "2004-02",
            "price": "8.32",
            "revenue": 739955
        },
        "2004-03": {
            "month": "2004-03",
            "price": "7.71",
            "revenue": 663333
        },
        "2004-04": {
            "month": "2004-04",
            "price": "7.05",
            "revenue": 666708
        },
        "2004-05": {
            "month": "2004-05",
            "price": "5.78",
            "revenue": 647861
        },
        "2004-06": {
            "month": "2004-06",
            "price": "5.65",
            "revenue": 703873
        },
        "2004-07": {
            "month": "2004-07",
            "price": "5.35",
            "revenue": 692499
        },
        "2004-08": {
            "month": "2004-08",
            "price": "5.48",
            "revenue": 797023
        },
        "2004-09": {
            "month": "2004-09",
            "price": "6.51",
            "revenue": 724171
        },
        "2004-10": {
            "month": "2004-10",
            "price": "6.68",
            "revenue": 710385
        },
        "2004-11": {
            "month": "2004-11",
            "price": "6.33",
            "revenue": 667312
        },
        "2004-12": {
            "month": "2004-12",
            "price": "6.71",
            "revenue": 550656
        },
        "2005-01": {
            "month": "2005-01",
            "price": "6.66",
            "revenue": 570385
        },
        "2005-02": {
            "month": "2005-02",
            "price": "6.11",
            "revenue": 537477
        },
        "2005-03": {
            "month": "2005-03",
            "price": "5.45",
            "revenue": 683959
        },
        "2005-04": {
            "month": "2005-04",
            "price": "4.42",
            "revenue": 495024
        },
        "2005-05": {
            "month": "2005-05",
            "price": "4.12",
            "revenue": 535589
        },
        "2005-06": {
            "month": "2005-06",
            "price": "4.68",
            "revenue": 750000
        },
        "2005-07": {
            "month": "2005-07",
            "price": "4.54",
            "revenue": 665923
        },
        "2005-08": {
            "month": "2005-08",
            "price": "4.32",
            "revenue": 688544
        },
        "2005-09": {
            "month": "2005-09",
            "price": "3.95",
            "revenue": 689128
        },
        "2005-10": {
            "month": "2005-10",
            "price": "3.67",
            "revenue": 626245
        },
        "2005-11": {
            "month": "2005-11",
            "price": "3.49",
            "revenue": 527787
        },
        "2005-12": {
            "month": "2005-12",
            "price": "3.73",
            "revenue": 612011
        },
        "2006-01": {
            "month": "2006-01",
            "price": "3.81",
            "revenue": 585434
        },
        "2006-02": {
            "month": "2006-02",
            "price": "3.52",
            "revenue": 446743
        },
        "2006-03": {
            "month": "2006-03",
            "price": "3.08",
            "revenue": 643112
        },
        "2006-04": {
            "month": "2006-04",
            "price": "3.23",
            "revenue": 611349
        },
        "2006-05": {
            "month": "2006-05",
            "price": "3.97",
            "revenue": 595522
        },
        "2006-06": {
            "month": "2006-06",
            "price": "3.51",
            "revenue": 537997
        },
        "2006-07": {
            "month": "2006-07",
            "price": "3.48",
            "revenue": 529738
        },
        "2006-08": {
            "month": "2006-08",
            "price": "3.26",
            "revenue": 597778
        },
        "2006-09": {
            "month": "2006-09",
            "price": "3.08",
            "revenue": 487187
        },
        "2006-10": {
            "month": "2006-10",
            "price": "3.47",
            "revenue": 509696
        },
        "2006-11": {
            "month": "2006-11",
            "price": "4.08",
            "revenue": 573246
        },
        "2006-12": {
            "month": "2006-12",
            "price": "5.16",
            "revenue": 539514
        },
        "2007-01": {
            "month": "2007-01",
            "price": "5.24",
            "revenue": 590955
        },
        "2007-02": {
            "month": "2007-02",
            "price": "6.94",
            "revenue": 505530
        },
        "2007-03": {
            "month": "2007-03",
            "price": "6.70",
            "revenue": 709862
        },
        "2007-04": {
            "month": "2007-04",
            "price": "8.20",
            "revenue": 684795
        },
        "2007-05": {
            "month": "2007-05",
            "price": "8.30",
            "revenue": 770535
        },
        "2007-06": {
            "month": "2007-06",
            "price": "7.96",
            "revenue": 753417
        },
        "2007-07": {
            "month": "2007-07",
            "price": "9.80",
            "revenue": 692535
        },
        "2007-08": {
            "month": "2007-08",
            "price": "10.90",
            "revenue": 815418
        },
        "2007-09": {
            "month": "2007-09",
            "price": "11.35",
            "revenue": 669797
        },
        "2007-10": {
            "month": "2007-10",
            "price": "11.12",
            "revenue": 724681
        },
        "2007-11": {
            "month": "2007-11",
            "price": "8.19",
            "revenue": 927904
        },
        "2007-12": {
            "month": "2007-12",
            "price": "7.64",
            "revenue": 823034
        },
        "2008-01": {
            "month": "2008-01",
            "price": "8.61",
            "revenue": 664864
        },
        "2008-02": {
            "month": "2008-02",
            "price": "9.24",
            "revenue": 665477
        },
        "2008-03": {
            "month": "2008-03",
            "price": "10.40",
            "revenue": 773877
        },
        "2008-04": {
            "month": "2008-04",
            "price": "10.52",
            "revenue": 708295
        },
        "2008-05": {
            "month": "2008-05",
            "price": "10.35",
            "revenue": 685725
        },
        "2008-06": {
            "month": "2008-06",
            "price": "8.52",
            "revenue": 786684
        },
        "2008-07": {
            "month": "2008-07",
            "price": "6.93",
            "revenue": 613806
        },
        "2008-08": {
            "month": "2008-08",
            "price": "6.41",
            "revenue": 493702
        },
        "2008-09": {
            "month": "2008-09",
            "price": "4.65",
            "revenue": 549016
        },
        "2008-10": {
            "month": "2008-10",
            "price": "3.67",
            "revenue": 554787
        },
        "2008-11": {
            "month": "2008-11",
            "price": "3.93",
            "revenue": 375494
        },
        "2008-12": {
            "month": "2008-12",
            "price": "4.07",
            "revenue": 696225
        },
        "2009-01": {
            "month": "2009-01",
            "price": "4.02",
            "revenue": 365030
        },
        "2009-02": {
            "month": "2009-02",
            "price": "3.91",
            "revenue": 502774
        },
        "2009-03": {
            "month": "2009-03",
            "price": "4.11",
            "revenue": 608158
        },
        "2009-04": {
            "month": "2009-04",
            "price": "4.86",
            "revenue": 666751
        },
        "2009-05": {
            "month": "2009-05",
            "price": "5.27",
            "revenue": 536490
        },
        "2009-06": {
            "month": "2009-06",
            "price": "4.96",
            "revenue": 791106
        },
        "2009-07": {
            "month": "2009-07",
            "price": "5.42",
            "revenue": 557858
        },
        "2009-08": {
            "month": "2009-08",
            "price": "5.94",
            "revenue": 607985
        },
        "2009-09": {
            "month": "2009-09",
            "price": "6.24",
            "revenue": 606038
        },
        "2009-10": {
            "month": "2009-10",
            "price": "6.99",
            "revenue": 624571
        },
        "2009-11": {
            "month": "2009-11",
            "price": "7.15",
            "revenue": 604719
        },
        "2009-12": {
            "month": "2009-12",
            "price": "7.74",
            "revenue": 1125703
        },
        "2010-01": {
            "month": "2010-01",
            "price": "8.89",
            "revenue": 637498
        },
        "2010-02": {
            "month": "2010-02",
            "price": "8.08",
            "revenue": 693169
        },
        "2010-03": {
            "month": "2010-03",
            "price": "9.89",
            "revenue": 883358
        },
        "2010-04": {
            "month": "2010-04",
            "price": "10.95",
            "revenue": 841554
        },
        "2010-05": {
            "month": "2010-05",
            "price": "11.89",
            "revenue": 781801
        },
        "2010-06": {
            "month": "2010-06",
            "price": "11.79",
            "revenue": 880908
        },
        "2010-07": {
            "month": "2010-07",
            "price": "12.16",
            "revenue": 922245
        },
        "2010-08": {
            "month": "2010-08",
            "price": "14.42",
            "revenue": 835421
        },
        "2010-09": {
            "month": "2010-09",
            "price": "15.91",
            "revenue": 810612
        },
        "2010-10": {
            "month": "2010-10",
            "price": "18.04",
            "revenue": 787642
        },
        "2010-11": {
            "month": "2010-11",
            "price": "16.68",
            "revenue": 920413
        },
        "2010-12": {
            "month": "2010-12",
            "price": "16.65",
            "revenue": 1087672
        },
        "2011-01": {
            "month": "2011-01",
            "price": "17.20",
            "revenue": 1257716
        },
        "2011-02": {
            "month": "2011-02",
            "price": "17.20",
            "revenue": 836337
        },
        "2011-03": {
            "month": "2011-03",
            "price": "15.66",
            "revenue": 1514829
        },
        "2011-04": {
            "month": "2011-04",
            "price": "16.83",
            "revenue": 1079680
        },
        "2011-05": {
            "month": "2011-05",
            "price": "16.60",
            "revenue": 942549
        },
        "2011-06": {
            "month": "2011-06",
            "price": "15.70",
            "revenue": 1117985
        },
        "2011-07": {
            "month": "2011-07",
            "price": "16.24",
            "revenue": 1040851
        },
        "2011-08": {
            "month": "2011-08",
            "price": "14.03",
            "revenue": 1237648
        },
        "2011-09": {
            "month": "2011-09",
            "price": "11.99",
            "revenue": 1368936
        },
        "2011-10": {
            "month": "2011-10",
            "price": "10.96",
            "revenue": 921170
        },
        "2011-11": {
            "month": "2011-11",
            "price": "10.53",
            "revenue": 842013
        },
        "2011-12": {
            "month": "2011-12",
            "price": "9.73",
            "revenue": 1051558
        },
        "2012-01": {
            "month": "2012-01",
            "price": "11.20",
            "revenue": 911353
        },
        "2012-02": {
            "month": "2012-02",
            "price": "12.68",
            "revenue": 1181482
        },
        "2012-03": {
            "month": "2012-03",
            "price": "12.77",
            "revenue": 1205082
        },
        "2012-04": {
            "month": "2012-04",
            "price": "10.93",
            "revenue": 1069027
        },
        "2012-05": {
            "month": "2012-05",
            "price": "11.17",
            "revenue": 1034674
        },
        "2012-06": {
            "month": "2012-06",
            "price": "10.67",
            "revenue": 859185
        },
        "2012-07": {
            "month": "2012-07",
            "price": "10.64",
            "revenue": 1060633
        },
        "2012-08": {
            "month": "2012-08",
            "price": "10.60",
            "revenue": 965490
        },
        "2012-09": {
            "month": "2012-09",
            "price": "11.26",
            "revenue": 3042495
        },
        "2012-10": {
            "month": "2012-10",
            "price": "11.14",
            "revenue": 930523
        },
        "2012-11": {
            "month": "2012-11",
            "price": "10.30",
            "revenue": 839185
        },
        "2012-12": {
            "month": "2012-12",
            "price": "11.01",
            "revenue": 1001138
        },
        "2013-01": {
            "month": "2013-01",
            "price": "11.17",
            "revenue": 1087028
        },
        "2013-02": {
            "month": "2013-02",
            "price": "11.11",
            "revenue": 770054
        },
        "2013-03": {
            "month": "2013-03",
            "price": "10.66",
            "revenue": 959672
        },
        "2013-04": {
            "month": "2013-04",
            "price": "10.31",
            "revenue": 1074983
        },
        "2013-05": {
            "month": "2013-05",
            "price": "10.68",
            "revenue": 1056945
        },
        "2013-06": {
            "month": "2013-06",
            "price": "10.88",
            "revenue": 1123078
        },
        "2013-07": {
            "month": "2013-07",
            "price": "10.85",
            "revenue": 1150264
        },
        "2013-08": {
            "month": "2013-08",
            "price": "10.28",
            "revenue": 1071545
        },
        "2013-09": {
            "month": "2013-09",
            "price": "10.40",
            "revenue": 1114805
        },
        "2013-10": {
            "month": "2013-10",
            "price": "10.98",
            "revenue": 968808
        },
        "2013-11": {
            "month": "2013-11",
            "price": "10.65",
            "revenue": 1015071
        },
        "2013-12": {
            "month": "2013-12",
            "price": "10.84",
            "revenue": 975476
        },
        "2014-01": {
            "month": "2014-01",
            "price": "10.98",
            "revenue": 890324
        },
        "2014-02": {
            "month": "2014-02",
            "price": "10.89",
            "revenue": 853951
        },
        "2014-03": {
            "month": "2014-03",
            "price": "10.76",
            "revenue": 999272
        },
        "2014-04": {
            "month": "2014-04",
            "price": "10.85",
            "revenue": 1020412
        },
        "2014-05": {
            "month": "2014-05",
            "price": "10.72",
            "revenue": 1021219
        },
        "2014-06": {
            "month": "2014-06",
            "price": "10.64",
            "revenue": 1062698
        },
        "2014-07": {
            "month": "2014-07",
            "price": "10.62",
            "revenue": 923713
        },
        "2014-08": {
            "month": "2014-08",
            "price": "9.61",
            "revenue": 934376
        },
        "2014-09": {
            "month": "2014-09",
            "price": "9.31",
            "revenue": 947691
        },
        "2014-10": {
            "month": "2014-10",
            "price": "8.86",
            "revenue": 977940
        },
        "2014-11": {
            "month": "2014-11",
            "price": "8.56",
            "revenue": 966469
        },
        "2014-12": {
            "month": "2014-12",
            "price": "8.73",
            "revenue": 934854
        },
        "2015-01": {
            "month": "2015-01",
            "price": "9.20",
            "revenue": 905468
        },
        "2015-02": {
            "month": "2015-02",
            "price": "9.41",
            "revenue": 883230
        },
        "2015-03": {
            "month": "2015-03",
            "price": "9.33",
            "revenue": 971263
        },
        "2015-04": {
            "month": "2015-04",
            "price": "10.02",
            "revenue": 939196
        },
        "2015-05": {
            "month": "2015-05",
            "price": "10.54",
            "revenue": 919631
        },
        "2015-06": {
            "month": "2015-06",
            "price": "10.28",
            "revenue": 816080
        },
        "2015-07": {
            "month": "2015-07",
            "price": "9.23",
            "revenue": 830668
        },
        "2015-08": {
            "month": "2015-08",
            "price": "8.45",
            "revenue": 792043
        },
        "2015-09": {
            "month": "2015-09",
            "price": "8.63",
            "revenue": 828452
        },
        "2015-10": {
            "month": "2015-10",
            "price": "9.23",
            "revenue": 858652
        },
        "2015-11": {
            "month": "2015-11",
            "price": "9.19",
            "revenue": 814150
        },
        "2015-12": {
            "month": "2015-12",
            "price": "9.06",
            "revenue": 849898
        },
        "2016-01": {
            "month": "2016-01",
            "price": "8.93",
            "revenue": 744894
        },
        "2016-02": {
            "month": "2016-02",
            "price": "9.11",
            "revenue": 722265
        },
        "2016-03": {
            "month": "2016-03",
            "price": "9.69",
            "revenue": 940354
        },
        "2016-04": {
            "month": "2016-04",
            "price": "9.21",
            "revenue": 850514
        },
        "2016-05": {
            "month": "2016-05",
            "price": "8.95",
            "revenue": 836679
        },
        "2016-06": {
            "month": "2016-06",
            "price": "8.75",
            "revenue": 754939
        },
        "2016-07": {
            "month": "2016-07",
            "price": "8.44",
            "revenue": 783448
        },
        "2016-08": {
            "month": "2016-08",
            "price": "8.55",
            "revenue": 765388
        },
        "2016-09": {
            "month": "2016-09",
            "price": "8.53",
            "revenue": 735091
        },
        "2016-10": {
            "month": "2016-10",
            "price": "8.28",
            "revenue": 752813
        },
        "2016-11": {
            "month": "2016-11",
            "price": "7.83",
            "revenue": 831288
        },
        "2016-12": {
            "month": "2016-12",
            "price": "8.33",
            "revenue": 895069
        },
        "2017-01": {
            "month": "2017-01",
            "price": "8.32",
            "revenue": 669770
        },
        "2017-02": {
            "month": "2017-02",
            "price": "8.71",
            "revenue": 809977
        },
        "2017-03": {
            "month": "2017-03",
            "price": "8.42",
            "revenue": 966335
        },
        "2017-04": {
            "month": "2017-04",
            "price": "8.35",
            "revenue": 770987
        },
        "2017-05": {
            "month": "2017-05",
            "price": "7.79",
            "revenue": 976668
        },
        "2017-06": {
            "month": "2017-06",
            "price": "7.88",
            "revenue": 1020101
        },
        "2017-07": {
            "month": "2017-07",
            "price": "10.02",
            "revenue": 911816
        },
        "2017-08": {
            "month": "2017-08",
            "price": "10.60",
            "revenue": 1053974
        },
        "2017-09": {
            "month": "2017-09",
            "price": "10.78",
            "revenue": 1018848
        },
        "2017-10": {
            "month": "2017-10",
            "price": "11.10",
            "revenue": 976785
        },
        "2017-11": {
            "month": "2017-11",
            "price": "11.02",
            "revenue": 1000540
        },
        "2017-12": {
            "month": "2017-12",
            "price": "11.55",
            "revenue": 928783
        },
        "2018-01": {
            "month": "2018-01",
            "price": "12.33",
            "revenue": 1056385
        },
        "2018-02": {
            "month": "2018-02",
            "price": "11.10",
            "revenue": 675589
        },
        "2018-03": {
            "month": "2018-03",
            "price": "11.10",
            "revenue": 1224829
        },
        "2018-04": {
            "month": "2018-04",
            "price": "11.27",
            "revenue": 1043306
        },
        "2018-05": {
            "month": "2018-05",
            "price": "11.43",
            "revenue": 1148778
        },
        "2018-06": {
            "month": "2018-06",
            "price": "11.20",
            "revenue": 943191
        },
        "2018-07": {
            "month": "2018-07",
            "price": "10.10",
            "revenue": 1150374
        },
        "2018-08": {
            "month": "2018-08",
            "price": "10.68",
            "revenue": 1135244
        },
        "2018-09": {
            "month": "2018-09",
            "price": "11.03",
            "revenue": 1014598
        },
        "2018-10": {
            "month": "2018-10",
            "price": "10.11",
            "revenue": 1196462
        },
        "2018-11": {
            "month": "2018-11",
            "price": "9.80",
            "revenue": 1186633
        },
        "2018-12": {
            "month": "2018-12",
            "price": "10.12",
            "revenue": 1106677
        },
        "2019-01": {
            "month": "2019-01",
            "price": "9.89",
            "revenue": 1185284
        },
        "2019-02": {
            "month": "2019-02",
            "price": "9.80",
            "revenue": 887659
        },
        "2019-03": {
            "month": "2019-03",
            "price": "10.00",
            "revenue": 1114135
        },
        "2019-04": {
            "month": "2019-04",
            "price": "10.08",
            "revenue": 1020252
        },
        "2019-05": {
            "month": "2019-05",
            "price": "9.80",
            "revenue": 1164734
        },
        "2019-06": {
            "month": "2019-06",
            "price": "9.98",
            "revenue": 885585
        },
        "2019-07": {
            "month": "2019-07",
            "price": "9.51",
            "revenue": 987427
        },
        "2019-08": {
            "month": "2019-08",
            "price": "8.99",
            "revenue": 1060625
        },
        "2019-09": {
            "month": "2019-09",
            "price": "9.22",
            "revenue": 990231
        },
        "2019-10": {
            "month": "2019-10",
            "price": "9.41",
            "revenue": 972078
        },
        "2019-11": {
            "month": "2019-11",
            "price": "9.43",
            "revenue": 769946
        },
        "2019-12": {
            "month": "2019-12",
            "price": "9.39",
            "revenue": 970164
        },
        "2020-01": {
            "month": "2020-01",
            "price": "9.35",
            "revenue": 744969
        },
        "2020-02": {
            "month": "2020-02",
            "price": "9.11",
            "revenue": 810705
        },
        "2020-03": {
            "month": "2020-03",
            "price": "7.38",
            "revenue": 888025
        },
        "2020-04": {
            "month": "2020-04",
            "price": "6.92",
            "revenue": 613571
        },
        "2020-05": {
            "month": "2020-05",
            "price": "6.92",
            "revenue": 463133
        },
        "2020-06": {
            "month": "2020-06",
            "price": "7.52",
            "revenue": 590953
        },
        "2020-07": {
            "month": "2020-07",
            "price": "7.30",
            "revenue": 601444
        },
        "2020-08": {
            "month": "2020-08",
            "price": "9.90",
            "revenue": 696679
        },
        "2020-09": {
            "month": "2020-09",
            "price": "10.75",
            "revenue": 652937
        },
        "2020-10": {
            "month": "2020-10",
            "price": "13.84",
            "revenue": 713503
        },
        "2020-11": {
            "month": "2020-11",
            "price": "12.68",
            "revenue": 786572
        },
        "2020-12": {
            "month": "2020-12",
            "price": "12.65",
            "revenue": 811117
        },
        "2021-01": {
            "month": "2021-01",
            "price": "11.85",
            "revenue": 749992
        },
        "2021-02": {
            "month": "2021-02",
            "price": "11.88",
            "revenue": 634910
        },
        "2021-03": {
            "month": "2021-03",
            "price": "11.92",
            "revenue": 817402
        },
        "2021-04": {
            "month": "2021-04",
            "price": "13.61",
            "revenue": 771799
        },
        "2021-05": {
            "month": "2021-05",
            "price": "12.74",
            "revenue": 849439
        },
        "2021-06": {
            "month": "2021-06",
            "price": "12.65",
            "revenue": 978966
        },
        "2021-07": {
            "month": "2021-07",
            "price": "12.43",
            "revenue": 1083349
        },
        "2021-08": {
            "month": "2021-08",
            "price": "11.16",
            "revenue": 1017562
        },
        "2021-09": {
            "month": "2021-09",
            "price": "11.26",
            "revenue": 965384
        },
        "2021-10": {
            "month": "2021-10",
            "price": "11.20",
            "revenue": 891412
        },
        "2021-11": {
            "month": "2021-11",
            "price": "11.54",
            "revenue": 874440
        },
        "2021-12": {
            "month": "2021-12",
            "price": "11.10",
            "revenue": 1243528
        },
        "2022-01": {
            "month": "2022-01",
            "price": "10.83",
            "revenue": 1047806
        },
        "2022-02": {
            "month": "2022-02",
            "price": "10.93",
            "revenue": 812838
        },
        "2022-03": {
            "month": "2022-03",
            "price": "10.46",
            "revenue": 1039640
        },
        "2022-04": {
            "month": "2022-04",
            "price": "11.06",
            "revenue": 1448814
        },
        "2022-05": {
            "month": "2022-05",
            "price": "10.55",
            "revenue": 1111613
        },
        "2022-06": {
            "month": "2022-06",
            "price": "10.57",
            "revenue": 1159040
        },
        "2022-07": {
            "month": "2022-07",
            "price": "10.21",
            "revenue": 1124306
        },
        "2022-08": {
            "month": "2022-08",
            "price": "10.94",
            "revenue": 1110060
        },
        "2022-09": {
            "month": "2022-09",
            "price": "11.33",
            "revenue": 1056962
        },
        "2022-10": {
            "month": "2022-10",
            "price": "10.39",
            "revenue": 853767
        },
        "2022-11": {
            "month": "2022-11",
            "price": "10.52",
            "revenue": 820065
        },
        "2022-12": {
            "month": "2022-12",
            "price": "10.40",
            "revenue": 651881
        },
        "2023-01": {
            "month": "2023-01",
            "price": "10.36",
            "revenue": 712724
        },
        "2023-02": {
            "month": "2023-02",
            "price": "10.48",
            "revenue": 691151
        },
        "2023-03": {
            "month": "2023-03",
            "price": "10.49",
            "revenue": 851855
        },
        "2023-04": {
            "month": "2023-04",
            "price": "10.71",
            "revenue": 713850
        },
        "2023-05": {
            "month": "2023-05",
            "price": "10.59",
            "revenue": 816251
        }
    }
}
