{
    "summary": {
        "stock_name": "大宇",
        "stock_id": "1445",
        "category": "紡織纖維",
        "main_business": "各種紡織品之製造,加工染整及營銷<br>有關前項有關原料,材料及成品之進出口貿易業務<br>委託營造廠商興建商業大樓,國民住宅之出租出售事業",
        "website_url": "http://www.utc.tw",
        "ceo": "楊任凱",
        "pe_ratio": 42,
        "report_year_from": 2001,
        "report_year_to": 2023,
        "age": 22,
        "eps_negative_percentage": 43,
        "eps_growth_avg": {
            "last_all": -7.37,
            "last_2y": null,
            "last_4y": -100,
            "last_8y": -33.62,
            "last_12y": -5.74,
            "last_16y": 1.89,
            "last_20y": -7.37,
            "at_2006_last_3y": null,
            "at_2007_last_3y": null,
            "at_2008_last_3y": null,
            "at_2009_last_3y": 70.59,
            "at_2010_last_3y": 85.29,
            "at_2011_last_3y": 54.78,
            "at_2012_last_3y": 21.75,
            "at_2013_last_3y": 29.1,
            "at_2014_last_3y": -9.96,
            "at_2015_last_3y": 16.6,
            "at_2016_last_3y": 28.63,
            "at_2017_last_3y": -17.02,
            "at_2018_last_3y": -27.96,
            "at_2019_last_3y": -70.61,
            "at_2020_last_3y": -91.3,
            "at_2021_last_3y": -100,
            "at_2022_last_3y": null,
            "at_2023_last_3y": null,
            "at_2006_last_all": -100,
            "at_2007_last_all": -100,
            "at_2008_last_all": -100,
            "at_2009_last_all": -14.71,
            "at_2010_last_all": 23.53,
            "at_2011_last_all": 16.08,
            "at_2012_last_all": -2.6,
            "at_2013_last_all": 14.5,
            "at_2014_last_all": 4.39,
            "at_2015_last_all": 16.34,
            "at_2016_last_all": 11.28,
            "at_2017_last_all": 1.89,
            "at_2018_last_all": -7.37,
            "at_2019_last_all": -7.37,
            "at_2020_last_all": -7.37,
            "at_2021_last_all": -7.37,
            "at_2022_last_all": -7.37,
            "at_2023_last_all": -7.37
        },
        "latest_eps": 0.5,
        "latest_price": 20.8,
        "latest_roe": 3.94,
        "latest_gross_margin": 16.12,
        "latest_equity": 1724636,
        "latest_revenue": 353787,
        "latest_gross_profit": 57030,
        "latest_net_income": 13975,
        "latest_debt_ratio": 20.9,
        "latest_current_ratio": 365.01,
        "latest_account_receivable_turnover_ratio": 1.74,
        "latest_inventory_turnover_ratio": 0.72,
        "latest_reinvestment_rate": null,
        "latest_research_to_sale_ratio": 1
    },
    "eps_dividends": {
        "1991": {
            "cash": 0,
            "stock": 2,
            "eps": 0
        },
        "1992": {
            "cash": 0,
            "stock": 2,
            "eps": 0
        },
        "1993": {
            "cash": 0,
            "stock": 2,
            "eps": 0
        },
        "1994": {
            "cash": 0,
            "stock": 2,
            "eps": 0
        },
        "1995": {
            "cash": 0,
            "stock": 2,
            "eps": 0
        },
        "1996": {
            "cash": 0,
            "stock": 1.6,
            "eps": 0
        },
        "1997": {
            "cash": 0,
            "stock": 1,
            "eps": 0
        },
        "1998": {
            "cash": 0,
            "stock": 1.6,
            "eps": 0
        },
        "1999": {
            "cash": 0,
            "stock": 1.5,
            "eps": 0
        },
        "2001": {
            "cash": 0,
            "stock": 0,
            "eps": 0.24
        },
        "2002": {
            "cash": 0.3,
            "stock": 0,
            "eps": -0.34
        },
        "2003": {
            "cash": 0,
            "stock": 0.5,
            "eps": -0.34
        },
        "2004": {
            "cash": 0,
            "stock": 0,
            "eps": -0.68
        },
        "2005": {
            "cash": 0,
            "stock": 0,
            "eps": -0.25
        },
        "2006": {
            "cash": 0,
            "stock": 0,
            "eps": -0.1
        },
        "2007": {
            "cash": 0,
            "stock": 0,
            "eps": -0.2
        },
        "2008": {
            "cash": 0.4,
            "stock": 0,
            "eps": 0.17
        },
        "2009": {
            "cash": 0.21,
            "stock": 0,
            "eps": 0.29
        },
        "2010": {
            "cash": 0.2,
            "stock": 0,
            "eps": 0.8
        },
        "2011": {
            "cash": 1,
            "stock": 0,
            "eps": 0.75
        },
        "2012": {
            "cash": 0,
            "stock": 0,
            "eps": 0.17
        },
        "2013": {
            "cash": 0.3,
            "stock": 0,
            "eps": 0.48
        },
        "2014": {
            "cash": 0.5,
            "stock": 0,
            "eps": 0.21
        },
        "2015": {
            "cash": 0.3,
            "stock": 0,
            "eps": 0.65
        },
        "2016": {
            "cash": 0.5,
            "stock": 0,
            "eps": 0.46
        },
        "2017": {
            "cash": 0.3,
            "stock": 0,
            "eps": 0.08
        },
        "2018": {
            "cash": 0.2,
            "stock": 0,
            "eps": -0.18
        },
        "2019": {
            "cash": 0.2,
            "stock": 0,
            "eps": -0.3
        },
        "2020": {
            "cash": 0.2,
            "stock": 0,
            "eps": -0.44
        },
        "2021": {
            "cash": 0.2,
            "stock": 0,
            "eps": -0.19
        },
        "2022": {
            "cash": 0,
            "stock": 0,
            "eps": 0.09
        },
        "2023": {
            "cash": 0.1,
            "stock": 0,
            "eps": 0.23
        }
    },
    "dividends": {
        "1991-04-29": {
            "cash": 0,
            "stock": 2
        },
        "1992-04-15": {
            "cash": 0,
            "stock": 2
        },
        "1993-05-22": {
            "cash": 0,
            "stock": 2
        },
        "1994-05-24": {
            "cash": 0,
            "stock": 2
        },
        "1995-05-13": {
            "cash": 0,
            "stock": 2
        },
        "1996-05-25": {
            "cash": 0,
            "stock": 1.6
        },
        "1997-06-13": {
            "cash": 0,
            "stock": 1
        },
        "1998-05-27": {
            "cash": 0,
            "stock": 1.6
        },
        "1999-06-03": {
            "cash": 0,
            "stock": 1.5
        },
        "2002-06-06": {
            "cash": 0.3,
            "stock": 0
        },
        "2003-06-18": {
            "cash": 0,
            "stock": 0.5
        },
        "2008-03-25": {
            "cash": 0.4,
            "stock": 0
        },
        "2009-03-24": {
            "cash": 0.21,
            "stock": 0
        },
        "2010-03-23": {
            "cash": 0.2,
            "stock": 0
        },
        "2011-01-01": {
            "cash": 0.5,
            "stock": 0
        },
        "2011-03-22": {
            "cash": 0.5,
            "stock": 0
        },
        "2013-03-20": {
            "cash": 0.3,
            "stock": 0
        },
        "2014-06-06": {
            "cash": 0.5,
            "stock": 0
        },
        "2015-08-12": {
            "cash": 0.3,
            "stock": 0
        },
        "2016-08-12": {
            "cash": 0.5,
            "stock": 0
        },
        "2017-08-11": {
            "cash": 0.3,
            "stock": 0
        },
        "2018-09-20": {
            "cash": 0.2,
            "stock": 0
        },
        "2019-09-12": {
            "cash": 0.2,
            "stock": 0
        },
        "2020-09-11": {
            "cash": 0.2,
            "stock": 0
        },
        "2021-09-28": {
            "cash": 0.2,
            "stock": 0
        },
        "2023-06-30": {
            "cash": 0.1,
            "stock": 0
        }
    },
    "prices": {
        "200101": "6.47",
        "200102": "5.89",
        "200103": "5.62",
        "200104": "6.00",
        "200105": "5.52",
        "200106": "5.32",
        "200107": "4.67",
        "200108": "4.86",
        "200109": "5.96",
        "200110": "4.67",
        "200111": "4.55",
        "200112": "5.76",
        "200201": "5.80",
        "200202": "5.66",
        "200203": "6.87",
        "200204": "7.16",
        "200205": "6.29",
        "200206": "6.35",
        "200207": "5.99",
        "200208": "5.32",
        "200209": "4.81",
        "200210": "5.06",
        "200211": "4.94",
        "200212": "5.22",
        "200301": "5.94",
        "200302": "5.60",
        "200303": "5.02",
        "200304": "4.87",
        "200305": "4.52",
        "200306": "5.02",
        "200307": "5.24",
        "200308": "5.10",
        "200309": "4.71",
        "200310": "5.01",
        "200311": "5.30",
        "200312": "5.16",
        "200401": "5.50",
        "200402": "6.94",
        "200403": "6.78",
        "200404": "7.55",
        "200405": "5.78",
        "200406": "5.60",
        "200407": "5.09",
        "200408": "4.89",
        "200409": "5.35",
        "200410": "5.12",
        "200411": "4.89",
        "200412": "5.00",
        "200501": "5.23",
        "200502": "4.94",
        "200503": "4.61",
        "200504": "3.86",
        "200505": "4.03",
        "200506": "4.58",
        "200507": "4.24",
        "200508": "3.88",
        "200509": "3.78",
        "200510": "3.81",
        "200511": "3.69",
        "200512": "3.79",
        "200601": "3.94",
        "200602": "3.89",
        "200603": "3.58",
        "200604": "3.56",
        "200605": "4.19",
        "200606": "3.89",
        "200607": "4.01",
        "200608": "3.81",
        "200609": "3.75",
        "200610": "4.01",
        "200611": "4.18",
        "200612": "5.30",
        "200701": "5.14",
        "200702": "4.75",
        "200703": "4.63",
        "200704": "5.34",
        "200705": "4.98",
        "200706": "5.25",
        "200707": "6.99",
        "200708": "7.39",
        "200709": "9.16",
        "200710": "8.86",
        "200711": "7.43",
        "200712": "7.27",
        "200801": "6.39",
        "200802": "6.69",
        "200803": "6.99",
        "200804": "7.60",
        "200805": "7.35",
        "200806": "6.88",
        "200807": "5.96",
        "200808": "6.38",
        "200809": "6.41",
        "200810": "5.35",
        "200811": "5.04",
        "200812": "4.74",
        "200901": "4.34",
        "200902": "4.54",
        "200903": "5.46",
        "200904": "6.98",
        "200905": "7.08",
        "200906": "6.29",
        "200907": "6.05",
        "200908": "6.19",
        "200909": "6.51",
        "200910": "6.90",
        "200911": "6.97",
        "200912": "7.84",
        "201001": "8.46",
        "201002": "7.57",
        "201003": "8.01",
        "201004": "8.56",
        "201005": "8.27",
        "201006": "8.24",
        "201007": "8.40",
        "201008": "9.18",
        "201009": "8.82",
        "201010": "9.42",
        "201011": "9.80",
        "201012": "9.46",
        "201101": "9.76",
        "201102": "9.46",
        "201103": "8.89",
        "201104": "9.23",
        "201105": "9.41",
        "201106": "8.89",
        "201107": "8.70",
        "201108": "7.74",
        "201109": "7.94",
        "201110": "7.88",
        "201111": "7.82",
        "201112": "7.16",
        "201201": "7.27",
        "201202": "7.81",
        "201203": "7.90",
        "201204": "7.65",
        "201205": "7.35",
        "201206": "7.24",
        "201207": "7.06",
        "201208": "6.97",
        "201209": "7.27",
        "201210": "7.15",
        "201211": "6.84",
        "201212": "7.14",
        "201301": "7.17",
        "201302": "7.08",
        "201303": "7.12",
        "201304": "7.11",
        "201305": "7.28",
        "201306": "7.70",
        "201307": "7.62",
        "201308": "7.82",
        "201309": "7.85",
        "201310": "8.43",
        "201311": "8.18",
        "201312": "9.09",
        "201401": "10.65",
        "201402": "10.60",
        "201403": "10.44",
        "201404": "10.26",
        "201405": "10.17",
        "201406": "9.97",
        "201407": "9.76",
        "201408": "9.37",
        "201409": "9.28",
        "201410": "9.03",
        "201411": "8.88",
        "201412": "8.95",
        "201501": "9.04",
        "201502": "9.04",
        "201503": "9.12",
        "201504": "9.90",
        "201505": "10.47",
        "201506": "10.76",
        "201507": "10.00",
        "201508": "9.44",
        "201509": "9.55",
        "201510": "9.87",
        "201511": "9.51",
        "201512": "9.18",
        "201601": "8.95",
        "201602": "9.04",
        "201603": "9.43",
        "201604": "9.39",
        "201605": "9.41",
        "201606": "9.61",
        "201607": "9.82",
        "201608": "9.79",
        "201609": "9.45",
        "201610": "9.24",
        "201611": "9.06",
        "201612": "9.22",
        "201701": "8.97",
        "201702": "9.31",
        "201703": "9.24",
        "201704": "9.06",
        "201705": "8.90",
        "201706": "8.80",
        "201707": "8.57",
        "201708": "8.42",
        "201709": "8.50",
        "201710": "8.50",
        "201711": "8.49",
        "201712": "8.34",
        "201801": "8.47",
        "201802": "8.33",
        "201803": "8.41",
        "201804": "8.40",
        "201805": "8.29",
        "201806": "8.18",
        "201807": "8.09",
        "201808": "8.01",
        "201809": "7.92",
        "201810": "7.51",
        "201811": "7.90",
        "201812": "8.03",
        "201901": "7.83",
        "201902": "7.85",
        "201903": "7.84",
        "201904": "7.72",
        "201905": "7.58",
        "201906": "7.65",
        "201907": "7.55",
        "201908": "7.37",
        "201909": "7.08",
        "201910": "7.02",
        "201911": "7.01",
        "201912": "7.04",
        "202001": "7.23",
        "202002": "7.18",
        "202003": "6.71",
        "202004": "7.40",
        "202005": "8.43",
        "202006": "8.93",
        "202007": "8.78",
        "202008": "8.69",
        "202009": "9.28",
        "202010": "9.73",
        "202011": "10.98",
        "202012": "11.15",
        "202101": "11.53",
        "202102": "12.94",
        "202103": "13.08",
        "202104": "13.36",
        "202105": "12.32",
        "202106": "12.10",
        "202107": "12.21",
        "202108": "11.96",
        "202109": "12.08",
        "202110": "12.99",
        "202111": "14.92",
        "202112": "15.50",
        "202201": "15.45",
        "202202": "16.18",
        "202203": "15.94",
        "202204": "15.20",
        "202205": "14.88",
        "202206": "15.39",
        "202207": "15.32",
        "202208": "15.49",
        "202209": "15.72",
        "202210": "16.05",
        "202211": "16.15",
        "202212": "16.07",
        "202301": "16.05",
        "202302": "15.95",
        "202303": "16.10",
        "202304": "18.93",
        "202305": "20.41",
        "202306": "20.78",
        "202307": "19.01",
        "202308": "20.07",
        "202309": "20.77"
    },
    "quarters": {
        "20011": {
            "year_quarter": 20011,
            "year": 2001,
            "quarter": 1,
            "eps": -0.02,
            "eps_growth_year": -166.67,
            "eps_4q": 0.18,
            "eps_4q_growth_year": -70.32,
            "roe": -0.19,
            "roe_4q": -0.19,
            "gross_profit": 63087,
            "gross_margin": 11.01,
            "gross_margin_4q_avg": 11.01,
            "net_income": -4374,
            "revenue": 572804,
            "common_shares": 1952170,
            "book_valuer_per_share": 11.48,
            "book_valuer_per_share_4q_avg": 11.48,
            "equity": 2240995,
            "current_ratio": 181.27,
            "debt_ratio": 37.4,
            "inventory_turnover_ratio": 1.13,
            "account_receivable_turnover_ratio": null,
            "reinvestment_rate": null,
            "research_to_sale_ratio": null,
            "price_fair": 0,
            "eps_avg_yearly": 0,
            "eps_latest_yearly": 0,
            "eps_growth_yearly": 0
        },
        "20012": {
            "year_quarter": 20012,
            "year": 2001,
            "quarter": 2,
            "eps": 0.06,
            "eps_growth_year": -14.29,
            "eps_4q": 0.2,
            "eps_4q_growth_year": -30.06,
            "roe": 0.53,
            "roe_4q": 0.34,
            "gross_profit": 114918,
            "gross_margin": 16.63,
            "gross_margin_4q_avg": 13.82,
            "net_income": 11798,
            "revenue": 690997,
            "common_shares": 1864420,
            "book_valuer_per_share": 11.82,
            "book_valuer_per_share_4q_avg": 11.65,
            "equity": 2204017,
            "current_ratio": 166.12,
            "debt_ratio": 38.98,
            "inventory_turnover_ratio": 1.3,
            "account_receivable_turnover_ratio": null,
            "reinvestment_rate": null,
            "research_to_sale_ratio": null,
            "price_fair": 0,
            "eps_avg_yearly": 0,
            "eps_latest_yearly": 0,
            "eps_growth_yearly": 0
        },
        "20013": {
            "year_quarter": 20013,
            "year": 2001,
            "quarter": 3,
            "eps": 0.15,
            "eps_growth_year": 275,
            "eps_4q": 0.32,
            "eps_4q_growth_year": 81.67,
            "roe": 1.24,
            "roe_4q": 1.58,
            "gross_profit": 112827,
            "gross_margin": 15.9,
            "gross_margin_4q_avg": 14.51,
            "net_income": 27196,
            "revenue": 709481,
            "common_shares": 1780010,
            "book_valuer_per_share": 12.3,
            "book_valuer_per_share_4q_avg": 11.87,
            "equity": 2188946,
            "current_ratio": 177.12,
            "debt_ratio": 37.76,
            "inventory_turnover_ratio": 1.44,
            "account_receivable_turnover_ratio": null,
            "reinvestment_rate": null,
            "research_to_sale_ratio": null,
            "price_fair": 0,
            "eps_avg_yearly": 0,
            "eps_latest_yearly": 0,
            "eps_growth_yearly": 0
        },
        "20014": {
            "year_quarter": 20014,
            "year": 2001,
            "quarter": 4,
            "eps": 0.05,
            "eps_growth_year": -58.33,
            "eps_4q": 0.24,
            "eps_4q_growth_year": -10.33,
            "roe": 0.42,
            "roe_4q": 2,
            "gross_profit": 78844,
            "gross_margin": 14.92,
            "gross_margin_4q_avg": 14.62,
            "net_income": 9162,
            "revenue": 528545,
            "common_shares": 1780010,
            "book_valuer_per_share": 12.18,
            "book_valuer_per_share_4q_avg": 11.95,
            "equity": 2167264,
            "current_ratio": 176.5,
            "debt_ratio": 34.59,
            "inventory_turnover_ratio": 1.11,
            "account_receivable_turnover_ratio": null,
            "reinvestment_rate": null,
            "research_to_sale_ratio": null,
            "price_fair": 0,
            "eps_avg_yearly": 0,
            "eps_latest_yearly": 0,
            "eps_growth_yearly": 0
        },
        "20021": {
            "year_quarter": 20021,
            "year": 2002,
            "quarter": 1,
            "eps": 0.01,
            "eps_growth_year": null,
            "eps_4q": 0.3,
            "eps_4q_growth_year": 61.22,
            "roe": 0.08,
            "roe_4q": 2.27,
            "gross_profit": 46758,
            "gross_margin": 9.89,
            "gross_margin_4q_avg": 14.34,
            "net_income": 1678,
            "revenue": 472561,
            "common_shares": 1710010,
            "book_valuer_per_share": 12.11,
            "book_valuer_per_share_4q_avg": 12.1,
            "equity": 2070127,
            "current_ratio": 169.99,
            "debt_ratio": 36.55,
            "inventory_turnover_ratio": 1.02,
            "account_receivable_turnover_ratio": null,
            "reinvestment_rate": null,
            "research_to_sale_ratio": null,
            "price_fair": 0.12,
            "eps_avg_yearly": 0.04,
            "eps_latest_yearly": 0.04,
            "eps_growth_yearly": -320
        },
        "20022": {
            "year_quarter": 20022,
            "year": 2002,
            "quarter": 2,
            "eps": -0.06,
            "eps_growth_year": -200,
            "eps_4q": 0.17,
            "eps_4q_growth_year": -15.79,
            "roe": -0.48,
            "roe_4q": 1.26,
            "gross_profit": 58839,
            "gross_margin": 10.69,
            "gross_margin_4q_avg": 12.85,
            "net_income": -9649,
            "revenue": 550564,
            "common_shares": 1710010,
            "book_valuer_per_share": 11.58,
            "book_valuer_per_share_4q_avg": 12.04,
            "equity": 1980939,
            "current_ratio": 166.78,
            "debt_ratio": 36.69,
            "inventory_turnover_ratio": 1.11,
            "account_receivable_turnover_ratio": null,
            "reinvestment_rate": null,
            "research_to_sale_ratio": null,
            "price_fair": 0.12,
            "eps_avg_yearly": 0.04,
            "eps_latest_yearly": 0.04,
            "eps_growth_yearly": -320
        },
        "20023": {
            "year_quarter": 20023,
            "year": 2002,
            "quarter": 3,
            "eps": -0.08,
            "eps_growth_year": -153.33,
            "eps_4q": -0.07,
            "eps_4q_growth_year": -121.59,
            "roe": -0.66,
            "roe_4q": -0.6400000000000001,
            "gross_profit": 29465,
            "gross_margin": 5.49,
            "gross_margin_4q_avg": 10.25,
            "net_income": -12959,
            "revenue": 536728,
            "common_shares": 1710010,
            "book_valuer_per_share": 11.47,
            "book_valuer_per_share_4q_avg": 11.84,
            "equity": 1961258,
            "current_ratio": 193.37,
            "debt_ratio": 33.88,
            "inventory_turnover_ratio": 1.18,
            "account_receivable_turnover_ratio": null,
            "reinvestment_rate": null,
            "research_to_sale_ratio": null,
            "price_fair": 0.12,
            "eps_avg_yearly": 0.04,
            "eps_latest_yearly": 0.04,
            "eps_growth_yearly": -320
        },
        "20024": {
            "year_quarter": 20024,
            "year": 2002,
            "quarter": 4,
            "eps": -0.21,
            "eps_growth_year": -520,
            "eps_4q": -0.34,
            "eps_4q_growth_year": -242.3,
            "roe": -1.68,
            "roe_4q": -2.7399999999999998,
            "gross_profit": 49449,
            "gross_margin": 8.73,
            "gross_margin_4q_avg": 8.7,
            "net_income": -32615,
            "revenue": 566401,
            "common_shares": 1710010,
            "book_valuer_per_share": 11.27,
            "book_valuer_per_share_4q_avg": 11.61,
            "equity": 1927650,
            "current_ratio": 204.86,
            "debt_ratio": 33.41,
            "inventory_turnover_ratio": 1.25,
            "account_receivable_turnover_ratio": null,
            "reinvestment_rate": -210.8,
            "research_to_sale_ratio": null,
            "price_fair": 0.12,
            "eps_avg_yearly": 0.04,
            "eps_latest_yearly": 0.04,
            "eps_growth_yearly": -320
        },
        "20031": {
            "year_quarter": 20031,
            "year": 2003,
            "quarter": 1,
            "eps": 0.04,
            "eps_growth_year": 300,
            "eps_4q": -0.36,
            "eps_4q_growth_year": -221.94,
            "roe": 0.29,
            "roe_4q": -2.53,
            "gross_profit": 50779,
            "gross_margin": 10.08,
            "gross_margin_4q_avg": 8.75,
            "net_income": 5493,
            "revenue": 503839,
            "common_shares": 1710010,
            "book_valuer_per_share": 11.24,
            "book_valuer_per_share_4q_avg": 11.39,
            "equity": 1922750,
            "current_ratio": 228.15,
            "debt_ratio": 31.92,
            "inventory_turnover_ratio": 1.02,
            "account_receivable_turnover_ratio": null,
            "reinvestment_rate": -281.41,
            "research_to_sale_ratio": null,
            "price_fair": 0.12,
            "eps_avg_yearly": 0.04,
            "eps_latest_yearly": 0.04,
            "eps_growth_yearly": -320
        },
        "20032": {
            "year_quarter": 20032,
            "year": 2003,
            "quarter": 2,
            "eps": -0.23,
            "eps_growth_year": null,
            "eps_4q": -0.44,
            "eps_4q_growth_year": -364.63,
            "roe": -1.83,
            "roe_4q": -3.88,
            "gross_profit": 31990,
            "gross_margin": 6.58,
            "gross_margin_4q_avg": 7.72,
            "net_income": -35039,
            "revenue": 486200,
            "common_shares": 1710010,
            "book_valuer_per_share": 11.1,
            "book_valuer_per_share_4q_avg": 11.27,
            "equity": 1897768,
            "current_ratio": 223.6,
            "debt_ratio": 32.39,
            "inventory_turnover_ratio": 1.04,
            "account_receivable_turnover_ratio": null,
            "reinvestment_rate": -1137.74,
            "research_to_sale_ratio": null,
            "price_fair": 0.12,
            "eps_avg_yearly": 0.04,
            "eps_latest_yearly": 0.04,
            "eps_growth_yearly": -320
        },
        "20033": {
            "year_quarter": 20033,
            "year": 2003,
            "quarter": 3,
            "eps": -0.11,
            "eps_growth_year": null,
            "eps_4q": -0.44,
            "eps_4q_growth_year": null,
            "roe": -0.94,
            "roe_4q": -4.16,
            "gross_profit": 32238,
            "gross_margin": 5.7,
            "gross_margin_4q_avg": 7.77,
            "net_income": -17728,
            "revenue": 565275,
            "common_shares": 1795510,
            "book_valuer_per_share": 10.47,
            "book_valuer_per_share_4q_avg": 11.02,
            "equity": 1880556,
            "current_ratio": 231.03,
            "debt_ratio": 32,
            "inventory_turnover_ratio": 1.29,
            "account_receivable_turnover_ratio": null,
            "reinvestment_rate": -31153.34,
            "research_to_sale_ratio": null,
            "price_fair": 0.12,
            "eps_avg_yearly": 0.04,
            "eps_latest_yearly": 0.04,
            "eps_growth_yearly": -320
        },
        "20034": {
            "year_quarter": 20034,
            "year": 2003,
            "quarter": 4,
            "eps": -0.04,
            "eps_growth_year": null,
            "eps_4q": -0.33,
            "eps_4q_growth_year": null,
            "roe": -0.37,
            "roe_4q": -2.85,
            "gross_profit": 56488,
            "gross_margin": 9.76,
            "gross_margin_4q_avg": 8.03,
            "net_income": -6976,
            "revenue": 578846,
            "common_shares": 1795510,
            "book_valuer_per_share": 10.55,
            "book_valuer_per_share_4q_avg": 10.84,
            "equity": 1895160,
            "current_ratio": 248.86,
            "debt_ratio": 30.97,
            "inventory_turnover_ratio": 1.21,
            "account_receivable_turnover_ratio": null,
            "reinvestment_rate": null,
            "research_to_sale_ratio": null,
            "price_fair": 0.12,
            "eps_avg_yearly": 0.04,
            "eps_latest_yearly": 0.04,
            "eps_growth_yearly": -320
        },
        "20041": {
            "year_quarter": 20041,
            "year": 2004,
            "quarter": 1,
            "eps": 0.05,
            "eps_growth_year": 25,
            "eps_4q": -0.32,
            "eps_4q_growth_year": null,
            "roe": 0.42,
            "roe_4q": -2.7199999999999998,
            "gross_profit": 53865,
            "gross_margin": 9.06,
            "gross_margin_4q_avg": 7.78,
            "net_income": 8086,
            "revenue": 594208,
            "common_shares": 1795510,
            "book_valuer_per_share": 10.74,
            "book_valuer_per_share_4q_avg": 10.72,
            "equity": 1929222,
            "current_ratio": 262.39,
            "debt_ratio": 30.11,
            "inventory_turnover_ratio": 1.22,
            "account_receivable_turnover_ratio": null,
            "reinvestment_rate": null,
            "research_to_sale_ratio": null,
            "price_fair": 0.12,
            "eps_avg_yearly": 0.04,
            "eps_latest_yearly": 0.04,
            "eps_growth_yearly": -320
        },
        "20042": {
            "year_quarter": 20042,
            "year": 2004,
            "quarter": 2,
            "eps": -0.08,
            "eps_growth_year": null,
            "eps_4q": -0.16,
            "eps_4q_growth_year": null,
            "roe": -0.68,
            "roe_4q": -1.57,
            "gross_profit": 64938,
            "gross_margin": 11.72,
            "gross_margin_4q_avg": 9.06,
            "net_income": -12995,
            "revenue": 554185,
            "common_shares": 1795510,
            "book_valuer_per_share": 10.55,
            "book_valuer_per_share_4q_avg": 10.58,
            "equity": 1893607,
            "current_ratio": 307.36,
            "debt_ratio": 28.79,
            "inventory_turnover_ratio": 1.08,
            "account_receivable_turnover_ratio": null,
            "reinvestment_rate": null,
            "research_to_sale_ratio": null,
            "price_fair": 0.12,
            "eps_avg_yearly": 0.04,
            "eps_latest_yearly": 0.04,
            "eps_growth_yearly": -320
        },
        "20043": {
            "year_quarter": 20043,
            "year": 2004,
            "quarter": 3,
            "eps": -0.14,
            "eps_growth_year": null,
            "eps_4q": -0.2,
            "eps_4q_growth_year": null,
            "roe": -1.25,
            "roe_4q": -1.8800000000000003,
            "gross_profit": 49650,
            "gross_margin": 7.23,
            "gross_margin_4q_avg": 9.44,
            "net_income": -23509,
            "revenue": 686906,
            "common_shares": 1795510,
            "book_valuer_per_share": 10.4,
            "book_valuer_per_share_4q_avg": 10.56,
            "equity": 1867178,
            "current_ratio": 288,
            "debt_ratio": 30.03,
            "inventory_turnover_ratio": 1.35,
            "account_receivable_turnover_ratio": null,
            "reinvestment_rate": null,
            "research_to_sale_ratio": null,
            "price_fair": 0.12,
            "eps_avg_yearly": 0.04,
            "eps_latest_yearly": 0.04,
            "eps_growth_yearly": -320
        },
        "20044": {
            "year_quarter": 20044,
            "year": 2004,
            "quarter": 4,
            "eps": -0.51,
            "eps_growth_year": null,
            "eps_4q": -0.68,
            "eps_4q_growth_year": null,
            "roe": -4.46,
            "roe_4q": -5.97,
            "gross_profit": 62034,
            "gross_margin": 10.95,
            "gross_margin_4q_avg": 9.74,
            "net_income": -82846,
            "revenue": 566765,
            "common_shares": 1795510,
            "book_valuer_per_share": 10.31,
            "book_valuer_per_share_4q_avg": 10.5,
            "equity": 1850581,
            "current_ratio": 383.36,
            "debt_ratio": 28.28,
            "inventory_turnover_ratio": 1.06,
            "account_receivable_turnover_ratio": null,
            "reinvestment_rate": null,
            "research_to_sale_ratio": null,
            "price_fair": 0.12,
            "eps_avg_yearly": 0.04,
            "eps_latest_yearly": 0.04,
            "eps_growth_yearly": -320
        },
        "20051": {
            "year_quarter": 20051,
            "year": 2005,
            "quarter": 1,
            "eps": -0.15,
            "eps_growth_year": -400,
            "eps_4q": -0.89,
            "eps_4q_growth_year": null,
            "roe": -1.31,
            "roe_4q": -7.699999999999999,
            "gross_profit": 34377,
            "gross_margin": 6.27,
            "gross_margin_4q_avg": 9.04,
            "net_income": -24141,
            "revenue": 548367,
            "common_shares": 1795510,
            "book_valuer_per_share": 10.21,
            "book_valuer_per_share_4q_avg": 10.37,
            "equity": 1833548,
            "current_ratio": 391.83,
            "debt_ratio": 27.99,
            "inventory_turnover_ratio": 1.05,
            "account_receivable_turnover_ratio": null,
            "reinvestment_rate": null,
            "research_to_sale_ratio": null,
            "price_fair": 0.12,
            "eps_avg_yearly": 0.04,
            "eps_latest_yearly": 0.04,
            "eps_growth_yearly": -320
        },
        "20052": {
            "year_quarter": 20052,
            "year": 2005,
            "quarter": 2,
            "eps": -0.09,
            "eps_growth_year": null,
            "eps_4q": -0.8,
            "eps_4q_growth_year": null,
            "roe": -0.76,
            "roe_4q": -7.78,
            "gross_profit": 42292,
            "gross_margin": 8.3,
            "gross_margin_4q_avg": 8.19,
            "net_income": -13939,
            "revenue": 509261,
            "common_shares": 1795510,
            "book_valuer_per_share": 10.13,
            "book_valuer_per_share_4q_avg": 10.26,
            "equity": 1819617,
            "current_ratio": 433.79,
            "debt_ratio": 27.01,
            "inventory_turnover_ratio": 0.96,
            "account_receivable_turnover_ratio": null,
            "reinvestment_rate": null,
            "research_to_sale_ratio": null,
            "price_fair": 0.12,
            "eps_avg_yearly": 0.04,
            "eps_latest_yearly": 0.04,
            "eps_growth_yearly": -320
        },
        "20053": {
            "year_quarter": 20053,
            "year": 2005,
            "quarter": 3,
            "eps": -0.09,
            "eps_growth_year": null,
            "eps_4q": -0.76,
            "eps_4q_growth_year": null,
            "roe": -0.81,
            "roe_4q": -7.34,
            "gross_profit": 47378,
            "gross_margin": 8.18,
            "gross_margin_4q_avg": 8.43,
            "net_income": -14770,
            "revenue": 579175,
            "common_shares": 1795510,
            "book_valuer_per_share": 10.06,
            "book_valuer_per_share_4q_avg": 10.18,
            "equity": 1805551,
            "current_ratio": 410.95,
            "debt_ratio": 27.79,
            "inventory_turnover_ratio": 1.12,
            "account_receivable_turnover_ratio": null,
            "reinvestment_rate": null,
            "research_to_sale_ratio": null,
            "price_fair": 0.12,
            "eps_avg_yearly": 0.04,
            "eps_latest_yearly": 0.04,
            "eps_growth_yearly": -320
        },
        "20054": {
            "year_quarter": 20054,
            "year": 2005,
            "quarter": 4,
            "eps": 0.08,
            "eps_growth_year": null,
            "eps_4q": -0.24,
            "eps_4q_growth_year": null,
            "roe": 0.74,
            "roe_4q": -2.14,
            "gross_profit": 72066,
            "gross_margin": 12.06,
            "gross_margin_4q_avg": 8.7,
            "net_income": 13275,
            "revenue": 597772,
            "common_shares": 1795510,
            "book_valuer_per_share": 10.04,
            "book_valuer_per_share_4q_avg": 10.11,
            "equity": 1803672,
            "current_ratio": 425.8,
            "debt_ratio": 28.52,
            "inventory_turnover_ratio": 1.11,
            "account_receivable_turnover_ratio": null,
            "reinvestment_rate": null,
            "research_to_sale_ratio": null,
            "price_fair": 0.12,
            "eps_avg_yearly": 0.04,
            "eps_latest_yearly": 0.04,
            "eps_growth_yearly": -320
        },
        "20061": {
            "year_quarter": 20061,
            "year": 2006,
            "quarter": 1,
            "eps": -0.02,
            "eps_growth_year": null,
            "eps_4q": -0.12,
            "eps_4q_growth_year": null,
            "roe": -0.18,
            "roe_4q": -1.01,
            "gross_profit": 35244,
            "gross_margin": 7.36,
            "gross_margin_4q_avg": 8.98,
            "net_income": -3224,
            "revenue": 478890,
            "common_shares": 1795510,
            "book_valuer_per_share": 10.03,
            "book_valuer_per_share_4q_avg": 10.07,
            "equity": 1800287,
            "current_ratio": 517.06,
            "debt_ratio": 26,
            "inventory_turnover_ratio": 0.94,
            "account_receivable_turnover_ratio": null,
            "reinvestment_rate": null,
            "research_to_sale_ratio": null,
            "price_fair": 0,
            "eps_avg_yearly": 0,
            "eps_latest_yearly": 0,
            "eps_growth_yearly": 0
        },
        "20062": {
            "year_quarter": 20062,
            "year": 2006,
            "quarter": 2,
            "eps": 0.03,
            "eps_growth_year": null,
            "eps_4q": 0.01,
            "eps_4q_growth_year": null,
            "roe": 0.32,
            "roe_4q": 0.06999999999999995,
            "gross_profit": 46608,
            "gross_margin": 8.89,
            "gross_margin_4q_avg": 9.12,
            "net_income": 5689,
            "revenue": 524263,
            "common_shares": 1795510,
            "book_valuer_per_share": 10.06,
            "book_valuer_per_share_4q_avg": 10.05,
            "equity": 1805966,
            "current_ratio": 507.48,
            "debt_ratio": 26.26,
            "inventory_turnover_ratio": 1,
            "account_receivable_turnover_ratio": null,
            "reinvestment_rate": null,
            "research_to_sale_ratio": null,
            "price_fair": 0,
            "eps_avg_yearly": 0,
            "eps_latest_yearly": 0,
            "eps_growth_yearly": 0
        },
        "20063": {
            "year_quarter": 20063,
            "year": 2006,
            "quarter": 3,
            "eps": -0.15,
            "eps_growth_year": null,
            "eps_4q": -0.04,
            "eps_4q_growth_year": null,
            "roe": -1.33,
            "roe_4q": -0.44999999999999996,
            "gross_profit": 30181,
            "gross_margin": 5.32,
            "gross_margin_4q_avg": 8.41,
            "net_income": -23786,
            "revenue": 566812,
            "common_shares": 1795510,
            "book_valuer_per_share": 9.93,
            "book_valuer_per_share_4q_avg": 10.02,
            "equity": 1782172,
            "current_ratio": 438.74,
            "debt_ratio": 27.78,
            "inventory_turnover_ratio": 1.08,
            "account_receivable_turnover_ratio": null,
            "reinvestment_rate": null,
            "research_to_sale_ratio": null,
            "price_fair": 0,
            "eps_avg_yearly": 0,
            "eps_latest_yearly": 0,
            "eps_growth_yearly": 0
        },
        "20064": {
            "year_quarter": 20064,
            "year": 2006,
            "quarter": 4,
            "eps": 0.04,
            "eps_growth_year": -50,
            "eps_4q": -0.1,
            "eps_4q_growth_year": null,
            "roe": 0.35,
            "roe_4q": -0.8400000000000001,
            "gross_profit": 20417,
            "gross_margin": 3.77,
            "gross_margin_4q_avg": 6.34,
            "net_income": 6275,
            "revenue": 541079,
            "common_shares": 1795510,
            "book_valuer_per_share": 10.07,
            "book_valuer_per_share_4q_avg": 10.02,
            "equity": 1808891,
            "current_ratio": 394.6,
            "debt_ratio": 28.47,
            "inventory_turnover_ratio": 1.06,
            "account_receivable_turnover_ratio": null,
            "reinvestment_rate": null,
            "research_to_sale_ratio": null,
            "price_fair": 0,
            "eps_avg_yearly": 0,
            "eps_latest_yearly": 0,
            "eps_growth_yearly": 0
        },
        "20071": {
            "year_quarter": 20071,
            "year": 2007,
            "quarter": 1,
            "eps": -0.14,
            "eps_growth_year": null,
            "eps_4q": -0.21,
            "eps_4q_growth_year": null,
            "roe": -1.26,
            "roe_4q": -1.9200000000000002,
            "gross_profit": 25695,
            "gross_margin": 4.96,
            "gross_margin_4q_avg": 5.74,
            "net_income": -23419,
            "revenue": 517729,
            "common_shares": 1795510,
            "book_valuer_per_share": 10.66,
            "book_valuer_per_share_4q_avg": 10.18,
            "equity": 1914096,
            "current_ratio": 447.52,
            "debt_ratio": 25.66,
            "inventory_turnover_ratio": 1.04,
            "account_receivable_turnover_ratio": null,
            "reinvestment_rate": null,
            "research_to_sale_ratio": null,
            "price_fair": 0,
            "eps_avg_yearly": 0,
            "eps_latest_yearly": 0,
            "eps_growth_yearly": 0
        },
        "20072": {
            "year_quarter": 20072,
            "year": 2007,
            "quarter": 2,
            "eps": 0.3,
            "eps_growth_year": 900,
            "eps_4q": 0.05,
            "eps_4q_growth_year": 925.88,
            "roe": 2.56,
            "roe_4q": 0.31999999999999984,
            "gross_profit": 65059,
            "gross_margin": 9.99,
            "gross_margin_4q_avg": 6.01,
            "net_income": 49607,
            "revenue": 651290,
            "common_shares": 1795510,
            "book_valuer_per_share": 10.94,
            "book_valuer_per_share_4q_avg": 10.4,
            "equity": 1963698,
            "current_ratio": 402.76,
            "debt_ratio": 26.64,
            "inventory_turnover_ratio": 1.28,
            "account_receivable_turnover_ratio": null,
            "reinvestment_rate": null,
            "research_to_sale_ratio": null,
            "price_fair": 0,
            "eps_avg_yearly": 0,
            "eps_latest_yearly": 0,
            "eps_growth_yearly": 0
        },
        "20073": {
            "year_quarter": 20073,
            "year": 2007,
            "quarter": 3,
            "eps": -0.44,
            "eps_growth_year": null,
            "eps_4q": -0.24,
            "eps_4q_growth_year": null,
            "roe": -3.62,
            "roe_4q": -1.9700000000000002,
            "gross_profit": 58138,
            "gross_margin": 8.78,
            "gross_margin_4q_avg": 6.88,
            "net_income": -71583,
            "revenue": 662491,
            "common_shares": 1627510,
            "book_valuer_per_share": 12.25,
            "book_valuer_per_share_4q_avg": 10.98,
            "equity": 1993530,
            "current_ratio": 417.98,
            "debt_ratio": 26.53,
            "inventory_turnover_ratio": 1.32,
            "account_receivable_turnover_ratio": null,
            "reinvestment_rate": null,
            "research_to_sale_ratio": null,
            "price_fair": 0,
            "eps_avg_yearly": 0,
            "eps_latest_yearly": 0,
            "eps_growth_yearly": 0
        },
        "20074": {
            "year_quarter": 20074,
            "year": 2007,
            "quarter": 4,
            "eps": 0.08,
            "eps_growth_year": 100,
            "eps_4q": -0.19,
            "eps_4q_growth_year": null,
            "roe": 0.67,
            "roe_4q": -1.6500000000000001,
            "gross_profit": 60912,
            "gross_margin": 9.62,
            "gross_margin_4q_avg": 8.34,
            "net_income": 13312,
            "revenue": 632922,
            "common_shares": 1627510,
            "book_valuer_per_share": 12.13,
            "book_valuer_per_share_4q_avg": 11.5,
            "equity": 1974175,
            "current_ratio": 481.56,
            "debt_ratio": 25.39,
            "inventory_turnover_ratio": 1.2,
            "account_receivable_turnover_ratio": null,
            "reinvestment_rate": null,
            "research_to_sale_ratio": null,
            "price_fair": 0,
            "eps_avg_yearly": 0,
            "eps_latest_yearly": 0,
            "eps_growth_yearly": 0
        },
        "20081": {
            "year_quarter": 20081,
            "year": 2008,
            "quarter": 1,
            "eps": -0.02,
            "eps_growth_year": null,
            "eps_4q": -0.08,
            "eps_4q_growth_year": null,
            "roe": -0.14,
            "roe_4q": -0.5299999999999998,
            "gross_profit": 42811,
            "gross_margin": 8.08,
            "gross_margin_4q_avg": 9.12,
            "net_income": -2847,
            "revenue": 529584,
            "common_shares": 1577510,
            "book_valuer_per_share": 12.42,
            "book_valuer_per_share_4q_avg": 11.94,
            "equity": 1960047,
            "current_ratio": 533.71,
            "debt_ratio": 24.43,
            "inventory_turnover_ratio": 1.03,
            "account_receivable_turnover_ratio": null,
            "reinvestment_rate": null,
            "research_to_sale_ratio": null,
            "price_fair": 0,
            "eps_avg_yearly": 0,
            "eps_latest_yearly": 0,
            "eps_growth_yearly": 0
        },
        "20082": {
            "year_quarter": 20082,
            "year": 2008,
            "quarter": 2,
            "eps": 0.23,
            "eps_growth_year": -23.33,
            "eps_4q": -0.16,
            "eps_4q_growth_year": -395.99,
            "roe": 1.88,
            "roe_4q": -1.2100000000000004,
            "gross_profit": 60369,
            "gross_margin": 9.77,
            "gross_margin_4q_avg": 9.06,
            "net_income": 36482,
            "revenue": 617751,
            "common_shares": 1577510,
            "book_valuer_per_share": 12.23,
            "book_valuer_per_share_4q_avg": 12.26,
            "equity": 1929712,
            "current_ratio": 472.74,
            "debt_ratio": 18.79,
            "inventory_turnover_ratio": 1.17,
            "account_receivable_turnover_ratio": null,
            "reinvestment_rate": null,
            "research_to_sale_ratio": null,
            "price_fair": 0,
            "eps_avg_yearly": 0,
            "eps_latest_yearly": 0,
            "eps_growth_yearly": 0
        },
        "20083": {
            "year_quarter": 20083,
            "year": 2008,
            "quarter": 3,
            "eps": 0.05,
            "eps_growth_year": null,
            "eps_4q": 0.33,
            "eps_4q_growth_year": null,
            "roe": 0.45,
            "roe_4q": 2.86,
            "gross_profit": 34605,
            "gross_margin": 6.55,
            "gross_margin_4q_avg": 8.51,
            "net_income": 8481,
            "revenue": 528003,
            "common_shares": 1577510,
            "book_valuer_per_share": 11.76,
            "book_valuer_per_share_4q_avg": 12.14,
            "equity": 1855265,
            "current_ratio": 582.2,
            "debt_ratio": 15.96,
            "inventory_turnover_ratio": 1.1,
            "account_receivable_turnover_ratio": null,
            "reinvestment_rate": null,
            "research_to_sale_ratio": null,
            "price_fair": 0.6,
            "eps_avg_yearly": 0.2,
            "eps_latest_yearly": 0.2,
            "eps_growth_yearly": -313.04
        },
        "20084": {
            "year_quarter": 20084,
            "year": 2008,
            "quarter": 4,
            "eps": -0.09,
            "eps_growth_year": -212.5,
            "eps_4q": 0.18,
            "eps_4q_growth_year": null,
            "roe": -0.79,
            "roe_4q": 1.4,
            "gross_profit": 5347,
            "gross_margin": 1.27,
            "gross_margin_4q_avg": 6.42,
            "net_income": -14438,
            "revenue": 421841,
            "common_shares": 1477510,
            "book_valuer_per_share": 12.29,
            "book_valuer_per_share_4q_avg": 12.18,
            "equity": 1816225,
            "current_ratio": 618.02,
            "debt_ratio": 15.51,
            "inventory_turnover_ratio": 1.12,
            "account_receivable_turnover_ratio": 4.27,
            "reinvestment_rate": null,
            "research_to_sale_ratio": null,
            "price_fair": 0.6,
            "eps_avg_yearly": 0.2,
            "eps_latest_yearly": 0.2,
            "eps_growth_yearly": -313.04
        },
        "20091": {
            "year_quarter": 20091,
            "year": 2009,
            "quarter": 1,
            "eps": 0.09,
            "eps_growth_year": null,
            "eps_4q": 0.3,
            "eps_4q_growth_year": null,
            "roe": 0.72,
            "roe_4q": 2.26,
            "gross_profit": 42816,
            "gross_margin": 10.13,
            "gross_margin_4q_avg": 6.93,
            "net_income": 13156,
            "revenue": 422764,
            "common_shares": 1477510,
            "book_valuer_per_share": 12.52,
            "book_valuer_per_share_4q_avg": 12.2,
            "equity": 1849707,
            "current_ratio": 643.84,
            "debt_ratio": 15.01,
            "inventory_turnover_ratio": 1.15,
            "account_receivable_turnover_ratio": 2.25,
            "reinvestment_rate": null,
            "research_to_sale_ratio": null,
            "price_fair": 0.6,
            "eps_avg_yearly": 0.2,
            "eps_latest_yearly": 0.2,
            "eps_growth_yearly": -313.04
        },
        "20092": {
            "year_quarter": 20092,
            "year": 2009,
            "quarter": 2,
            "eps": 0.12,
            "eps_growth_year": -47.83,
            "eps_4q": 0.17,
            "eps_4q_growth_year": null,
            "roe": 0.98,
            "roe_4q": 1.3599999999999999,
            "gross_profit": 66650,
            "gross_margin": 13.49,
            "gross_margin_4q_avg": 7.86,
            "net_income": 17789,
            "revenue": 494026,
            "common_shares": 1477510,
            "book_valuer_per_share": 12.17,
            "book_valuer_per_share_4q_avg": 12.19,
            "equity": 1798779,
            "current_ratio": 449.1,
            "debt_ratio": 18.02,
            "inventory_turnover_ratio": 1.32,
            "account_receivable_turnover_ratio": 2.65,
            "reinvestment_rate": -4130.45,
            "research_to_sale_ratio": null,
            "price_fair": 1.02,
            "eps_avg_yearly": 0.34,
            "eps_latest_yearly": 0.48,
            "eps_growth_yearly": -89.86
        },
        "20093": {
            "year_quarter": 20093,
            "year": 2009,
            "quarter": 3,
            "eps": 0.08,
            "eps_growth_year": 60,
            "eps_4q": 0.19,
            "eps_4q_growth_year": -42.32,
            "roe": 0.67,
            "roe_4q": 1.58,
            "gross_profit": 50954,
            "gross_margin": 10.15,
            "gross_margin_4q_avg": 8.76,
            "net_income": 12174,
            "revenue": 502044,
            "common_shares": 1417510,
            "book_valuer_per_share": 12.84,
            "book_valuer_per_share_4q_avg": 12.46,
            "equity": 1820032,
            "current_ratio": 539.02,
            "debt_ratio": 16.07,
            "inventory_turnover_ratio": 1.41,
            "account_receivable_turnover_ratio": 2.56,
            "reinvestment_rate": -1042.43,
            "research_to_sale_ratio": null,
            "price_fair": 1,
            "eps_avg_yearly": 0.33,
            "eps_latest_yearly": 0.32,
            "eps_growth_yearly": -104.35
        },
        "20094": {
            "year_quarter": 20094,
            "year": 2009,
            "quarter": 4,
            "eps": 0,
            "eps_growth_year": null,
            "eps_4q": 0.31,
            "eps_4q_growth_year": 71.14,
            "roe": 0.03,
            "roe_4q": 2.4000000000000004,
            "gross_profit": 36906,
            "gross_margin": 7.74,
            "gross_margin_4q_avg": 10.38,
            "net_income": 549,
            "revenue": 476854,
            "common_shares": 1417510,
            "book_valuer_per_share": 12.88,
            "book_valuer_per_share_4q_avg": 12.6,
            "equity": 1825712,
            "current_ratio": 494.31,
            "debt_ratio": 16.81,
            "inventory_turnover_ratio": 1.36,
            "account_receivable_turnover_ratio": 4.67,
            "reinvestment_rate": -726.23,
            "research_to_sale_ratio": null,
            "price_fair": 1,
            "eps_avg_yearly": 0.33,
            "eps_latest_yearly": 0.32,
            "eps_growth_yearly": -104.35
        },
        "20101": {
            "year_quarter": 20101,
            "year": 2010,
            "quarter": 1,
            "eps": 0.02,
            "eps_growth_year": -77.78,
            "eps_4q": 0.24,
            "eps_4q_growth_year": -20.43,
            "roe": 0.17,
            "roe_4q": 1.85,
            "gross_profit": 23375,
            "gross_margin": 4.95,
            "gross_margin_4q_avg": 9.08,
            "net_income": 3187,
            "revenue": 472088,
            "common_shares": 1417510,
            "book_valuer_per_share": 12.89,
            "book_valuer_per_share_4q_avg": 12.7,
            "equity": 1827576,
            "current_ratio": 587.91,
            "debt_ratio": 15.5,
            "inventory_turnover_ratio": 1.28,
            "account_receivable_turnover_ratio": 2.12,
            "reinvestment_rate": -506.61,
            "research_to_sale_ratio": 0.33,
            "price_fair": 1,
            "eps_avg_yearly": 0.33,
            "eps_latest_yearly": 0.32,
            "eps_growth_yearly": -104.35
        },
        "20102": {
            "year_quarter": 20102,
            "year": 2010,
            "quarter": 2,
            "eps": 0.08,
            "eps_growth_year": -33.52,
            "eps_4q": 0.19,
            "eps_4q_growth_year": 15.4,
            "roe": 0.61,
            "roe_4q": 1.48,
            "gross_profit": 44564,
            "gross_margin": 8.14,
            "gross_margin_4q_avg": 7.75,
            "net_income": 11063,
            "revenue": 547638,
            "common_shares": 1386670,
            "book_valuer_per_share": 12.86,
            "book_valuer_per_share_4q_avg": 12.87,
            "equity": 1783872,
            "current_ratio": 522.45,
            "debt_ratio": 17.75,
            "inventory_turnover_ratio": 1.36,
            "account_receivable_turnover_ratio": 2.23,
            "reinvestment_rate": -366.47,
            "research_to_sale_ratio": 0.29,
            "price_fair": 11.55,
            "eps_avg_yearly": 0.33,
            "eps_latest_yearly": 0.32,
            "eps_growth_yearly": 221.74
        },
        "20103": {
            "year_quarter": 20103,
            "year": 2010,
            "quarter": 3,
            "eps": 0.76,
            "eps_growth_year": 849.84,
            "eps_4q": 0.87,
            "eps_4q_growth_year": 359.8,
            "roe": 5.69,
            "roe_4q": 6.500000000000001,
            "gross_profit": 34540,
            "gross_margin": 6.08,
            "gross_margin_4q_avg": 6.73,
            "net_income": 105369,
            "revenue": 567716,
            "common_shares": 1386670,
            "book_valuer_per_share": 13.85,
            "book_valuer_per_share_4q_avg": 13.12,
            "equity": 1920121,
            "current_ratio": 626.26,
            "debt_ratio": 15.56,
            "inventory_turnover_ratio": 1.45,
            "account_receivable_turnover_ratio": 2.08,
            "reinvestment_rate": -20.5,
            "research_to_sale_ratio": 0.28,
            "price_fair": 30.52,
            "eps_avg_yearly": 0.87,
            "eps_latest_yearly": 3.04,
            "eps_growth_yearly": 857.39
        },
        "20104": {
            "year_quarter": 20104,
            "year": 2010,
            "quarter": 4,
            "eps": -0.06,
            "eps_growth_year": null,
            "eps_4q": 0.8,
            "eps_4q_growth_year": 160.44,
            "roe": -0.44,
            "roe_4q": 6.03,
            "gross_profit": 36628,
            "gross_margin": 6.31,
            "gross_margin_4q_avg": 6.37,
            "net_income": -8364,
            "revenue": 580493,
            "common_shares": 1386670,
            "book_valuer_per_share": 13.8,
            "book_valuer_per_share_4q_avg": 13.35,
            "equity": 1913232,
            "current_ratio": 631.78,
            "debt_ratio": 15.32,
            "inventory_turnover_ratio": 1.4,
            "account_receivable_turnover_ratio": 1.97,
            "reinvestment_rate": -4.72,
            "research_to_sale_ratio": 0.26,
            "price_fair": 30.52,
            "eps_avg_yearly": 0.87,
            "eps_latest_yearly": 3.04,
            "eps_growth_yearly": 857.39
        },
        "20111": {
            "year_quarter": 20111,
            "year": 2011,
            "quarter": 1,
            "eps": 0.2,
            "eps_growth_year": 900,
            "eps_4q": 0.98,
            "eps_4q_growth_year": 310.31,
            "roe": 1.41,
            "roe_4q": 7.2700000000000005,
            "gross_profit": 49496,
            "gross_margin": 8.98,
            "gross_margin_4q_avg": 7.38,
            "net_income": 27213,
            "revenue": 550954,
            "common_shares": 1386670,
            "book_valuer_per_share": 13.95,
            "book_valuer_per_share_4q_avg": 13.62,
            "equity": 1934666,
            "current_ratio": 637.96,
            "debt_ratio": 15.23,
            "inventory_turnover_ratio": 1.2,
            "account_receivable_turnover_ratio": 1.89,
            "reinvestment_rate": -64.46,
            "research_to_sale_ratio": 0.37,
            "price_fair": 30.52,
            "eps_avg_yearly": 0.87,
            "eps_latest_yearly": 3.04,
            "eps_growth_yearly": 857.39
        },
        "20112": {
            "year_quarter": 20112,
            "year": 2011,
            "quarter": 2,
            "eps": 0.29,
            "eps_growth_year": 264.13,
            "eps_4q": 1.19,
            "eps_4q_growth_year": 509.88,
            "roe": 2.09,
            "roe_4q": 8.75,
            "gross_profit": 71632,
            "gross_margin": 11.89,
            "gross_margin_4q_avg": 8.32,
            "net_income": 40284,
            "revenue": 602322,
            "common_shares": 1386670,
            "book_valuer_per_share": 13.89,
            "book_valuer_per_share_4q_avg": 13.87,
            "equity": 1926754,
            "current_ratio": 399.39,
            "debt_ratio": 19.22,
            "inventory_turnover_ratio": 1.27,
            "account_receivable_turnover_ratio": 2.12,
            "reinvestment_rate": -16.11,
            "research_to_sale_ratio": 0.3,
            "price_fair": 32.2,
            "eps_avg_yearly": 0.92,
            "eps_latest_yearly": 1.16,
            "eps_growth_yearly": 744.49
        },
        "20113": {
            "year_quarter": 20113,
            "year": 2011,
            "quarter": 3,
            "eps": 0.15,
            "eps_growth_year": -80.14,
            "eps_4q": 0.58,
            "eps_4q_growth_year": -33.37,
            "roe": 1.09,
            "roe_4q": 4.1499999999999995,
            "gross_profit": 43094,
            "gross_margin": 6.91,
            "gross_margin_4q_avg": 8.52,
            "net_income": 20929,
            "revenue": 623979,
            "common_shares": 1386670,
            "book_valuer_per_share": 13.83,
            "book_valuer_per_share_4q_avg": 13.87,
            "equity": 1918041,
            "current_ratio": 476,
            "debt_ratio": 16.75,
            "inventory_turnover_ratio": 1.4,
            "account_receivable_turnover_ratio": 1.99,
            "reinvestment_rate": 9.44,
            "research_to_sale_ratio": 0.35,
            "price_fair": 30.6,
            "eps_avg_yearly": 0.87,
            "eps_latest_yearly": 0.6,
            "eps_growth_yearly": 610.55
        },
        "20114": {
            "year_quarter": 20114,
            "year": 2011,
            "quarter": 4,
            "eps": 0.11,
            "eps_growth_year": null,
            "eps_4q": 0.75,
            "eps_4q_growth_year": -6.97,
            "roe": 0.79,
            "roe_4q": 5.38,
            "gross_profit": 54363,
            "gross_margin": 10.23,
            "gross_margin_4q_avg": 9.5,
            "net_income": 15072,
            "revenue": 531262,
            "common_shares": 1386670,
            "book_valuer_per_share": 13.85,
            "book_valuer_per_share_4q_avg": 13.88,
            "equity": 1920023,
            "current_ratio": 410.31,
            "debt_ratio": 18.62,
            "inventory_turnover_ratio": 1.22,
            "account_receivable_turnover_ratio": 1.6,
            "reinvestment_rate": 9.93,
            "research_to_sale_ratio": 0.48,
            "price_fair": 28.7,
            "eps_avg_yearly": 0.82,
            "eps_latest_yearly": 0.44,
            "eps_growth_yearly": 520.9
        },
        "20121": {
            "year_quarter": 20121,
            "year": 2012,
            "quarter": 1,
            "eps": 0.07,
            "eps_growth_year": -65,
            "eps_4q": 0.62,
            "eps_4q_growth_year": -36.88,
            "roe": 0.47,
            "roe_4q": 4.4399999999999995,
            "gross_profit": 39057,
            "gross_margin": 7.4,
            "gross_margin_4q_avg": 9.11,
            "net_income": 9099,
            "revenue": 527743,
            "common_shares": 1386670,
            "book_valuer_per_share": 14.32,
            "book_valuer_per_share_4q_avg": 13.97,
            "equity": 1985521,
            "current_ratio": 502.7,
            "debt_ratio": 16.71,
            "inventory_turnover_ratio": 1.28,
            "account_receivable_turnover_ratio": 1.57,
            "reinvestment_rate": 35.02,
            "research_to_sale_ratio": 0.39,
            "price_fair": 26.6,
            "eps_avg_yearly": 0.76,
            "eps_latest_yearly": 0.28,
            "eps_growth_yearly": 446.86
        },
        "20122": {
            "year_quarter": 20122,
            "year": 2012,
            "quarter": 2,
            "eps": 0.08,
            "eps_growth_year": -73.87,
            "eps_4q": 0.4,
            "eps_4q_growth_year": -66.18,
            "roe": 0.54,
            "roe_4q": 2.89,
            "gross_profit": 51029,
            "gross_margin": 9.87,
            "gross_margin_4q_avg": 8.6,
            "net_income": 10528,
            "revenue": 517207,
            "common_shares": 1386670,
            "book_valuer_per_share": 13.81,
            "book_valuer_per_share_4q_avg": 13.95,
            "equity": 1915445,
            "current_ratio": 387.4,
            "debt_ratio": 19.58,
            "inventory_turnover_ratio": 1.14,
            "account_receivable_turnover_ratio": 1.61,
            "reinvestment_rate": 113.83,
            "research_to_sale_ratio": 0.31,
            "price_fair": 25.06,
            "eps_avg_yearly": 0.72,
            "eps_latest_yearly": 0.32,
            "eps_growth_yearly": 407.89
        },
        "20123": {
            "year_quarter": 20123,
            "year": 2012,
            "quarter": 3,
            "eps": 0.02,
            "eps_growth_year": -83.68,
            "eps_4q": 0.27,
            "eps_4q_growth_year": -52.39,
            "roe": 0.18,
            "roe_4q": 1.98,
            "gross_profit": 27356,
            "gross_margin": 5.1,
            "gross_margin_4q_avg": 8.15,
            "net_income": 3415,
            "revenue": 536281,
            "common_shares": 1386670,
            "book_valuer_per_share": 13.95,
            "book_valuer_per_share_4q_avg": 13.98,
            "equity": 1934637,
            "current_ratio": 437.55,
            "debt_ratio": 18.14,
            "inventory_turnover_ratio": 1.27,
            "account_receivable_turnover_ratio": 1.77,
            "reinvestment_rate": 121.65,
            "research_to_sale_ratio": 0.36,
            "price_fair": 24.64,
            "eps_avg_yearly": 0.7,
            "eps_latest_yearly": 0.08,
            "eps_growth_yearly": 409.19
        },
        "20124": {
            "year_quarter": 20124,
            "year": 2012,
            "quarter": 4,
            "eps": 0,
            "eps_growth_year": -98.45,
            "eps_4q": 0.17,
            "eps_4q_growth_year": -77.51,
            "roe": 0.01,
            "roe_4q": 1.2,
            "gross_profit": 27189,
            "gross_margin": 5.87,
            "gross_margin_4q_avg": 7.06,
            "net_income": 233,
            "revenue": 462881,
            "common_shares": 1386670,
            "book_valuer_per_share": 13.82,
            "book_valuer_per_share_4q_avg": 13.98,
            "equity": 1916162,
            "current_ratio": 513.25,
            "debt_ratio": 17.26,
            "inventory_turnover_ratio": 1.03,
            "account_receivable_turnover_ratio": 1.51,
            "reinvestment_rate": 109.45,
            "research_to_sale_ratio": 0.48,
            "price_fair": 24.64,
            "eps_avg_yearly": 0.7,
            "eps_latest_yearly": 0.08,
            "eps_growth_yearly": 409.19
        },
        "20131": {
            "year_quarter": 20131,
            "year": 2013,
            "quarter": 1,
            "eps": 0.13,
            "eps_growth_year": 85.71,
            "eps_4q": 0.23,
            "eps_4q_growth_year": -62.84,
            "roe": 0.92,
            "roe_4q": 1.6500000000000001,
            "gross_profit": 34923,
            "gross_margin": 7.65,
            "gross_margin_4q_avg": 7.12,
            "net_income": 17549,
            "revenue": 456736,
            "common_shares": 1386670,
            "book_valuer_per_share": 13.76,
            "book_valuer_per_share_4q_avg": 13.84,
            "equity": 1908199,
            "current_ratio": 518.57,
            "debt_ratio": 18.16,
            "inventory_turnover_ratio": 0.89,
            "account_receivable_turnover_ratio": 1.64,
            "reinvestment_rate": 104.49,
            "research_to_sale_ratio": 0.32,
            "price_fair": 24.64,
            "eps_avg_yearly": 0.7,
            "eps_latest_yearly": 0.08,
            "eps_growth_yearly": 409.19
        },
        "20132": {
            "year_quarter": 20132,
            "year": 2013,
            "quarter": 2,
            "eps": 0.17,
            "eps_growth_year": 123.91,
            "eps_4q": 0.32,
            "eps_4q_growth_year": -20.07,
            "roe": 1.22,
            "roe_4q": 2.33,
            "gross_profit": 66286,
            "gross_margin": 11.23,
            "gross_margin_4q_avg": 7.46,
            "net_income": 23264,
            "revenue": 590101,
            "common_shares": 1386670,
            "book_valuer_per_share": 13.63,
            "book_valuer_per_share_4q_avg": 13.79,
            "equity": 1890036,
            "current_ratio": 380.23,
            "debt_ratio": 21.75,
            "inventory_turnover_ratio": 1.07,
            "account_receivable_turnover_ratio": 1.91,
            "reinvestment_rate": 102.32,
            "research_to_sale_ratio": 0.23,
            "price_fair": 25.34,
            "eps_avg_yearly": 0.72,
            "eps_latest_yearly": 0.68,
            "eps_growth_yearly": 408.17
        },
        "20133": {
            "year_quarter": 20133,
            "year": 2013,
            "quarter": 3,
            "eps": 0.13,
            "eps_growth_year": 427.88,
            "eps_4q": 0.42,
            "eps_4q_growth_year": 54.17,
            "roe": 0.93,
            "roe_4q": 3.0799999999999996,
            "gross_profit": 47392,
            "gross_margin": 8.86,
            "gross_margin_4q_avg": 8.4,
            "net_income": 17715,
            "revenue": 534832,
            "common_shares": 1386670,
            "book_valuer_per_share": 13.8,
            "book_valuer_per_share_4q_avg": 13.75,
            "equity": 1913820,
            "current_ratio": 670.75,
            "debt_ratio": 16.11,
            "inventory_turnover_ratio": 0.95,
            "account_receivable_turnover_ratio": 1.7,
            "reinvestment_rate": 99.68,
            "research_to_sale_ratio": 0.3,
            "price_fair": 26.04,
            "eps_avg_yearly": 0.74,
            "eps_latest_yearly": 0.52,
            "eps_growth_yearly": 412.09
        },
        "20134": {
            "year_quarter": 20134,
            "year": 2013,
            "quarter": 4,
            "eps": 0.05,
            "eps_growth_year": 2801.79,
            "eps_4q": 0.47,
            "eps_4q_growth_year": 180.51,
            "roe": 0.35,
            "roe_4q": 3.42,
            "gross_profit": 34301,
            "gross_margin": 6.78,
            "gross_margin_4q_avg": 8.63,
            "net_income": 6760,
            "revenue": 505743,
            "common_shares": 1386670,
            "book_valuer_per_share": 13.93,
            "book_valuer_per_share_4q_avg": 13.78,
            "equity": 1931702,
            "current_ratio": 570.01,
            "debt_ratio": 17.5,
            "inventory_turnover_ratio": 0.89,
            "account_receivable_turnover_ratio": 1.71,
            "reinvestment_rate": 40.98,
            "research_to_sale_ratio": 0.36,
            "price_fair": 24.31,
            "eps_avg_yearly": 0.69,
            "eps_latest_yearly": 0.2,
            "eps_growth_yearly": 352.25
        },
        "20141": {
            "year_quarter": 20141,
            "year": 2014,
            "quarter": 1,
            "eps": 0.08,
            "eps_growth_year": -38.46,
            "eps_4q": 0.42,
            "eps_4q_growth_year": 84.45,
            "roe": 0.56,
            "roe_4q": 3.06,
            "gross_profit": 34828,
            "gross_margin": 7.6,
            "gross_margin_4q_avg": 8.62,
            "net_income": 10779,
            "revenue": 458305,
            "common_shares": 1386670,
            "book_valuer_per_share": 13.99,
            "book_valuer_per_share_4q_avg": 13.84,
            "equity": 1939534,
            "current_ratio": 782.01,
            "debt_ratio": 15.27,
            "inventory_turnover_ratio": 0.77,
            "account_receivable_turnover_ratio": 1.55,
            "reinvestment_rate": 38.97,
            "research_to_sale_ratio": 0.41,
            "price_fair": 23.22,
            "eps_avg_yearly": 0.66,
            "eps_latest_yearly": 0.32,
            "eps_growth_yearly": 342.89
        },
        "20142": {
            "year_quarter": 20142,
            "year": 2014,
            "quarter": 2,
            "eps": 0.07,
            "eps_growth_year": -58.82,
            "eps_4q": 0.33,
            "eps_4q_growth_year": 1.37,
            "roe": 0.51,
            "roe_4q": 2.35,
            "gross_profit": 39925,
            "gross_margin": 8.21,
            "gross_margin_4q_avg": 7.86,
            "net_income": 9816,
            "revenue": 486560,
            "common_shares": 1386670,
            "book_valuer_per_share": 13.55,
            "book_valuer_per_share_4q_avg": 13.82,
            "equity": 1879321,
            "current_ratio": 507.59,
            "debt_ratio": 18.66,
            "inventory_turnover_ratio": 0.78,
            "account_receivable_turnover_ratio": 1.81,
            "reinvestment_rate": 37.88,
            "research_to_sale_ratio": 0.41,
            "price_fair": 23.1,
            "eps_avg_yearly": 0.66,
            "eps_latest_yearly": 0.28,
            "eps_growth_yearly": 238.73
        },
        "20143": {
            "year_quarter": 20143,
            "year": 2014,
            "quarter": 3,
            "eps": 0.01,
            "eps_growth_year": -92.31,
            "eps_4q": 0.21,
            "eps_4q_growth_year": -51.07,
            "roe": 0.07,
            "roe_4q": 1.4900000000000002,
            "gross_profit": 23875,
            "gross_margin": 5.21,
            "gross_margin_4q_avg": 6.95,
            "net_income": 1397,
            "revenue": 458608,
            "common_shares": 1386670,
            "book_valuer_per_share": 13.56,
            "book_valuer_per_share_4q_avg": 13.76,
            "equity": 1879853,
            "current_ratio": 803.38,
            "debt_ratio": 15.22,
            "inventory_turnover_ratio": 0.77,
            "account_receivable_turnover_ratio": 1.7,
            "reinvestment_rate": 21.2,
            "research_to_sale_ratio": 0.46,
            "price_fair": 1.23,
            "eps_avg_yearly": 0.41,
            "eps_latest_yearly": 0.04,
            "eps_growth_yearly": -73.18
        },
        "20144": {
            "year_quarter": 20144,
            "year": 2014,
            "quarter": 4,
            "eps": 0.05,
            "eps_growth_year": 4.62,
            "eps_4q": 0.21,
            "eps_4q_growth_year": -55.48,
            "roe": 0.38,
            "roe_4q": 1.52,
            "gross_profit": 35776,
            "gross_margin": 7.08,
            "gross_margin_4q_avg": 7.03,
            "net_income": 7072,
            "revenue": 505211,
            "common_shares": 1386670,
            "book_valuer_per_share": 13.53,
            "book_valuer_per_share_4q_avg": 13.66,
            "equity": 1876026,
            "current_ratio": 746.34,
            "debt_ratio": 16.2,
            "inventory_turnover_ratio": 0.83,
            "account_receivable_turnover_ratio": 1.83,
            "reinvestment_rate": 16.42,
            "research_to_sale_ratio": 0.48,
            "price_fair": 13.78,
            "eps_avg_yearly": 0.39,
            "eps_latest_yearly": 0.2,
            "eps_growth_yearly": 55.53
        },
        "20151": {
            "year_quarter": 20151,
            "year": 2015,
            "quarter": 1,
            "eps": 0.12,
            "eps_growth_year": 50,
            "eps_4q": 0.25,
            "eps_4q_growth_year": -40.54,
            "roe": 0.87,
            "roe_4q": 1.83,
            "gross_profit": 50242,
            "gross_margin": 10.63,
            "gross_margin_4q_avg": 7.78,
            "net_income": 16507,
            "revenue": 472498,
            "common_shares": 1386670,
            "book_valuer_per_share": 13.76,
            "book_valuer_per_share_4q_avg": 13.6,
            "equity": 1908565,
            "current_ratio": 894.01,
            "debt_ratio": 15,
            "inventory_turnover_ratio": 0.75,
            "account_receivable_turnover_ratio": 1.86,
            "reinvestment_rate": 20.82,
            "research_to_sale_ratio": 0.48,
            "price_fair": 14,
            "eps_avg_yearly": 0.4,
            "eps_latest_yearly": 0.48,
            "eps_growth_yearly": 91.56
        },
        "20152": {
            "year_quarter": 20152,
            "year": 2015,
            "quarter": 2,
            "eps": 0.17,
            "eps_growth_year": 142.86,
            "eps_4q": 0.35,
            "eps_4q_growth_year": 9.11,
            "roe": 1.25,
            "roe_4q": 2.57,
            "gross_profit": 67616,
            "gross_margin": 14.81,
            "gross_margin_4q_avg": 9.43,
            "net_income": 24198,
            "revenue": 456541,
            "common_shares": 1386670,
            "book_valuer_per_share": 14.08,
            "book_valuer_per_share_4q_avg": 13.73,
            "equity": 1952033,
            "current_ratio": 619.84,
            "debt_ratio": 16.99,
            "inventory_turnover_ratio": 0.71,
            "account_receivable_turnover_ratio": 1.93,
            "reinvestment_rate": 6.66,
            "research_to_sale_ratio": 0.48,
            "price_fair": 12.8,
            "eps_avg_yearly": 0.37,
            "eps_latest_yearly": 0.68,
            "eps_growth_yearly": 90.61
        },
        "20153": {
            "year_quarter": 20153,
            "year": 2015,
            "quarter": 3,
            "eps": 0.22,
            "eps_growth_year": 2100,
            "eps_4q": 0.56,
            "eps_4q_growth_year": 170.57,
            "roe": 1.54,
            "roe_4q": 4.04,
            "gross_profit": 54355,
            "gross_margin": 11.93,
            "gross_margin_4q_avg": 11.11,
            "net_income": 30016,
            "revenue": 455503,
            "common_shares": 1386670,
            "book_valuer_per_share": 14.09,
            "book_valuer_per_share_4q_avg": 13.87,
            "equity": 1953742,
            "current_ratio": 685.75,
            "debt_ratio": 16.47,
            "inventory_turnover_ratio": 0.72,
            "account_receivable_turnover_ratio": 1.79,
            "reinvestment_rate": -30.68,
            "research_to_sale_ratio": 0.48,
            "price_fair": 13.5,
            "eps_avg_yearly": 0.39,
            "eps_latest_yearly": 0.88,
            "eps_growth_yearly": 112.81
        },
        "20154": {
            "year_quarter": 20154,
            "year": 2015,
            "quarter": 4,
            "eps": 0.14,
            "eps_growth_year": 167.82,
            "eps_4q": 0.65,
            "eps_4q_growth_year": 208.49,
            "roe": 0.97,
            "roe_4q": 4.63,
            "gross_profit": 55403,
            "gross_margin": 12.12,
            "gross_margin_4q_avg": 12.37,
            "net_income": 18940,
            "revenue": 457206,
            "common_shares": 1386670,
            "book_valuer_per_share": 13.99,
            "book_valuer_per_share_4q_avg": 13.98,
            "equity": 1940329,
            "current_ratio": 749.1,
            "debt_ratio": 16.45,
            "inventory_turnover_ratio": 0.71,
            "account_receivable_turnover_ratio": 1.74,
            "reinvestment_rate": -39.4,
            "research_to_sale_ratio": 0.54,
            "price_fair": 13.8,
            "eps_avg_yearly": 0.39,
            "eps_latest_yearly": 0.56,
            "eps_growth_yearly": 110.04
        },
        "20161": {
            "year_quarter": 20161,
            "year": 2016,
            "quarter": 1,
            "eps": 0.1,
            "eps_growth_year": -16.67,
            "eps_4q": 0.62,
            "eps_4q_growth_year": 148.5,
            "roe": 0.68,
            "roe_4q": 4.4399999999999995,
            "gross_profit": 52048,
            "gross_margin": 13.19,
            "gross_margin_4q_avg": 13.01,
            "net_income": 13304,
            "revenue": 394594,
            "common_shares": 1386670,
            "book_valuer_per_share": 14.08,
            "book_valuer_per_share_4q_avg": 14.06,
            "equity": 1952217,
            "current_ratio": 682.02,
            "debt_ratio": 16.61,
            "inventory_turnover_ratio": 0.59,
            "account_receivable_turnover_ratio": 1.66,
            "reinvestment_rate": -74.73,
            "research_to_sale_ratio": 0.61,
            "price_fair": 14.1,
            "eps_avg_yearly": 0.4,
            "eps_latest_yearly": 0.4,
            "eps_growth_yearly": 112.26
        },
        "20162": {
            "year_quarter": 20162,
            "year": 2016,
            "quarter": 2,
            "eps": 0.19,
            "eps_growth_year": 11.76,
            "eps_4q": 0.64,
            "eps_4q_growth_year": 80.89,
            "roe": 1.39,
            "roe_4q": 4.58,
            "gross_profit": 64905,
            "gross_margin": 14.7,
            "gross_margin_4q_avg": 12.99,
            "net_income": 26692,
            "revenue": 441432,
            "common_shares": 1386670,
            "book_valuer_per_share": 13.7,
            "book_valuer_per_share_4q_avg": 13.97,
            "equity": 1899724,
            "current_ratio": 518.03,
            "debt_ratio": 16.02,
            "inventory_turnover_ratio": 0.65,
            "account_receivable_turnover_ratio": 1.88,
            "reinvestment_rate": -36.06,
            "research_to_sale_ratio": 0.8,
            "price_fair": 15.2,
            "eps_avg_yearly": 0.43,
            "eps_latest_yearly": 0.76,
            "eps_growth_yearly": 133.89
        },
        "20163": {
            "year_quarter": 20163,
            "year": 2016,
            "quarter": 3,
            "eps": 0.1,
            "eps_growth_year": -54.55,
            "eps_4q": 0.52,
            "eps_4q_growth_year": -6.51,
            "roe": 0.72,
            "roe_4q": 3.76,
            "gross_profit": 45933,
            "gross_margin": 11.3,
            "gross_margin_4q_avg": 12.83,
            "net_income": 13794,
            "revenue": 406482,
            "common_shares": 1386670,
            "book_valuer_per_share": 13.8,
            "book_valuer_per_share_4q_avg": 13.89,
            "equity": 1913164,
            "current_ratio": 720.46,
            "debt_ratio": 13.21,
            "inventory_turnover_ratio": 0.62,
            "account_receivable_turnover_ratio": 1.72,
            "reinvestment_rate": -26.01,
            "research_to_sale_ratio": 0.71,
            "price_fair": 16,
            "eps_avg_yearly": 0.46,
            "eps_latest_yearly": 0.4,
            "eps_growth_yearly": 141.79
        },
        "20164": {
            "year_quarter": 20164,
            "year": 2016,
            "quarter": 4,
            "eps": 0.07,
            "eps_growth_year": -52.22,
            "eps_4q": 0.45,
            "eps_4q_growth_year": -29.91,
            "roe": 0.47,
            "roe_4q": 3.2600000000000002,
            "gross_profit": 41891,
            "gross_margin": 9.64,
            "gross_margin_4q_avg": 12.21,
            "net_income": 9050,
            "revenue": 434690,
            "common_shares": 1386670,
            "book_valuer_per_share": 13.76,
            "book_valuer_per_share_4q_avg": 13.84,
            "equity": 1907716,
            "current_ratio": 477.04,
            "debt_ratio": 17.05,
            "inventory_turnover_ratio": 0.68,
            "account_receivable_turnover_ratio": 1.72,
            "reinvestment_rate": -10.01,
            "research_to_sale_ratio": 0.87,
            "price_fair": 15.59,
            "eps_avg_yearly": 0.45,
            "eps_latest_yearly": 0.28,
            "eps_growth_yearly": 124.34
        },
        "20171": {
            "year_quarter": 20171,
            "year": 2017,
            "quarter": 1,
            "eps": -0.01,
            "eps_growth_year": -110,
            "eps_4q": 0.35,
            "eps_4q_growth_year": -43.59,
            "roe": -0.04,
            "roe_4q": 2.54,
            "gross_profit": 33792,
            "gross_margin": 8.87,
            "gross_margin_4q_avg": 11.13,
            "net_income": -768,
            "revenue": 380999,
            "common_shares": 1386670,
            "book_valuer_per_share": 13.74,
            "book_valuer_per_share_4q_avg": 13.75,
            "equity": 1905887,
            "current_ratio": 746.59,
            "debt_ratio": 13.13,
            "inventory_turnover_ratio": 0.59,
            "account_receivable_turnover_ratio": 1.55,
            "reinvestment_rate": -9.58,
            "research_to_sale_ratio": 0.68,
            "price_fair": 15.59,
            "eps_avg_yearly": 0.45,
            "eps_latest_yearly": 0.28,
            "eps_growth_yearly": 124.34
        },
        "20172": {
            "year_quarter": 20172,
            "year": 2017,
            "quarter": 2,
            "eps": -0.02,
            "eps_growth_year": -110.53,
            "eps_4q": 0.14,
            "eps_4q_growth_year": -78.4,
            "roe": -0.15,
            "roe_4q": 1,
            "gross_profit": 29485,
            "gross_margin": 7.29,
            "gross_margin_4q_avg": 9.28,
            "net_income": -2859,
            "revenue": 404428,
            "common_shares": 1386670,
            "book_valuer_per_share": 13.42,
            "book_valuer_per_share_4q_avg": 13.68,
            "equity": 1861251,
            "current_ratio": 560.41,
            "debt_ratio": 15.25,
            "inventory_turnover_ratio": 0.63,
            "account_receivable_turnover_ratio": 1.89,
            "reinvestment_rate": -12.53,
            "research_to_sale_ratio": 0.82,
            "price_fair": 15,
            "eps_avg_yearly": 0.43,
            "eps_latest_yearly": 0.28,
            "eps_growth_yearly": 124.43
        },
        "20173": {
            "year_quarter": 20173,
            "year": 2017,
            "quarter": 3,
            "eps": 0.09,
            "eps_growth_year": -10,
            "eps_4q": 0.13,
            "eps_4q_growth_year": -74.93,
            "roe": 0.69,
            "roe_4q": 0.97,
            "gross_profit": 19297,
            "gross_margin": 4.78,
            "gross_margin_4q_avg": 7.65,
            "net_income": 12812,
            "revenue": 404085,
            "common_shares": 1386670,
            "book_valuer_per_share": 13.51,
            "book_valuer_per_share_4q_avg": 13.61,
            "equity": 1873001,
            "current_ratio": 650.39,
            "debt_ratio": 14.23,
            "inventory_turnover_ratio": 0.64,
            "account_receivable_turnover_ratio": 1.94,
            "reinvestment_rate": -16.92,
            "research_to_sale_ratio": 0.63,
            "price_fair": 14.75,
            "eps_avg_yearly": 0.42,
            "eps_latest_yearly": 0.28,
            "eps_growth_yearly": 141.24
        },
        "20174": {
            "year_quarter": 20174,
            "year": 2017,
            "quarter": 4,
            "eps": 0.02,
            "eps_growth_year": -64.02,
            "eps_4q": 0.09,
            "eps_4q_growth_year": -80.2,
            "roe": 0.17,
            "roe_4q": 0.6699999999999999,
            "gross_profit": 17173,
            "gross_margin": 4.08,
            "gross_margin_4q_avg": 6.26,
            "net_income": 3256,
            "revenue": 420459,
            "common_shares": 1386670,
            "book_valuer_per_share": 13.44,
            "book_valuer_per_share_4q_avg": 13.53,
            "equity": 1864050,
            "current_ratio": 579.04,
            "debt_ratio": 15.84,
            "inventory_turnover_ratio": 0.67,
            "account_receivable_turnover_ratio": 1.91,
            "reinvestment_rate": -25.95,
            "research_to_sale_ratio": 0.8,
            "price_fair": 14.43,
            "eps_avg_yearly": 0.41,
            "eps_latest_yearly": 0.08,
            "eps_growth_yearly": 136.24
        },
        "20181": {
            "year_quarter": 20181,
            "year": 2018,
            "quarter": 1,
            "eps": -0.11,
            "eps_growth_year": null,
            "eps_4q": -0.01,
            "eps_4q_growth_year": -104.05,
            "roe": -0.82,
            "roe_4q": -0.10999999999999996,
            "gross_profit": 11592,
            "gross_margin": 3.1,
            "gross_margin_4q_avg": 4.81,
            "net_income": -15183,
            "revenue": 374293,
            "common_shares": 1386670,
            "book_valuer_per_share": 13.3,
            "book_valuer_per_share_4q_avg": 13.42,
            "equity": 1844720,
            "current_ratio": 750.58,
            "debt_ratio": 13.99,
            "inventory_turnover_ratio": 0.62,
            "account_receivable_turnover_ratio": 1.71,
            "reinvestment_rate": -123.36,
            "research_to_sale_ratio": 0.67,
            "price_fair": 14.7,
            "eps_avg_yearly": 0.42,
            "eps_latest_yearly": 0.08,
            "eps_growth_yearly": 127.59
        },
        "20182": {
            "year_quarter": 20182,
            "year": 2018,
            "quarter": 2,
            "eps": -0.01,
            "eps_growth_year": null,
            "eps_4q": -0,
            "eps_4q_growth_year": -100.47,
            "roe": -0.05,
            "roe_4q": -0.010000000000000009,
            "gross_profit": 26163,
            "gross_margin": 6.09,
            "gross_margin_4q_avg": 4.51,
            "net_income": -975,
            "revenue": 429757,
            "common_shares": 1386670,
            "book_valuer_per_share": 13.07,
            "book_valuer_per_share_4q_avg": 13.33,
            "equity": 1813003,
            "current_ratio": 536.39,
            "debt_ratio": 16.62,
            "inventory_turnover_ratio": 0.7,
            "account_receivable_turnover_ratio": 1.87,
            "reinvestment_rate": -130.67,
            "research_to_sale_ratio": 0.64,
            "price_fair": 15.15,
            "eps_avg_yearly": 0.43,
            "eps_latest_yearly": 0.08,
            "eps_growth_yearly": 143.74
        },
        "20183": {
            "year_quarter": 20183,
            "year": 2018,
            "quarter": 3,
            "eps": -0.01,
            "eps_growth_year": -111.11,
            "eps_4q": -0.11,
            "eps_4q_growth_year": -181.33,
            "roe": -0.11,
            "roe_4q": -0.8099999999999999,
            "gross_profit": 21678,
            "gross_margin": 5.58,
            "gross_margin_4q_avg": 4.71,
            "net_income": -1929,
            "revenue": 388364,
            "common_shares": 1386670,
            "book_valuer_per_share": 13.05,
            "book_valuer_per_share_4q_avg": 13.22,
            "equity": 1808950,
            "current_ratio": 590.37,
            "debt_ratio": 15.7,
            "inventory_turnover_ratio": 0.64,
            "account_receivable_turnover_ratio": 1.58,
            "reinvestment_rate": -126.29,
            "research_to_sale_ratio": 0.67,
            "price_fair": 16.52,
            "eps_avg_yearly": 0.47,
            "eps_latest_yearly": 0.08,
            "eps_growth_yearly": 192.4
        },
        "20184": {
            "year_quarter": 20184,
            "year": 2018,
            "quarter": 4,
            "eps": -0.05,
            "eps_growth_year": -294.82,
            "eps_4q": -0.18,
            "eps_4q_growth_year": -302.94,
            "roe": -0.34,
            "roe_4q": -1.3199999999999998,
            "gross_profit": 22007,
            "gross_margin": 5.79,
            "gross_margin_4q_avg": 5.14,
            "net_income": -6069,
            "revenue": 379856,
            "common_shares": 1386670,
            "book_valuer_per_share": 13.87,
            "book_valuer_per_share_4q_avg": 13.32,
            "equity": 1756762,
            "current_ratio": 494.01,
            "debt_ratio": 17.41,
            "inventory_turnover_ratio": 0.62,
            "account_receivable_turnover_ratio": 1.6,
            "reinvestment_rate": -137.51,
            "research_to_sale_ratio": 0.58,
            "price_fair": 17.58,
            "eps_avg_yearly": 0.5,
            "eps_latest_yearly": 0.08,
            "eps_growth_yearly": 36
        },
        "20191": {
            "year_quarter": 20191,
            "year": 2019,
            "quarter": 1,
            "eps": -0.03,
            "eps_growth_year": null,
            "eps_4q": -0.1,
            "eps_4q_growth_year": null,
            "roe": -0.21,
            "roe_4q": -0.7100000000000001,
            "gross_profit": 25920,
            "gross_margin": 6.62,
            "gross_margin_4q_avg": 6.02,
            "net_income": -3750,
            "revenue": 391398,
            "common_shares": 1326670,
            "book_valuer_per_share": 13.2,
            "book_valuer_per_share_4q_avg": 13.3,
            "equity": 1751420,
            "current_ratio": 571.68,
            "debt_ratio": 16.12,
            "inventory_turnover_ratio": 0.66,
            "account_receivable_turnover_ratio": 1.71,
            "reinvestment_rate": -176.3,
            "research_to_sale_ratio": 0.64,
            "price_fair": 1.52,
            "eps_avg_yearly": 0.51,
            "eps_latest_yearly": 0.08,
            "eps_growth_yearly": -29.5
        },
        "20192": {
            "year_quarter": 20192,
            "year": 2019,
            "quarter": 2,
            "eps": -0.04,
            "eps_growth_year": null,
            "eps_4q": -0.13,
            "eps_4q_growth_year": null,
            "roe": -0.33,
            "roe_4q": -0.9900000000000001,
            "gross_profit": 19656,
            "gross_margin": 5.92,
            "gross_margin_4q_avg": 5.98,
            "net_income": -5668,
            "revenue": 331839,
            "common_shares": 1326670,
            "book_valuer_per_share": 12.93,
            "book_valuer_per_share_4q_avg": 13.26,
            "equity": 1715470,
            "current_ratio": 579.56,
            "debt_ratio": 16.06,
            "inventory_turnover_ratio": 0.59,
            "account_receivable_turnover_ratio": 1.71,
            "reinvestment_rate": -303.44,
            "research_to_sale_ratio": 0.75,
            "price_fair": 1.44,
            "eps_avg_yearly": 0.48,
            "eps_latest_yearly": 0.08,
            "eps_growth_yearly": -57.53
        },
        "20193": {
            "year_quarter": 20193,
            "year": 2019,
            "quarter": 3,
            "eps": -0.14,
            "eps_growth_year": null,
            "eps_4q": -0.26,
            "eps_4q_growth_year": null,
            "roe": -1.09,
            "roe_4q": -1.9700000000000002,
            "gross_profit": 5385,
            "gross_margin": 1.82,
            "gross_margin_4q_avg": 5.04,
            "net_income": -18557,
            "revenue": 296014,
            "common_shares": 1326670,
            "book_valuer_per_share": 12.79,
            "book_valuer_per_share_4q_avg": 13.2,
            "equity": 1696296,
            "current_ratio": 597.05,
            "debt_ratio": 15.75,
            "inventory_turnover_ratio": 0.55,
            "account_receivable_turnover_ratio": 1.82,
            "reinvestment_rate": -593.67,
            "research_to_sale_ratio": 0.84,
            "price_fair": 1.24,
            "eps_avg_yearly": 0.41,
            "eps_latest_yearly": 0.08,
            "eps_growth_yearly": -86.72
        },
        "20194": {
            "year_quarter": 20194,
            "year": 2019,
            "quarter": 4,
            "eps": -0.09,
            "eps_growth_year": null,
            "eps_4q": -0.3,
            "eps_4q_growth_year": null,
            "roe": -0.73,
            "roe_4q": -2.36,
            "gross_profit": 19733,
            "gross_margin": 5.62,
            "gross_margin_4q_avg": 5,
            "net_income": -12303,
            "revenue": 351280,
            "common_shares": 1326670,
            "book_valuer_per_share": 12.63,
            "book_valuer_per_share_4q_avg": 12.89,
            "equity": 1675042,
            "current_ratio": 509.35,
            "debt_ratio": 17.41,
            "inventory_turnover_ratio": 0.64,
            "account_receivable_turnover_ratio": 2.11,
            "reinvestment_rate": -2090.02,
            "research_to_sale_ratio": 0.81,
            "price_fair": 1.15,
            "eps_avg_yearly": 0.38,
            "eps_latest_yearly": 0.08,
            "eps_growth_yearly": -74.97
        },
        "20201": {
            "year_quarter": 20201,
            "year": 2020,
            "quarter": 1,
            "eps": -0.01,
            "eps_growth_year": null,
            "eps_4q": -0.29,
            "eps_4q_growth_year": null,
            "roe": -0.11,
            "roe_4q": -2.2600000000000002,
            "gross_profit": 29920,
            "gross_margin": 9.42,
            "gross_margin_4q_avg": 5.7,
            "net_income": -1816,
            "revenue": 317536,
            "common_shares": 1326670,
            "book_valuer_per_share": 12.66,
            "book_valuer_per_share_4q_avg": 12.75,
            "equity": 1668066,
            "current_ratio": 589.74,
            "debt_ratio": 16.15,
            "inventory_turnover_ratio": 0.58,
            "account_receivable_turnover_ratio": 1.9,
            "reinvestment_rate": null,
            "research_to_sale_ratio": 0.75,
            "price_fair": 1.14,
            "eps_avg_yearly": 0.38,
            "eps_latest_yearly": 0.08,
            "eps_growth_yearly": -65.15
        },
        "20202": {
            "year_quarter": 20202,
            "year": 2020,
            "quarter": 2,
            "eps": -0.24,
            "eps_growth_year": null,
            "eps_4q": -0.49,
            "eps_4q_growth_year": null,
            "roe": -1.92,
            "roe_4q": -3.8499999999999996,
            "gross_profit": -23683,
            "gross_margin": -14.36,
            "gross_margin_4q_avg": 0.63,
            "net_income": -31431,
            "revenue": 164889,
            "common_shares": 1306660,
            "book_valuer_per_share": 12.32,
            "book_valuer_per_share_4q_avg": 12.6,
            "equity": 1610216,
            "current_ratio": 411.21,
            "debt_ratio": 19.45,
            "inventory_turnover_ratio": 0.4,
            "account_receivable_turnover_ratio": 1.43,
            "reinvestment_rate": null,
            "research_to_sale_ratio": 1.37,
            "price_fair": 0.76,
            "eps_avg_yearly": 0.25,
            "eps_latest_yearly": 0.08,
            "eps_growth_yearly": -206.86
        },
        "20203": {
            "year_quarter": 20203,
            "year": 2020,
            "quarter": 3,
            "eps": -0.1,
            "eps_growth_year": null,
            "eps_4q": -0.45,
            "eps_4q_growth_year": null,
            "roe": -0.8,
            "roe_4q": -3.5599999999999996,
            "gross_profit": -13698,
            "gross_margin": -6.69,
            "gross_margin_4q_avg": -1.5,
            "net_income": -12877,
            "revenue": 204682,
            "common_shares": 1306660,
            "book_valuer_per_share": 12.2,
            "book_valuer_per_share_4q_avg": 12.45,
            "equity": 1593937,
            "current_ratio": 419.39,
            "debt_ratio": 19.18,
            "inventory_turnover_ratio": 0.51,
            "account_receivable_turnover_ratio": 2.32,
            "reinvestment_rate": null,
            "research_to_sale_ratio": 1.03,
            "price_fair": 0.54,
            "eps_avg_yearly": 0.18,
            "eps_latest_yearly": 0.08,
            "eps_growth_yearly": -215.56
        },
        "20204": {
            "year_quarter": 20204,
            "year": 2020,
            "quarter": 4,
            "eps": -0.09,
            "eps_growth_year": null,
            "eps_4q": -0.44,
            "eps_4q_growth_year": null,
            "roe": -0.74,
            "roe_4q": -3.57,
            "gross_profit": 2373,
            "gross_margin": 1.03,
            "gross_margin_4q_avg": -2.65,
            "net_income": -11782,
            "revenue": 230363,
            "common_shares": 1306660,
            "book_valuer_per_share": 12.19,
            "book_valuer_per_share_4q_avg": 12.34,
            "equity": 1592896,
            "current_ratio": 420.65,
            "debt_ratio": 19.18,
            "inventory_turnover_ratio": 0.58,
            "account_receivable_turnover_ratio": 2.4,
            "reinvestment_rate": null,
            "research_to_sale_ratio": 0.98,
            "price_fair": 0.24,
            "eps_avg_yearly": 0.08,
            "eps_latest_yearly": 0.08,
            "eps_growth_yearly": -311.11
        },
        "20211": {
            "year_quarter": 20211,
            "year": 2021,
            "quarter": 1,
            "eps": -0.11,
            "eps_growth_year": null,
            "eps_4q": -0.54,
            "eps_4q_growth_year": null,
            "roe": -0.9,
            "roe_4q": -4.36,
            "gross_profit": 14208,
            "gross_margin": 5.29,
            "gross_margin_4q_avg": -3.68,
            "net_income": -14212,
            "revenue": 268568,
            "common_shares": 1306660,
            "book_valuer_per_share": 12.07,
            "book_valuer_per_share_4q_avg": 12.2,
            "equity": 1577040,
            "current_ratio": 629.41,
            "debt_ratio": 15.59,
            "inventory_turnover_ratio": 0.68,
            "account_receivable_turnover_ratio": 2.51,
            "reinvestment_rate": null,
            "research_to_sale_ratio": 0.98,
            "price_fair": 0.24,
            "eps_avg_yearly": 0.08,
            "eps_latest_yearly": 0.08,
            "eps_growth_yearly": -311.11
        },
        "20212": {
            "year_quarter": 20212,
            "year": 2021,
            "quarter": 2,
            "eps": 0.01,
            "eps_growth_year": null,
            "eps_4q": -0.29,
            "eps_4q_growth_year": null,
            "roe": 0.04,
            "roe_4q": -2.4000000000000004,
            "gross_profit": 15478,
            "gross_margin": 5.31,
            "gross_margin_4q_avg": 1.24,
            "net_income": 657,
            "revenue": 291422,
            "common_shares": 1306660,
            "book_valuer_per_share": 12.35,
            "book_valuer_per_share_4q_avg": 12.2,
            "equity": 1613349,
            "current_ratio": 620.68,
            "debt_ratio": 15.42,
            "inventory_turnover_ratio": 0.72,
            "account_receivable_turnover_ratio": 2.14,
            "reinvestment_rate": null,
            "research_to_sale_ratio": 0.78,
            "price_fair": 0.24,
            "eps_avg_yearly": 0.08,
            "eps_latest_yearly": 0.08,
            "eps_growth_yearly": -311.11
        },
        "20213": {
            "year_quarter": 20213,
            "year": 2021,
            "quarter": 3,
            "eps": -0.07,
            "eps_growth_year": null,
            "eps_4q": -0.27,
            "eps_4q_growth_year": null,
            "roe": -0.59,
            "roe_4q": -2.19,
            "gross_profit": 21984,
            "gross_margin": 6.78,
            "gross_margin_4q_avg": 4.6,
            "net_income": -9333,
            "revenue": 324078,
            "common_shares": 1306660,
            "book_valuer_per_share": 12.01,
            "book_valuer_per_share_4q_avg": 12.16,
            "equity": 1569392,
            "current_ratio": 521.26,
            "debt_ratio": 16.79,
            "inventory_turnover_ratio": 0.76,
            "account_receivable_turnover_ratio": 2.05,
            "reinvestment_rate": null,
            "research_to_sale_ratio": 0.7,
            "price_fair": 0.24,
            "eps_avg_yearly": 0.08,
            "eps_latest_yearly": 0.08,
            "eps_growth_yearly": -311.11
        },
        "20214": {
            "year_quarter": 20214,
            "year": 2021,
            "quarter": 4,
            "eps": -0.02,
            "eps_growth_year": null,
            "eps_4q": -0.19,
            "eps_4q_growth_year": null,
            "roe": -0.14,
            "roe_4q": -1.5899999999999999,
            "gross_profit": 32412,
            "gross_margin": 8.76,
            "gross_margin_4q_avg": 6.54,
            "net_income": -2305,
            "revenue": 370080,
            "common_shares": 1306660,
            "book_valuer_per_share": 12.6,
            "book_valuer_per_share_4q_avg": 12.26,
            "equity": 1646398,
            "current_ratio": 423.49,
            "debt_ratio": 18.11,
            "inventory_turnover_ratio": 0.86,
            "account_receivable_turnover_ratio": 1.87,
            "reinvestment_rate": null,
            "research_to_sale_ratio": 0.57,
            "price_fair": 0,
            "eps_avg_yearly": 0,
            "eps_latest_yearly": 0,
            "eps_growth_yearly": 0
        },
        "20221": {
            "year_quarter": 20221,
            "year": 2022,
            "quarter": 1,
            "eps": -0.01,
            "eps_growth_year": null,
            "eps_4q": -0.1,
            "eps_4q_growth_year": null,
            "roe": -0.11,
            "roe_4q": -0.7999999999999999,
            "gross_profit": 29268,
            "gross_margin": 8.37,
            "gross_margin_4q_avg": 7.31,
            "net_income": -1867,
            "revenue": 349884,
            "common_shares": 1306660,
            "book_valuer_per_share": 12.51,
            "book_valuer_per_share_4q_avg": 12.37,
            "equity": 1634160,
            "current_ratio": 359.64,
            "debt_ratio": 20.16,
            "inventory_turnover_ratio": 0.83,
            "account_receivable_turnover_ratio": 1.6,
            "reinvestment_rate": null,
            "research_to_sale_ratio": 0.56,
            "price_fair": 0,
            "eps_avg_yearly": 0,
            "eps_latest_yearly": 0,
            "eps_growth_yearly": 0
        },
        "20222": {
            "year_quarter": 20222,
            "year": 2022,
            "quarter": 2,
            "eps": -0.17,
            "eps_growth_year": -1800,
            "eps_4q": -0.28,
            "eps_4q_growth_year": null,
            "roe": -1.41,
            "roe_4q": -2.25,
            "gross_profit": -19046,
            "gross_margin": -5.27,
            "gross_margin_4q_avg": 4.66,
            "net_income": -22753,
            "revenue": 361245,
            "common_shares": 1306660,
            "book_valuer_per_share": 12.15,
            "book_valuer_per_share_4q_avg": 12.32,
            "equity": 1588239,
            "current_ratio": 338.32,
            "debt_ratio": 20.73,
            "inventory_turnover_ratio": 1.01,
            "account_receivable_turnover_ratio": 1.94,
            "reinvestment_rate": null,
            "research_to_sale_ratio": 0.68,
            "price_fair": 0,
            "eps_avg_yearly": 0,
            "eps_latest_yearly": 0,
            "eps_growth_yearly": 0
        },
        "20223": {
            "year_quarter": 20223,
            "year": 2022,
            "quarter": 3,
            "eps": 0.15,
            "eps_growth_year": null,
            "eps_4q": -0.05,
            "eps_4q_growth_year": null,
            "roe": 1.25,
            "roe_4q": -0.4099999999999999,
            "gross_profit": 43255,
            "gross_margin": 11.47,
            "gross_margin_4q_avg": 5.83,
            "net_income": 19899,
            "revenue": 377144,
            "common_shares": 1306660,
            "book_valuer_per_share": 12.19,
            "book_valuer_per_share_4q_avg": 12.36,
            "equity": 1592786,
            "current_ratio": 300.8,
            "debt_ratio": 22.88,
            "inventory_turnover_ratio": 0.87,
            "account_receivable_turnover_ratio": 2.05,
            "reinvestment_rate": null,
            "research_to_sale_ratio": 0.63,
            "price_fair": 0,
            "eps_avg_yearly": 0,
            "eps_latest_yearly": 0,
            "eps_growth_yearly": 0
        },
        "20224": {
            "year_quarter": 20224,
            "year": 2022,
            "quarter": 4,
            "eps": 0.12,
            "eps_growth_year": null,
            "eps_4q": 0.08,
            "eps_4q_growth_year": null,
            "roe": 0.97,
            "roe_4q": 0.6999999999999998,
            "gross_profit": 65641,
            "gross_margin": 15.52,
            "gross_margin_4q_avg": 7.52,
            "net_income": 15709,
            "revenue": 422935,
            "common_shares": 1306660,
            "book_valuer_per_share": 12.5,
            "book_valuer_per_share_4q_avg": 12.34,
            "equity": 1633037,
            "current_ratio": 281.37,
            "debt_ratio": 23.36,
            "inventory_turnover_ratio": 0.89,
            "account_receivable_turnover_ratio": 2.15,
            "reinvestment_rate": null,
            "research_to_sale_ratio": 0.61,
            "price_fair": 1.44,
            "eps_avg_yearly": 0.48,
            "eps_latest_yearly": 0.48,
            "eps_growth_yearly": -80
        },
        "20231": {
            "year_quarter": 20231,
            "year": 2023,
            "quarter": 1,
            "eps": 0.12,
            "eps_growth_year": null,
            "eps_4q": 0.22,
            "eps_4q_growth_year": null,
            "roe": 0.96,
            "roe_4q": 1.7699999999999998,
            "gross_profit": 65251,
            "gross_margin": 16.23,
            "gross_margin_4q_avg": 9.49,
            "net_income": 15673,
            "revenue": 402007,
            "common_shares": 1306660,
            "book_valuer_per_share": 12.6,
            "book_valuer_per_share_4q_avg": 12.36,
            "equity": 1646993,
            "current_ratio": 391.57,
            "debt_ratio": 21.11,
            "inventory_turnover_ratio": 0.83,
            "account_receivable_turnover_ratio": 2.02,
            "reinvestment_rate": null,
            "research_to_sale_ratio": 0.6,
            "price_fair": 1.44,
            "eps_avg_yearly": 0.48,
            "eps_latest_yearly": 0.48,
            "eps_growth_yearly": -40
        },
        "20232": {
            "year_quarter": 20232,
            "year": 2023,
            "quarter": 2,
            "eps": 0.11,
            "eps_growth_year": null,
            "eps_4q": 0.5,
            "eps_4q_growth_year": null,
            "roe": 0.83,
            "roe_4q": 4.01,
            "gross_profit": 57030,
            "gross_margin": 16.12,
            "gross_margin_4q_avg": 14.84,
            "net_income": 13975,
            "revenue": 353787,
            "common_shares": 1306660,
            "book_valuer_per_share": 13.2,
            "book_valuer_per_share_4q_avg": 12.62,
            "equity": 1724636,
            "current_ratio": 365.01,
            "debt_ratio": 20.9,
            "inventory_turnover_ratio": 0.72,
            "account_receivable_turnover_ratio": 1.74,
            "reinvestment_rate": null,
            "research_to_sale_ratio": 1,
            "price_fair": 1.4,
            "eps_avg_yearly": 0.47,
            "eps_latest_yearly": 0.44,
            "eps_growth_yearly": -37.78
        }
    },
    "months": {
        "2001-06": {
            "month": "2001-06",
            "price": "5.32",
            "revenue": 251758
        },
        "2001-07": {
            "month": "2001-07",
            "price": "4.67",
            "revenue": 251274
        },
        "2001-08": {
            "month": "2001-08",
            "price": "4.86",
            "revenue": 249471
        },
        "2001-09": {
            "month": "2001-09",
            "price": "5.96",
            "revenue": 209611
        },
        "2001-10": {
            "month": "2001-10",
            "price": "4.67",
            "revenue": 180340
        },
        "2001-11": {
            "month": "2001-11",
            "price": "4.55",
            "revenue": 161058
        },
        "2001-12": {
            "month": "2001-12",
            "price": "5.76",
            "revenue": 186693
        },
        "2002-01": {
            "month": "2002-01",
            "price": "5.80",
            "revenue": 190739
        },
        "2002-02": {
            "month": "2002-02",
            "price": "5.66",
            "revenue": 127115
        },
        "2002-03": {
            "month": "2002-03",
            "price": "6.87",
            "revenue": 154856
        },
        "2002-04": {
            "month": "2002-04",
            "price": "7.16",
            "revenue": 178304
        },
        "2002-05": {
            "month": "2002-05",
            "price": "6.29",
            "revenue": 199605
        },
        "2002-06": {
            "month": "2002-06",
            "price": "6.35",
            "revenue": 173149
        },
        "2002-07": {
            "month": "2002-07",
            "price": "5.99",
            "revenue": 180193
        },
        "2002-08": {
            "month": "2002-08",
            "price": "5.32",
            "revenue": 179134
        },
        "2002-09": {
            "month": "2002-09",
            "price": "4.81",
            "revenue": 176222
        },
        "2002-10": {
            "month": "2002-10",
            "price": "5.06",
            "revenue": 179617
        },
        "2002-11": {
            "month": "2002-11",
            "price": "4.94",
            "revenue": 180478
        },
        "2002-12": {
            "month": "2002-12",
            "price": "5.22",
            "revenue": 208806
        },
        "2003-01": {
            "month": "2003-01",
            "price": "5.94",
            "revenue": 212931
        },
        "2003-02": {
            "month": "2003-02",
            "price": "5.60",
            "revenue": 136244
        },
        "2003-03": {
            "month": "2003-03",
            "price": "5.02",
            "revenue": 154653
        },
        "2003-04": {
            "month": "2003-04",
            "price": "4.87",
            "revenue": 131367
        },
        "2003-05": {
            "month": "2003-05",
            "price": "4.52",
            "revenue": 175453
        },
        "2003-06": {
            "month": "2003-06",
            "price": "5.02",
            "revenue": 179400
        },
        "2003-07": {
            "month": "2003-07",
            "price": "5.24",
            "revenue": 193800
        },
        "2003-08": {
            "month": "2003-08",
            "price": "5.10",
            "revenue": 192400
        },
        "2003-09": {
            "month": "2003-09",
            "price": "4.71",
            "revenue": 179058
        },
        "2003-10": {
            "month": "2003-10",
            "price": "5.01",
            "revenue": 175278
        },
        "2003-11": {
            "month": "2003-11",
            "price": "5.30",
            "revenue": 187381
        },
        "2003-12": {
            "month": "2003-12",
            "price": "5.16",
            "revenue": 216186
        },
        "2004-01": {
            "month": "2004-01",
            "price": "5.50",
            "revenue": 186548
        },
        "2004-02": {
            "month": "2004-02",
            "price": "6.94",
            "revenue": 207399
        },
        "2004-03": {
            "month": "2004-03",
            "price": "6.78",
            "revenue": 200262
        },
        "2004-04": {
            "month": "2004-04",
            "price": "7.55",
            "revenue": 189279
        },
        "2004-05": {
            "month": "2004-05",
            "price": "5.78",
            "revenue": 179705
        },
        "2004-06": {
            "month": "2004-06",
            "price": "5.60",
            "revenue": 185200
        },
        "2004-07": {
            "month": "2004-07",
            "price": "5.09",
            "revenue": 218477
        },
        "2004-08": {
            "month": "2004-08",
            "price": "4.89",
            "revenue": 228665
        },
        "2004-09": {
            "month": "2004-09",
            "price": "5.35",
            "revenue": 239620
        },
        "2004-10": {
            "month": "2004-10",
            "price": "5.12",
            "revenue": 207342
        },
        "2004-11": {
            "month": "2004-11",
            "price": "4.89",
            "revenue": 173973
        },
        "2004-12": {
            "month": "2004-12",
            "price": "5.00",
            "revenue": 185594
        },
        "2005-01": {
            "month": "2005-01",
            "price": "5.23",
            "revenue": 199551
        },
        "2005-02": {
            "month": "2005-02",
            "price": "4.94",
            "revenue": 148663
        },
        "2005-03": {
            "month": "2005-03",
            "price": "4.61",
            "revenue": 200153
        },
        "2005-04": {
            "month": "2005-04",
            "price": "3.86",
            "revenue": 158257
        },
        "2005-05": {
            "month": "2005-05",
            "price": "4.03",
            "revenue": 170427
        },
        "2005-06": {
            "month": "2005-06",
            "price": "4.58",
            "revenue": 180577
        },
        "2005-07": {
            "month": "2005-07",
            "price": "4.24",
            "revenue": 175982
        },
        "2005-08": {
            "month": "2005-08",
            "price": "3.88",
            "revenue": 200653
        },
        "2005-09": {
            "month": "2005-09",
            "price": "3.78",
            "revenue": 202540
        },
        "2005-10": {
            "month": "2005-10",
            "price": "3.81",
            "revenue": 207535
        },
        "2005-11": {
            "month": "2005-11",
            "price": "3.69",
            "revenue": 175615
        },
        "2005-12": {
            "month": "2005-12",
            "price": "3.79",
            "revenue": 214622
        },
        "2006-01": {
            "month": "2006-01",
            "price": "3.94",
            "revenue": 173534
        },
        "2006-02": {
            "month": "2006-02",
            "price": "3.89",
            "revenue": 143373
        },
        "2006-03": {
            "month": "2006-03",
            "price": "3.58",
            "revenue": 161983
        },
        "2006-04": {
            "month": "2006-04",
            "price": "3.56",
            "revenue": 165497
        },
        "2006-05": {
            "month": "2006-05",
            "price": "4.19",
            "revenue": 168650
        },
        "2006-06": {
            "month": "2006-06",
            "price": "3.89",
            "revenue": 190123
        },
        "2006-07": {
            "month": "2006-07",
            "price": "4.01",
            "revenue": 184661
        },
        "2006-08": {
            "month": "2006-08",
            "price": "3.81",
            "revenue": 204533
        },
        "2006-09": {
            "month": "2006-09",
            "price": "3.75",
            "revenue": 177611
        },
        "2006-10": {
            "month": "2006-10",
            "price": "4.01",
            "revenue": 155355
        },
        "2006-11": {
            "month": "2006-11",
            "price": "4.18",
            "revenue": 200393
        },
        "2006-12": {
            "month": "2006-12",
            "price": "5.30",
            "revenue": 185331
        },
        "2007-01": {
            "month": "2007-01",
            "price": "5.14",
            "revenue": 177114
        },
        "2007-02": {
            "month": "2007-02",
            "price": "4.75",
            "revenue": 145836
        },
        "2007-03": {
            "month": "2007-03",
            "price": "4.63",
            "revenue": 194779
        },
        "2007-04": {
            "month": "2007-04",
            "price": "5.34",
            "revenue": 201805
        },
        "2007-05": {
            "month": "2007-05",
            "price": "4.98",
            "revenue": 217989
        },
        "2007-06": {
            "month": "2007-06",
            "price": "5.25",
            "revenue": 231496
        },
        "2007-07": {
            "month": "2007-07",
            "price": "6.99",
            "revenue": 214815
        },
        "2007-08": {
            "month": "2007-08",
            "price": "7.39",
            "revenue": 242524
        },
        "2007-09": {
            "month": "2007-09",
            "price": "9.16",
            "revenue": 205153
        },
        "2007-10": {
            "month": "2007-10",
            "price": "8.86",
            "revenue": 229385
        },
        "2007-11": {
            "month": "2007-11",
            "price": "7.43",
            "revenue": 210964
        },
        "2007-12": {
            "month": "2007-12",
            "price": "7.27",
            "revenue": 192574
        },
        "2008-01": {
            "month": "2008-01",
            "price": "6.39",
            "revenue": 186111
        },
        "2008-02": {
            "month": "2008-02",
            "price": "6.69",
            "revenue": 146330
        },
        "2008-03": {
            "month": "2008-03",
            "price": "6.99",
            "revenue": 197143
        },
        "2008-04": {
            "month": "2008-04",
            "price": "7.60",
            "revenue": 202901
        },
        "2008-05": {
            "month": "2008-05",
            "price": "7.35",
            "revenue": 203343
        },
        "2008-06": {
            "month": "2008-06",
            "price": "6.88",
            "revenue": 211507
        },
        "2008-07": {
            "month": "2008-07",
            "price": "5.96",
            "revenue": 184363
        },
        "2008-08": {
            "month": "2008-08",
            "price": "6.38",
            "revenue": 167048
        },
        "2008-09": {
            "month": "2008-09",
            "price": "6.41",
            "revenue": 176579
        },
        "2008-10": {
            "month": "2008-10",
            "price": "5.35",
            "revenue": 144492
        },
        "2008-11": {
            "month": "2008-11",
            "price": "5.04",
            "revenue": 115904
        },
        "2008-12": {
            "month": "2008-12",
            "price": "4.74",
            "revenue": 161458
        },
        "2009-01": {
            "month": "2009-01",
            "price": "4.34",
            "revenue": 132064
        },
        "2009-02": {
            "month": "2009-02",
            "price": "4.54",
            "revenue": 144596
        },
        "2009-03": {
            "month": "2009-03",
            "price": "5.46",
            "revenue": 146104
        },
        "2009-04": {
            "month": "2009-04",
            "price": "6.98",
            "revenue": 160154
        },
        "2009-05": {
            "month": "2009-05",
            "price": "7.08",
            "revenue": 154978
        },
        "2009-06": {
            "month": "2009-06",
            "price": "6.29",
            "revenue": 178894
        },
        "2009-07": {
            "month": "2009-07",
            "price": "6.05",
            "revenue": 182041
        },
        "2009-08": {
            "month": "2009-08",
            "price": "6.19",
            "revenue": 169825
        },
        "2009-09": {
            "month": "2009-09",
            "price": "6.51",
            "revenue": 150177
        },
        "2009-10": {
            "month": "2009-10",
            "price": "6.90",
            "revenue": 151871
        },
        "2009-11": {
            "month": "2009-11",
            "price": "6.97",
            "revenue": 163094
        },
        "2009-12": {
            "month": "2009-12",
            "price": "7.84",
            "revenue": 161897
        },
        "2010-01": {
            "month": "2010-01",
            "price": "8.46",
            "revenue": 172217
        },
        "2010-02": {
            "month": "2010-02",
            "price": "7.57",
            "revenue": 121064
        },
        "2010-03": {
            "month": "2010-03",
            "price": "8.01",
            "revenue": 178807
        },
        "2010-04": {
            "month": "2010-04",
            "price": "8.56",
            "revenue": 188058
        },
        "2010-05": {
            "month": "2010-05",
            "price": "8.27",
            "revenue": 197201
        },
        "2010-06": {
            "month": "2010-06",
            "price": "8.24",
            "revenue": 162379
        },
        "2010-07": {
            "month": "2010-07",
            "price": "8.40",
            "revenue": 201830
        },
        "2010-08": {
            "month": "2010-08",
            "price": "9.18",
            "revenue": 179182
        },
        "2010-09": {
            "month": "2010-09",
            "price": "8.82",
            "revenue": 186705
        },
        "2010-10": {
            "month": "2010-10",
            "price": "9.42",
            "revenue": 186828
        },
        "2010-11": {
            "month": "2010-11",
            "price": "9.80",
            "revenue": 188967
        },
        "2010-12": {
            "month": "2010-12",
            "price": "9.46",
            "revenue": 204697
        },
        "2011-01": {
            "month": "2011-01",
            "price": "9.76",
            "revenue": 209331
        },
        "2011-02": {
            "month": "2011-02",
            "price": "9.46",
            "revenue": 132961
        },
        "2011-03": {
            "month": "2011-03",
            "price": "8.89",
            "revenue": 208662
        },
        "2011-04": {
            "month": "2011-04",
            "price": "9.23",
            "revenue": 211312
        },
        "2011-05": {
            "month": "2011-05",
            "price": "9.41",
            "revenue": 193052
        },
        "2011-06": {
            "month": "2011-06",
            "price": "8.89",
            "revenue": 197958
        },
        "2011-07": {
            "month": "2011-07",
            "price": "8.70",
            "revenue": 206380
        },
        "2011-08": {
            "month": "2011-08",
            "price": "7.74",
            "revenue": 210549
        },
        "2011-09": {
            "month": "2011-09",
            "price": "7.94",
            "revenue": 207050
        },
        "2011-10": {
            "month": "2011-10",
            "price": "7.88",
            "revenue": 191541
        },
        "2011-11": {
            "month": "2011-11",
            "price": "7.82",
            "revenue": 155116
        },
        "2011-12": {
            "month": "2011-12",
            "price": "7.16",
            "revenue": 184604
        },
        "2012-01": {
            "month": "2012-01",
            "price": "7.27",
            "revenue": 148517
        },
        "2012-02": {
            "month": "2012-02",
            "price": "7.81",
            "revenue": 176519
        },
        "2012-03": {
            "month": "2012-03",
            "price": "7.90",
            "revenue": 202707
        },
        "2012-04": {
            "month": "2012-04",
            "price": "7.65",
            "revenue": 185549
        },
        "2012-05": {
            "month": "2012-05",
            "price": "7.35",
            "revenue": 180215
        },
        "2012-06": {
            "month": "2012-06",
            "price": "7.24",
            "revenue": 151444
        },
        "2012-07": {
            "month": "2012-07",
            "price": "7.06",
            "revenue": 177943
        },
        "2012-08": {
            "month": "2012-08",
            "price": "6.97",
            "revenue": 185049
        },
        "2012-09": {
            "month": "2012-09",
            "price": "7.27",
            "revenue": 173288
        },
        "2012-10": {
            "month": "2012-10",
            "price": "7.15",
            "revenue": 161998
        },
        "2012-11": {
            "month": "2012-11",
            "price": "6.84",
            "revenue": 154077
        },
        "2012-12": {
            "month": "2012-12",
            "price": "7.14",
            "revenue": 146806
        },
        "2013-01": {
            "month": "2013-01",
            "price": "7.17",
            "revenue": 150928
        },
        "2013-02": {
            "month": "2013-02",
            "price": "7.08",
            "revenue": 124383
        },
        "2013-03": {
            "month": "2013-03",
            "price": "7.12",
            "revenue": 181426
        },
        "2013-04": {
            "month": "2013-04",
            "price": "7.11",
            "revenue": 196795
        },
        "2013-05": {
            "month": "2013-05",
            "price": "7.28",
            "revenue": 206655
        },
        "2013-06": {
            "month": "2013-06",
            "price": "7.70",
            "revenue": 186650
        },
        "2013-07": {
            "month": "2013-07",
            "price": "7.62",
            "revenue": 190582
        },
        "2013-08": {
            "month": "2013-08",
            "price": "7.82",
            "revenue": 180941
        },
        "2013-09": {
            "month": "2013-09",
            "price": "7.85",
            "revenue": 163309
        },
        "2013-10": {
            "month": "2013-10",
            "price": "8.43",
            "revenue": 167335
        },
        "2013-11": {
            "month": "2013-11",
            "price": "8.18",
            "revenue": 164012
        },
        "2013-12": {
            "month": "2013-12",
            "price": "9.09",
            "revenue": 174396
        },
        "2014-01": {
            "month": "2014-01",
            "price": "10.65",
            "revenue": 155459
        },
        "2014-02": {
            "month": "2014-02",
            "price": "10.60",
            "revenue": 134633
        },
        "2014-03": {
            "month": "2014-03",
            "price": "10.44",
            "revenue": 168213
        },
        "2014-04": {
            "month": "2014-04",
            "price": "10.26",
            "revenue": 172193
        },
        "2014-05": {
            "month": "2014-05",
            "price": "10.17",
            "revenue": 163959
        },
        "2014-06": {
            "month": "2014-06",
            "price": "9.97",
            "revenue": 150408
        },
        "2014-07": {
            "month": "2014-07",
            "price": "9.76",
            "revenue": 146070
        },
        "2014-08": {
            "month": "2014-08",
            "price": "9.37",
            "revenue": 142753
        },
        "2014-09": {
            "month": "2014-09",
            "price": "9.28",
            "revenue": 169785
        },
        "2014-10": {
            "month": "2014-10",
            "price": "9.03",
            "revenue": 167598
        },
        "2014-11": {
            "month": "2014-11",
            "price": "8.88",
            "revenue": 167555
        },
        "2014-12": {
            "month": "2014-12",
            "price": "8.95",
            "revenue": 171414
        },
        "2015-01": {
            "month": "2015-01",
            "price": "9.04",
            "revenue": 187945
        },
        "2015-02": {
            "month": "2015-02",
            "price": "9.04",
            "revenue": 121356
        },
        "2015-03": {
            "month": "2015-03",
            "price": "9.12",
            "revenue": 163196
        },
        "2015-04": {
            "month": "2015-04",
            "price": "9.90",
            "revenue": 157101
        },
        "2015-05": {
            "month": "2015-05",
            "price": "10.47",
            "revenue": 155587
        },
        "2015-06": {
            "month": "2015-06",
            "price": "10.76",
            "revenue": 143829
        },
        "2015-07": {
            "month": "2015-07",
            "price": "10.00",
            "revenue": 155559
        },
        "2015-08": {
            "month": "2015-08",
            "price": "9.44",
            "revenue": 149018
        },
        "2015-09": {
            "month": "2015-09",
            "price": "9.55",
            "revenue": 150951
        },
        "2015-10": {
            "month": "2015-10",
            "price": "9.87",
            "revenue": 152637
        },
        "2015-11": {
            "month": "2015-11",
            "price": "9.51",
            "revenue": 146526
        },
        "2015-12": {
            "month": "2015-12",
            "price": "9.18",
            "revenue": 158043
        },
        "2016-01": {
            "month": "2016-01",
            "price": "8.95",
            "revenue": 141590
        },
        "2016-02": {
            "month": "2016-02",
            "price": "9.04",
            "revenue": 110602
        },
        "2016-03": {
            "month": "2016-03",
            "price": "9.43",
            "revenue": 142402
        },
        "2016-04": {
            "month": "2016-04",
            "price": "9.39",
            "revenue": 146140
        },
        "2016-05": {
            "month": "2016-05",
            "price": "9.41",
            "revenue": 144931
        },
        "2016-06": {
            "month": "2016-06",
            "price": "9.61",
            "revenue": 150361
        },
        "2016-07": {
            "month": "2016-07",
            "price": "9.82",
            "revenue": 148595
        },
        "2016-08": {
            "month": "2016-08",
            "price": "9.79",
            "revenue": 141535
        },
        "2016-09": {
            "month": "2016-09",
            "price": "9.45",
            "revenue": 116352
        },
        "2016-10": {
            "month": "2016-10",
            "price": "9.24",
            "revenue": 136183
        },
        "2016-11": {
            "month": "2016-11",
            "price": "9.06",
            "revenue": 141009
        },
        "2016-12": {
            "month": "2016-12",
            "price": "9.22",
            "revenue": 157498
        },
        "2017-01": {
            "month": "2017-01",
            "price": "8.97",
            "revenue": 116570
        },
        "2017-02": {
            "month": "2017-02",
            "price": "9.31",
            "revenue": 113416
        },
        "2017-03": {
            "month": "2017-03",
            "price": "9.24",
            "revenue": 151013
        },
        "2017-04": {
            "month": "2017-04",
            "price": "9.06",
            "revenue": 137065
        },
        "2017-05": {
            "month": "2017-05",
            "price": "8.90",
            "revenue": 132896
        },
        "2017-06": {
            "month": "2017-06",
            "price": "8.80",
            "revenue": 134467
        },
        "2017-07": {
            "month": "2017-07",
            "price": "8.57",
            "revenue": 139908
        },
        "2017-08": {
            "month": "2017-08",
            "price": "8.42",
            "revenue": 133573
        },
        "2017-09": {
            "month": "2017-09",
            "price": "8.50",
            "revenue": 130604
        },
        "2017-10": {
            "month": "2017-10",
            "price": "8.50",
            "revenue": 143744
        },
        "2017-11": {
            "month": "2017-11",
            "price": "8.49",
            "revenue": 136744
        },
        "2017-12": {
            "month": "2017-12",
            "price": "8.34",
            "revenue": 139971
        },
        "2018-01": {
            "month": "2018-01",
            "price": "8.47",
            "revenue": 140672
        },
        "2018-02": {
            "month": "2018-02",
            "price": "8.33",
            "revenue": 103048
        },
        "2018-03": {
            "month": "2018-03",
            "price": "8.41",
            "revenue": 130573
        },
        "2018-04": {
            "month": "2018-04",
            "price": "8.40",
            "revenue": 134014
        },
        "2018-05": {
            "month": "2018-05",
            "price": "8.29",
            "revenue": 152276
        },
        "2018-06": {
            "month": "2018-06",
            "price": "8.18",
            "revenue": 143467
        },
        "2018-07": {
            "month": "2018-07",
            "price": "8.09",
            "revenue": 137314
        },
        "2018-08": {
            "month": "2018-08",
            "price": "8.01",
            "revenue": 130091
        },
        "2018-09": {
            "month": "2018-09",
            "price": "7.92",
            "revenue": 120959
        },
        "2018-10": {
            "month": "2018-10",
            "price": "7.51",
            "revenue": 115159
        },
        "2018-11": {
            "month": "2018-11",
            "price": "7.90",
            "revenue": 139168
        },
        "2018-12": {
            "month": "2018-12",
            "price": "8.03",
            "revenue": 125528
        },
        "2019-01": {
            "month": "2019-01",
            "price": "7.83",
            "revenue": 164017
        },
        "2019-02": {
            "month": "2019-02",
            "price": "7.85",
            "revenue": 87622
        },
        "2019-03": {
            "month": "2019-03",
            "price": "7.84",
            "revenue": 139759
        },
        "2019-04": {
            "month": "2019-04",
            "price": "7.72",
            "revenue": 124374
        },
        "2019-05": {
            "month": "2019-05",
            "price": "7.58",
            "revenue": 120637
        },
        "2019-06": {
            "month": "2019-06",
            "price": "7.65",
            "revenue": 86828
        },
        "2019-07": {
            "month": "2019-07",
            "price": "7.55",
            "revenue": 110523
        },
        "2019-08": {
            "month": "2019-08",
            "price": "7.37",
            "revenue": 88424
        },
        "2019-09": {
            "month": "2019-09",
            "price": "7.08",
            "revenue": 97067
        },
        "2019-10": {
            "month": "2019-10",
            "price": "7.02",
            "revenue": 122584
        },
        "2019-11": {
            "month": "2019-11",
            "price": "7.01",
            "revenue": 111504
        },
        "2019-12": {
            "month": "2019-12",
            "price": "7.04",
            "revenue": 117192
        },
        "2020-01": {
            "month": "2020-01",
            "price": "7.23",
            "revenue": 98410
        },
        "2020-02": {
            "month": "2020-02",
            "price": "7.18",
            "revenue": 117479
        },
        "2020-03": {
            "month": "2020-03",
            "price": "6.71",
            "revenue": 101807
        },
        "2020-04": {
            "month": "2020-04",
            "price": "7.40",
            "revenue": 53183
        },
        "2020-05": {
            "month": "2020-05",
            "price": "8.43",
            "revenue": 56628
        },
        "2020-06": {
            "month": "2020-06",
            "price": "8.93",
            "revenue": 54918
        },
        "2020-07": {
            "month": "2020-07",
            "price": "8.78",
            "revenue": 66974
        },
        "2020-08": {
            "month": "2020-08",
            "price": "8.69",
            "revenue": 67213
        },
        "2020-09": {
            "month": "2020-09",
            "price": "9.28",
            "revenue": 70496
        },
        "2020-10": {
            "month": "2020-10",
            "price": "9.73",
            "revenue": 66097
        },
        "2020-11": {
            "month": "2020-11",
            "price": "10.98",
            "revenue": 66994
        },
        "2020-12": {
            "month": "2020-12",
            "price": "11.15",
            "revenue": 97272
        },
        "2021-01": {
            "month": "2021-01",
            "price": "11.53",
            "revenue": 78183
        },
        "2021-02": {
            "month": "2021-02",
            "price": "12.94",
            "revenue": 90150
        },
        "2021-03": {
            "month": "2021-03",
            "price": "13.08",
            "revenue": 100235
        },
        "2021-04": {
            "month": "2021-04",
            "price": "13.36",
            "revenue": 95403
        },
        "2021-05": {
            "month": "2021-05",
            "price": "12.32",
            "revenue": 96775
        },
        "2021-06": {
            "month": "2021-06",
            "price": "12.10",
            "revenue": 99244
        },
        "2021-07": {
            "month": "2021-07",
            "price": "12.21",
            "revenue": 107528
        },
        "2021-08": {
            "month": "2021-08",
            "price": "11.96",
            "revenue": 102038
        },
        "2021-09": {
            "month": "2021-09",
            "price": "12.08",
            "revenue": 114512
        },
        "2021-10": {
            "month": "2021-10",
            "price": "12.99",
            "revenue": 109180
        },
        "2021-11": {
            "month": "2021-11",
            "price": "14.92",
            "revenue": 123823
        },
        "2021-12": {
            "month": "2021-12",
            "price": "15.50",
            "revenue": 137076
        },
        "2022-01": {
            "month": "2022-01",
            "price": "15.45",
            "revenue": 135407
        },
        "2022-02": {
            "month": "2022-02",
            "price": "16.18",
            "revenue": 89855
        },
        "2022-03": {
            "month": "2022-03",
            "price": "15.94",
            "revenue": 124622
        },
        "2022-04": {
            "month": "2022-04",
            "price": "15.20",
            "revenue": 132084
        },
        "2022-05": {
            "month": "2022-05",
            "price": "14.88",
            "revenue": 125230
        },
        "2022-06": {
            "month": "2022-06",
            "price": "15.39",
            "revenue": 103931
        },
        "2022-07": {
            "month": "2022-07",
            "price": "15.32",
            "revenue": 129689
        },
        "2022-08": {
            "month": "2022-08",
            "price": "15.49",
            "revenue": 124480
        },
        "2022-09": {
            "month": "2022-09",
            "price": "15.72",
            "revenue": 122975
        },
        "2022-10": {
            "month": "2022-10",
            "price": "16.05",
            "revenue": 135940
        },
        "2022-11": {
            "month": "2022-11",
            "price": "16.15",
            "revenue": 142777
        },
        "2022-12": {
            "month": "2022-12",
            "price": "16.07",
            "revenue": 144218
        },
        "2023-01": {
            "month": "2023-01",
            "price": "16.05",
            "revenue": 114713
        },
        "2023-02": {
            "month": "2023-02",
            "price": "15.95",
            "revenue": 120811
        },
        "2023-03": {
            "month": "2023-03",
            "price": "16.10",
            "revenue": 166482
        },
        "2023-04": {
            "month": "2023-04",
            "price": "18.93",
            "revenue": 124253
        },
        "2023-05": {
            "month": "2023-05",
            "price": "20.41",
            "revenue": 115960
        },
        "2023-06": {
            "month": "2023-06",
            "price": "20.78",
            "revenue": 113575
        },
        "2023-07": {
            "month": "2023-07",
            "price": "19.01",
            "revenue": 104813
        },
        "2023-08": {
            "month": "2023-08",
            "price": "20.07",
            "revenue": 104160
        }
    }
}
