{
    "summary": {
        "stock_name": "宏和",
        "stock_id": "1446",
        "category": "紡織纖維",
        "main_business": "紡織<br>成衣",
        "website_url": "http://www.hongho.com.tw",
        "ceo": "何天明",
        "pe_ratio": -99,
        "report_year_from": 2001,
        "report_year_to": 2023,
        "age": 23,
        "eps_negative_percentage": 65,
        "eps_growth_avg": {
            "last_all": -72.84,
            "last_2y": null,
            "last_4y": null,
            "last_8y": -100,
            "last_12y": -100,
            "last_16y": -64.77,
            "last_20y": -72.84,
            "at_2006_last_3y": -97.06,
            "at_2007_last_3y": -97.06,
            "at_2008_last_3y": -94.3,
            "at_2009_last_3y": 5.7,
            "at_2010_last_3y": -29.54,
            "at_2011_last_3y": -29.54,
            "at_2012_last_3y": -33.33,
            "at_2013_last_3y": -100,
            "at_2014_last_3y": -100,
            "at_2015_last_3y": -100,
            "at_2016_last_3y": -100,
            "at_2017_last_3y": -100,
            "at_2018_last_3y": -100,
            "at_2019_last_3y": -100,
            "at_2020_last_3y": -100,
            "at_2021_last_3y": null,
            "at_2022_last_3y": null,
            "at_2023_last_3y": null,
            "at_2024_last_3y": null,
            "at_2006_last_all": -97.06,
            "at_2007_last_all": -97.06,
            "at_2008_last_all": -94.24,
            "at_2009_last_all": -45.68,
            "at_2010_last_all": -56.55,
            "at_2011_last_all": -56.55,
            "at_2012_last_all": -63.79,
            "at_2013_last_all": -63.79,
            "at_2014_last_all": -63.79,
            "at_2015_last_all": -68.96,
            "at_2016_last_all": -68.96,
            "at_2017_last_all": -72.84,
            "at_2018_last_all": -72.84,
            "at_2019_last_all": -72.84,
            "at_2020_last_all": -72.84,
            "at_2021_last_all": -72.84,
            "at_2022_last_all": -72.84,
            "at_2023_last_all": -72.84,
            "at_2024_last_all": -72.84
        },
        "latest_eps": -0.36,
        "latest_price": 35.6,
        "latest_roe": -3.47,
        "latest_gross_margin": 5.78,
        "latest_equity": 1384238,
        "latest_revenue": 26034,
        "latest_gross_profit": 1504,
        "latest_net_income": -6743,
        "latest_debt_ratio": 71.8,
        "latest_current_ratio": 547.61,
        "latest_account_receivable_turnover_ratio": 2.98,
        "latest_inventory_turnover_ratio": 0.01,
        "latest_reinvestment_rate": null,
        "latest_research_to_sale_ratio": null
    },
    "eps_dividends": {
        "1990": {
            "cash": 0,
            "stock": 1.51,
            "eps": 0
        },
        "1992": {
            "cash": 0,
            "stock": 2.5,
            "eps": 0
        },
        "1996": {
            "cash": 0,
            "stock": 0.3,
            "eps": 0
        },
        "2001": {
            "cash": 0,
            "stock": 0,
            "eps": -3.4
        },
        "2002": {
            "cash": 0,
            "stock": 0,
            "eps": -3.18
        },
        "2003": {
            "cash": 0,
            "stock": 0,
            "eps": 0.34
        },
        "2004": {
            "cash": 0.1,
            "stock": 0.1,
            "eps": 0.02
        },
        "2005": {
            "cash": 0,
            "stock": 0,
            "eps": -3.45
        },
        "2006": {
            "cash": 0,
            "stock": 0,
            "eps": -0.49
        },
        "2007": {
            "cash": 0,
            "stock": 0,
            "eps": 0.79
        },
        "2008": {
            "cash": 0.27,
            "stock": 0,
            "eps": 0.09
        },
        "2009": {
            "cash": 0,
            "stock": 0,
            "eps": 0.21
        },
        "2010": {
            "cash": 0,
            "stock": 0,
            "eps": -1.67
        },
        "2011": {
            "cash": 0.3,
            "stock": 0,
            "eps": 2.91
        },
        "2012": {
            "cash": 0,
            "stock": 0,
            "eps": -0.21
        },
        "2013": {
            "cash": 0.3,
            "stock": 0,
            "eps": -0.08
        },
        "2014": {
            "cash": 0.3,
            "stock": 0,
            "eps": 0.1
        },
        "2015": {
            "cash": 0.3,
            "stock": 0,
            "eps": -0.27
        },
        "2016": {
            "cash": 0.3,
            "stock": 0,
            "eps": 0.47
        },
        "2017": {
            "cash": 0.3,
            "stock": 0,
            "eps": -0.3
        },
        "2018": {
            "cash": 0.3,
            "stock": 0,
            "eps": -0.21
        },
        "2019": {
            "cash": 0.3,
            "stock": 0,
            "eps": 0
        },
        "2020": {
            "cash": 0.3,
            "stock": 0,
            "eps": -0.05
        },
        "2021": {
            "cash": 0.3,
            "stock": 0,
            "eps": -0.13
        },
        "2022": {
            "cash": 0.3,
            "stock": 0,
            "eps": -0.27
        },
        "2023": {
            "cash": 0.2,
            "stock": 0,
            "eps": -0.18
        }
    },
    "dividends": {
        "1990-04-10": {
            "cash": 0,
            "stock": 1.51
        },
        "1992-04-23": {
            "cash": 0,
            "stock": 2.5
        },
        "1996-06-25": {
            "cash": 0,
            "stock": 0.3
        },
        "2004-03-10": {
            "cash": 0.1,
            "stock": 0.1
        },
        "2008-03-25": {
            "cash": 0.27,
            "stock": 0
        },
        "2011-01-01": {
            "cash": 0.3,
            "stock": 0
        },
        "2013-03-18": {
            "cash": 0.3,
            "stock": 0
        },
        "2014-09-16": {
            "cash": 0.3,
            "stock": 0
        },
        "2015-09-11": {
            "cash": 0.3,
            "stock": 0
        },
        "2016-09-23": {
            "cash": 0.3,
            "stock": 0
        },
        "2017-09-22": {
            "cash": 0.3,
            "stock": 0
        },
        "2018-09-21": {
            "cash": 0.3,
            "stock": 0
        },
        "2019-09-20": {
            "cash": 0.3,
            "stock": 0
        },
        "2020-08-28": {
            "cash": 0.3,
            "stock": 0
        },
        "2021-09-10": {
            "cash": 0.3,
            "stock": 0
        },
        "2022-08-12": {
            "cash": 0.3,
            "stock": 0
        },
        "2023-07-14": {
            "cash": 0.2,
            "stock": 0
        }
    },
    "prices": {
        "200101": "3.47",
        "200102": "4.38",
        "200103": "4.58",
        "200104": "3.92",
        "200105": "3.11",
        "200106": "2.89",
        "200107": "2.87",
        "200108": "2.97",
        "200109": "2.85",
        "200110": "2.74",
        "200111": "2.75",
        "200112": "2.73",
        "200201": "3.75",
        "200202": "4.45",
        "200203": "4.58",
        "200204": "5.16",
        "200205": "5.40",
        "200206": "5.41",
        "200207": "5.24",
        "200208": "4.72",
        "200209": "4.67",
        "200210": "3.88",
        "200211": "7.01",
        "200212": "6.64",
        "200301": "7.49",
        "200302": "6.76",
        "200303": "6.09",
        "200304": "5.80",
        "200305": "5.56",
        "200306": "5.71",
        "200307": "5.77",
        "200308": "5.46",
        "200309": "5.06",
        "200310": "5.67",
        "200311": "5.91",
        "200312": "5.79",
        "200401": "6.06",
        "200402": "7.55",
        "200403": "7.42",
        "200404": "8.27",
        "200405": "6.37",
        "200406": "5.83",
        "200407": "5.12",
        "200408": "4.95",
        "200409": "5.43",
        "200410": "5.39",
        "200411": "5.22",
        "200412": "5.30",
        "200501": "5.46",
        "200502": "4.97",
        "200503": "4.67",
        "200504": "3.55",
        "200505": "3.24",
        "200506": "3.68",
        "200507": "3.43",
        "200508": "3.07",
        "200509": "2.78",
        "200510": "2.55",
        "200511": "2.36",
        "200512": "2.72",
        "200601": "2.71",
        "200602": "2.59",
        "200603": "2.52",
        "200604": "2.89",
        "200605": "3.52",
        "200606": "2.94",
        "200607": "3.00",
        "200608": "2.72",
        "200609": "2.69",
        "200610": "2.92",
        "200611": "3.36",
        "200612": "4.34",
        "200701": "4.74",
        "200702": "4.50",
        "200703": "4.64",
        "200704": "4.88",
        "200705": "5.82",
        "200706": "5.94",
        "200707": "8.80",
        "200708": "7.54",
        "200709": "8.57",
        "200710": "7.80",
        "200711": "7.17",
        "200712": "6.83",
        "200801": "9.44",
        "200802": "9.57",
        "200803": "9.71",
        "200804": "9.88",
        "200805": "10.45",
        "200806": "10.73",
        "200807": "9.42",
        "200808": "8.53",
        "200809": "6.98",
        "200810": "6.67",
        "200811": "6.90",
        "200812": "6.45",
        "200901": "6.02",
        "200902": "5.90",
        "200903": "6.11",
        "200904": "6.82",
        "200905": "7.02",
        "200906": "8.14",
        "200907": "8.19",
        "200908": "8.05",
        "200909": "7.94",
        "200910": "8.41",
        "200911": "8.09",
        "200912": "8.30",
        "201001": "10.19",
        "201002": "11.77",
        "201003": "13.17",
        "201004": "14.47",
        "201005": "16.82",
        "201006": "16.05",
        "201007": "16.65",
        "201008": "17.43",
        "201009": "16.87",
        "201010": "16.40",
        "201011": "18.59",
        "201012": "19.17",
        "201101": "17.74",
        "201102": "17.87",
        "201103": "18.03",
        "201104": "18.72",
        "201105": "20.64",
        "201106": "22.12",
        "201107": "21.89",
        "201108": "19.73",
        "201109": "18.67",
        "201110": "15.20",
        "201111": "14.24",
        "201112": "12.91",
        "201201": "13.20",
        "201202": "15.13",
        "201203": "14.74",
        "201204": "12.78",
        "201205": "12.41",
        "201206": "12.58",
        "201207": "12.64",
        "201208": "13.53",
        "201209": "17.62",
        "201210": "17.10",
        "201211": "17.12",
        "201212": "17.33",
        "201301": "19.30",
        "201302": "19.43",
        "201303": "22.18",
        "201304": "24.34",
        "201305": "29.28",
        "201306": "28.85",
        "201307": "29.11",
        "201308": "28.53",
        "201309": "30.44",
        "201310": "32.99",
        "201311": "33.42",
        "201312": "32.54",
        "201401": "29.95",
        "201402": "31.70",
        "201403": "31.75",
        "201404": "29.89",
        "201405": "29.79",
        "201406": "30.74",
        "201407": "30.38",
        "201408": "30.66",
        "201409": "31.46",
        "201410": "30.19",
        "201411": "27.61",
        "201412": "29.58",
        "201501": "29.19",
        "201502": "28.18",
        "201503": "27.63",
        "201504": "28.21",
        "201505": "27.75",
        "201506": "23.49",
        "201507": "22.62",
        "201508": "19.55",
        "201509": "20.90",
        "201510": "20.70",
        "201511": "20.63",
        "201512": "22.17",
        "201601": "19.19",
        "201602": "19.23",
        "201603": "20.79",
        "201604": "20.18",
        "201605": "19.31",
        "201606": "18.55",
        "201607": "18.34",
        "201608": "18.65",
        "201609": "18.02",
        "201610": "17.14",
        "201611": "16.84",
        "201612": "17.64",
        "201701": "17.74",
        "201702": "18.32",
        "201703": "20.71",
        "201704": "23.97",
        "201705": "25.34",
        "201706": "23.99",
        "201707": "22.77",
        "201708": "22.10",
        "201709": "21.67",
        "201710": "22.62",
        "201711": "22.39",
        "201712": "21.32",
        "201801": "21.52",
        "201802": "21.15",
        "201803": "22.66",
        "201804": "22.70",
        "201805": "21.87",
        "201806": "24.14",
        "201807": "26.92",
        "201808": "26.59",
        "201809": "25.74",
        "201810": "25.20",
        "201811": "23.88",
        "201812": "24.10",
        "201901": "23.90",
        "201902": "23.96",
        "201903": "25.98",
        "201904": "28.60",
        "201905": "31.22",
        "201906": "29.53",
        "201907": "30.63",
        "201908": "30.43",
        "201909": "31.24",
        "201910": "31.74",
        "201911": "34.45",
        "201912": "35.68",
        "202001": "37.77",
        "202002": "32.32",
        "202003": "25.13",
        "202004": "26.14",
        "202005": "29.21",
        "202006": "29.46",
        "202007": "28.61",
        "202008": "29.54",
        "202009": "32.09",
        "202010": "33.29",
        "202011": "33.25",
        "202012": "30.28",
        "202101": "30.45",
        "202102": "29.36",
        "202103": "30.22",
        "202104": "29.43",
        "202105": "28.32",
        "202106": "31.61",
        "202107": "31.77",
        "202108": "30.78",
        "202109": "31.67",
        "202110": "31.39",
        "202111": "32.41",
        "202112": "33.90",
        "202201": "32.94",
        "202202": "31.53",
        "202203": "31.49",
        "202204": "32.54",
        "202205": "32.45",
        "202206": "32.65",
        "202207": "31.97",
        "202208": "32.60",
        "202209": "36.43",
        "202210": "29.38",
        "202211": "31.10",
        "202212": "30.26",
        "202301": "31.47",
        "202302": "31.82",
        "202303": "31.93",
        "202304": "31.57",
        "202305": "31.00",
        "202306": "33.14",
        "202307": "36.89",
        "202308": "37.77",
        "202309": "38.36",
        "202310": "37.51",
        "202311": "38.51",
        "202312": "37.60"
    },
    "quarters": {
        "20011": {
            "year_quarter": 20011,
            "year": 2001,
            "quarter": 1,
            "eps": 0.01,
            "eps_growth_year": -80,
            "eps_4q": 0.01,
            "eps_4q_growth_year": null,
            "roe": 0.07,
            "roe_4q": 0.07,
            "gross_profit": 39193,
            "gross_margin": 3.53,
            "gross_margin_4q_avg": 3.53,
            "net_income": 3241,
            "net_income_4q": null,
            "revenue": 1110667,
            "revenue_4q": null,
            "common_shares": 3338158,
            "book_valuer_per_share": 13.34,
            "book_valuer_per_share_4q_avg": 13.34,
            "equity": 4453370,
            "current_ratio": 114.56,
            "debt_ratio": 40.9,
            "inventory_turnover_ratio": 0.78,
            "account_receivable_turnover_ratio": null,
            "reinvestment_rate": null,
            "research_to_sale_ratio": null,
            "price_fair": 0,
            "eps_avg_yearly": 0,
            "eps_latest_yearly": 0,
            "eps_growth_yearly": 0
        },
        "20012": {
            "year_quarter": 20012,
            "year": 2001,
            "quarter": 2,
            "eps": 0,
            "eps_growth_year": null,
            "eps_4q": 0.32,
            "eps_4q_growth_year": null,
            "roe": 0.03,
            "roe_4q": 0.1,
            "gross_profit": 129821,
            "gross_margin": 11.26,
            "gross_margin_4q_avg": 7.4,
            "net_income": 1217,
            "net_income_4q": null,
            "revenue": 1152999,
            "revenue_4q": null,
            "common_shares": 3338158,
            "book_valuer_per_share": 13.49,
            "book_valuer_per_share_4q_avg": 13.42,
            "equity": 4502381,
            "current_ratio": 115.69,
            "debt_ratio": 40.25,
            "inventory_turnover_ratio": 0.83,
            "account_receivable_turnover_ratio": null,
            "reinvestment_rate": null,
            "research_to_sale_ratio": null,
            "price_fair": 0,
            "eps_avg_yearly": 0,
            "eps_latest_yearly": 0,
            "eps_growth_yearly": 0
        },
        "20013": {
            "year_quarter": 20013,
            "year": 2001,
            "quarter": 3,
            "eps": 0,
            "eps_growth_year": -100,
            "eps_4q": 0.19,
            "eps_4q_growth_year": null,
            "roe": -0.02,
            "roe_4q": 0.08,
            "gross_profit": 109079,
            "gross_margin": 13.58,
            "gross_margin_4q_avg": 9.46,
            "net_income": -1016,
            "net_income_4q": null,
            "revenue": 803077,
            "revenue_4q": null,
            "common_shares": 3338158,
            "book_valuer_per_share": 13.49,
            "book_valuer_per_share_4q_avg": 13.44,
            "equity": 4503089,
            "current_ratio": 108.73,
            "debt_ratio": 36.88,
            "inventory_turnover_ratio": 0.57,
            "account_receivable_turnover_ratio": null,
            "reinvestment_rate": null,
            "research_to_sale_ratio": null,
            "price_fair": 0,
            "eps_avg_yearly": 0,
            "eps_latest_yearly": 0,
            "eps_growth_yearly": 0
        },
        "20014": {
            "year_quarter": 20014,
            "year": 2001,
            "quarter": 4,
            "eps": -3.41,
            "eps_growth_year": -1994.44,
            "eps_4q": -3.45,
            "eps_4q_growth_year": -7456.68,
            "roe": -28.88,
            "roe_4q": -28.799999999999997,
            "gross_profit": -319217,
            "gross_margin": -40.56,
            "gross_margin_4q_avg": -3.05,
            "net_income": -1138694,
            "net_income_4q": null,
            "revenue": 786935,
            "revenue_4q": null,
            "common_shares": 3338158,
            "book_valuer_per_share": 10.13,
            "book_valuer_per_share_4q_avg": 12.61,
            "equity": 3382106,
            "current_ratio": 105.9,
            "debt_ratio": 45.4,
            "inventory_turnover_ratio": 0.99,
            "account_receivable_turnover_ratio": null,
            "reinvestment_rate": null,
            "research_to_sale_ratio": null,
            "price_fair": 0,
            "eps_avg_yearly": 0,
            "eps_latest_yearly": 0,
            "eps_growth_yearly": 0
        },
        "20021": {
            "year_quarter": 20021,
            "year": 2002,
            "quarter": 1,
            "eps": 0.09,
            "eps_growth_year": 800,
            "eps_4q": -3.52,
            "eps_4q_growth_year": -37455.81,
            "roe": 0.84,
            "roe_4q": -28.029999999999998,
            "gross_profit": 64612,
            "gross_margin": 7.07,
            "gross_margin_4q_avg": -2.16,
            "net_income": 28392,
            "net_income_4q": null,
            "revenue": 913446,
            "revenue_4q": null,
            "common_shares": 3338158,
            "book_valuer_per_share": 10.21,
            "book_valuer_per_share_4q_avg": 11.83,
            "equity": 3409741,
            "current_ratio": 85.12,
            "debt_ratio": 40.22,
            "inventory_turnover_ratio": 0.93,
            "account_receivable_turnover_ratio": null,
            "reinvestment_rate": null,
            "research_to_sale_ratio": null,
            "price_fair": 0,
            "eps_avg_yearly": 0,
            "eps_latest_yearly": 0,
            "eps_growth_yearly": 0
        },
        "20022": {
            "year_quarter": 20022,
            "year": 2002,
            "quarter": 2,
            "eps": 0.15,
            "eps_growth_year": null,
            "eps_4q": -4.88,
            "eps_4q_growth_year": -1629.15,
            "roe": 0.98,
            "roe_4q": -27.08,
            "gross_profit": 61606,
            "gross_margin": 6.04,
            "gross_margin_4q_avg": -3.47,
            "net_income": 33142,
            "net_income_4q": null,
            "revenue": 1019352,
            "revenue_4q": null,
            "common_shares": 3338158,
            "book_valuer_per_share": 10.15,
            "book_valuer_per_share_4q_avg": 11,
            "equity": 3387767,
            "current_ratio": 83.27,
            "debt_ratio": 38.59,
            "inventory_turnover_ratio": 1.29,
            "account_receivable_turnover_ratio": null,
            "reinvestment_rate": null,
            "research_to_sale_ratio": null,
            "price_fair": 21,
            "eps_avg_yearly": 0.6,
            "eps_latest_yearly": 0.6,
            "eps_growth_yearly": 266.67
        },
        "20023": {
            "year_quarter": 20023,
            "year": 2002,
            "quarter": 3,
            "eps": 0.03,
            "eps_growth_year": null,
            "eps_4q": -5.15,
            "eps_4q_growth_year": -2845.08,
            "roe": 0.18,
            "roe_4q": -26.88,
            "gross_profit": 50721,
            "gross_margin": 5.72,
            "gross_margin_4q_avg": -5.43,
            "net_income": 6241,
            "net_income_4q": null,
            "revenue": 886149,
            "revenue_4q": null,
            "common_shares": 2216537,
            "book_valuer_per_share": 15.55,
            "book_valuer_per_share_4q_avg": 11.51,
            "equity": 3446811,
            "current_ratio": 82.62,
            "debt_ratio": 37.5,
            "inventory_turnover_ratio": 1.21,
            "account_receivable_turnover_ratio": null,
            "reinvestment_rate": null,
            "research_to_sale_ratio": null,
            "price_fair": 1.08,
            "eps_avg_yearly": 0.36,
            "eps_latest_yearly": 0.12,
            "eps_growth_yearly": -26.67
        },
        "20024": {
            "year_quarter": 20024,
            "year": 2002,
            "quarter": 4,
            "eps": -3.45,
            "eps_growth_year": null,
            "eps_4q": -3.14,
            "eps_4q_growth_year": null,
            "roe": -25.04,
            "roe_4q": -23.04,
            "gross_profit": -146108,
            "gross_margin": -16.56,
            "gross_margin_4q_avg": 0.57,
            "net_income": -764670,
            "net_income_4q": null,
            "revenue": 882433,
            "revenue_4q": null,
            "common_shares": 2216537,
            "book_valuer_per_share": 12.01,
            "book_valuer_per_share_4q_avg": 11.98,
            "equity": 2661477,
            "current_ratio": 83.32,
            "debt_ratio": 38.52,
            "inventory_turnover_ratio": 1.82,
            "account_receivable_turnover_ratio": null,
            "reinvestment_rate": null,
            "research_to_sale_ratio": null,
            "price_fair": 1.08,
            "eps_avg_yearly": 0.36,
            "eps_latest_yearly": 0.12,
            "eps_growth_yearly": -26.67
        },
        "20031": {
            "year_quarter": 20031,
            "year": 2003,
            "quarter": 1,
            "eps": 0.14,
            "eps_growth_year": 55.56,
            "eps_4q": -3.12,
            "eps_4q_growth_year": null,
            "roe": 1.17,
            "roe_4q": -22.709999999999997,
            "gross_profit": 63409,
            "gross_margin": 8.73,
            "gross_margin_4q_avg": 0.98,
            "net_income": 31190,
            "net_income_4q": null,
            "revenue": 725973,
            "revenue_4q": null,
            "common_shares": 2216537,
            "book_valuer_per_share": 12.15,
            "book_valuer_per_share_4q_avg": 12.47,
            "equity": 2692187,
            "current_ratio": 63.9,
            "debt_ratio": 39.38,
            "inventory_turnover_ratio": 1.56,
            "account_receivable_turnover_ratio": null,
            "reinvestment_rate": null,
            "research_to_sale_ratio": null,
            "price_fair": 1.08,
            "eps_avg_yearly": 0.36,
            "eps_latest_yearly": 0.12,
            "eps_growth_yearly": -26.67
        },
        "20032": {
            "year_quarter": 20032,
            "year": 2003,
            "quarter": 2,
            "eps": 0.13,
            "eps_growth_year": -13.33,
            "eps_4q": -3.21,
            "eps_4q_growth_year": null,
            "roe": 1.05,
            "roe_4q": -22.64,
            "gross_profit": 50023,
            "gross_margin": 4.96,
            "gross_margin_4q_avg": 0.71,
            "net_income": 28278,
            "net_income_4q": null,
            "revenue": 1008410,
            "revenue_4q": null,
            "common_shares": 2216537,
            "book_valuer_per_share": 12.25,
            "book_valuer_per_share_4q_avg": 12.99,
            "equity": 2715080,
            "current_ratio": 79.8,
            "debt_ratio": 38.92,
            "inventory_turnover_ratio": 2.49,
            "account_receivable_turnover_ratio": null,
            "reinvestment_rate": null,
            "research_to_sale_ratio": null,
            "price_fair": 1.24,
            "eps_avg_yearly": 0.41,
            "eps_latest_yearly": 0.52,
            "eps_growth_yearly": -27.3
        },
        "20033": {
            "year_quarter": 20033,
            "year": 2003,
            "quarter": 3,
            "eps": 0.05,
            "eps_growth_year": 66.67,
            "eps_4q": -2.98,
            "eps_4q_growth_year": null,
            "roe": 0.43,
            "roe_4q": -22.39,
            "gross_profit": 70440,
            "gross_margin": 7.94,
            "gross_margin_4q_avg": 1.27,
            "net_income": 11638,
            "net_income_4q": null,
            "revenue": 887409,
            "revenue_4q": null,
            "common_shares": 2216537,
            "book_valuer_per_share": 12.2,
            "book_valuer_per_share_4q_avg": 12.15,
            "equity": 2703638,
            "current_ratio": 78.49,
            "debt_ratio": 37.94,
            "inventory_turnover_ratio": 2.23,
            "account_receivable_turnover_ratio": null,
            "reinvestment_rate": null,
            "research_to_sale_ratio": null,
            "price_fair": 1.08,
            "eps_avg_yearly": 0.36,
            "eps_latest_yearly": 0.2,
            "eps_growth_yearly": -82.01
        },
        "20034": {
            "year_quarter": 20034,
            "year": 2003,
            "quarter": 4,
            "eps": 0.02,
            "eps_growth_year": null,
            "eps_4q": 0.38,
            "eps_4q_growth_year": null,
            "roe": 0.15,
            "roe_4q": 2.8,
            "gross_profit": 35919,
            "gross_margin": 4.43,
            "gross_margin_4q_avg": 6.52,
            "net_income": 3937,
            "net_income_4q": null,
            "revenue": 810478,
            "revenue_4q": null,
            "common_shares": 2216537,
            "book_valuer_per_share": 12.24,
            "book_valuer_per_share_4q_avg": 12.21,
            "equity": 2713476,
            "current_ratio": 105.66,
            "debt_ratio": 33.1,
            "inventory_turnover_ratio": 1.84,
            "account_receivable_turnover_ratio": null,
            "reinvestment_rate": null,
            "research_to_sale_ratio": null,
            "price_fair": 0.91,
            "eps_avg_yearly": 0.3,
            "eps_latest_yearly": 0.08,
            "eps_growth_yearly": -113.61
        },
        "20041": {
            "year_quarter": 20041,
            "year": 2004,
            "quarter": 1,
            "eps": 0.14,
            "eps_growth_year": 0,
            "eps_4q": 0.33,
            "eps_4q_growth_year": null,
            "roe": 1.18,
            "roe_4q": 2.8099999999999996,
            "gross_profit": 41879,
            "gross_margin": 5.43,
            "gross_margin_4q_avg": 5.69,
            "net_income": 31986,
            "net_income_4q": null,
            "revenue": 770861,
            "revenue_4q": null,
            "common_shares": 2216537,
            "book_valuer_per_share": 12.27,
            "book_valuer_per_share_4q_avg": 12.24,
            "equity": 2719341,
            "current_ratio": 82.83,
            "debt_ratio": 34.22,
            "inventory_turnover_ratio": 1.7,
            "account_receivable_turnover_ratio": null,
            "reinvestment_rate": null,
            "research_to_sale_ratio": null,
            "price_fair": 12.13,
            "eps_avg_yearly": 0.35,
            "eps_latest_yearly": 0.56,
            "eps_growth_yearly": 305.32
        },
        "20042": {
            "year_quarter": 20042,
            "year": 2004,
            "quarter": 2,
            "eps": 0.01,
            "eps_growth_year": -92.31,
            "eps_4q": 0.22,
            "eps_4q_growth_year": null,
            "roe": 0.08,
            "roe_4q": 1.8399999999999999,
            "gross_profit": 64576,
            "gross_margin": 7.99,
            "gross_margin_4q_avg": 6.45,
            "net_income": 2225,
            "net_income_4q": null,
            "revenue": 807715,
            "revenue_4q": null,
            "common_shares": 2216537,
            "book_valuer_per_share": 12.26,
            "book_valuer_per_share_4q_avg": 12.24,
            "equity": 2717851,
            "current_ratio": 103.39,
            "debt_ratio": 35.07,
            "inventory_turnover_ratio": 2.02,
            "account_receivable_turnover_ratio": null,
            "reinvestment_rate": null,
            "research_to_sale_ratio": null,
            "price_fair": 10.6,
            "eps_avg_yearly": 0.3,
            "eps_latest_yearly": 0.04,
            "eps_growth_yearly": 208.64
        },
        "20043": {
            "year_quarter": 20043,
            "year": 2004,
            "quarter": 3,
            "eps": 0,
            "eps_growth_year": -100,
            "eps_4q": 0.17,
            "eps_4q_growth_year": null,
            "roe": 0.04,
            "roe_4q": 1.4499999999999997,
            "gross_profit": 56520,
            "gross_margin": 7.25,
            "gross_margin_4q_avg": 6.28,
            "net_income": 968,
            "net_income_4q": null,
            "revenue": 779302,
            "revenue_4q": null,
            "common_shares": 2238702,
            "book_valuer_per_share": 12.17,
            "book_valuer_per_share_4q_avg": 12.24,
            "equity": 2724921,
            "current_ratio": 102.28,
            "debt_ratio": 34.45,
            "inventory_turnover_ratio": 1.96,
            "account_receivable_turnover_ratio": null,
            "reinvestment_rate": null,
            "research_to_sale_ratio": null,
            "price_fair": 10.6,
            "eps_avg_yearly": 0.3,
            "eps_latest_yearly": 0.04,
            "eps_growth_yearly": 208.64
        },
        "20044": {
            "year_quarter": 20044,
            "year": 2004,
            "quarter": 4,
            "eps": -0.13,
            "eps_growth_year": -750,
            "eps_4q": 0.03,
            "eps_4q_growth_year": -92.13,
            "roe": -1.06,
            "roe_4q": 0.23999999999999988,
            "gross_profit": 49480,
            "gross_margin": 8.44,
            "gross_margin_4q_avg": 7.28,
            "net_income": -28496,
            "net_income_4q": null,
            "revenue": 586587,
            "revenue_4q": null,
            "common_shares": 2238702,
            "book_valuer_per_share": 11.77,
            "book_valuer_per_share_4q_avg": 12.12,
            "equity": 2634433,
            "current_ratio": 198.98,
            "debt_ratio": 31.03,
            "inventory_turnover_ratio": 1.19,
            "account_receivable_turnover_ratio": null,
            "reinvestment_rate": null,
            "research_to_sale_ratio": null,
            "price_fair": 10.6,
            "eps_avg_yearly": 0.3,
            "eps_latest_yearly": 0.04,
            "eps_growth_yearly": 208.64
        },
        "20051": {
            "year_quarter": 20051,
            "year": 2005,
            "quarter": 1,
            "eps": -1.56,
            "eps_growth_year": -1214.29,
            "eps_4q": -1.67,
            "eps_4q_growth_year": -604.08,
            "roe": -14.18,
            "roe_4q": -15.120000000000001,
            "gross_profit": 32834,
            "gross_margin": 7.36,
            "gross_margin_4q_avg": 7.76,
            "net_income": -348514,
            "net_income_4q": null,
            "revenue": 446056,
            "revenue_4q": null,
            "common_shares": 2238702,
            "book_valuer_per_share": 10.19,
            "book_valuer_per_share_4q_avg": 11.6,
            "equity": 2281899,
            "current_ratio": 137.97,
            "debt_ratio": 33.09,
            "inventory_turnover_ratio": 0.92,
            "account_receivable_turnover_ratio": null,
            "reinvestment_rate": null,
            "research_to_sale_ratio": null,
            "price_fair": 10.6,
            "eps_avg_yearly": 0.3,
            "eps_latest_yearly": 0.04,
            "eps_growth_yearly": 208.64
        },
        "20052": {
            "year_quarter": 20052,
            "year": 2005,
            "quarter": 2,
            "eps": -0.11,
            "eps_growth_year": -1200,
            "eps_4q": -1.79,
            "eps_4q_growth_year": -897.2,
            "roe": -1.09,
            "roe_4q": -16.29,
            "gross_profit": 21856,
            "gross_margin": 5.55,
            "gross_margin_4q_avg": 7.15,
            "net_income": -24821,
            "net_income_4q": null,
            "revenue": 393644,
            "revenue_4q": null,
            "common_shares": 2238702,
            "book_valuer_per_share": 10.09,
            "book_valuer_per_share_4q_avg": 11.06,
            "equity": 2258854,
            "current_ratio": 131.99,
            "debt_ratio": 32.93,
            "inventory_turnover_ratio": 1.05,
            "account_receivable_turnover_ratio": null,
            "reinvestment_rate": null,
            "research_to_sale_ratio": null,
            "price_fair": 10.6,
            "eps_avg_yearly": 0.3,
            "eps_latest_yearly": 0.04,
            "eps_growth_yearly": 208.64
        },
        "20053": {
            "year_quarter": 20053,
            "year": 2005,
            "quarter": 3,
            "eps": -0.16,
            "eps_growth_year": null,
            "eps_4q": -1.95,
            "eps_4q_growth_year": -1217.4,
            "roe": -1.56,
            "roe_4q": -17.889999999999997,
            "gross_profit": 17236,
            "gross_margin": 4.77,
            "gross_margin_4q_avg": 6.53,
            "net_income": -35251,
            "net_income_4q": null,
            "revenue": 361526,
            "revenue_4q": null,
            "common_shares": 2238702,
            "book_valuer_per_share": 10.11,
            "book_valuer_per_share_4q_avg": 10.54,
            "equity": 2263017,
            "current_ratio": 103.4,
            "debt_ratio": 34.46,
            "inventory_turnover_ratio": 1.03,
            "account_receivable_turnover_ratio": null,
            "reinvestment_rate": null,
            "research_to_sale_ratio": null,
            "price_fair": 10.6,
            "eps_avg_yearly": 0.3,
            "eps_latest_yearly": 0.04,
            "eps_growth_yearly": 208.64
        },
        "20054": {
            "year_quarter": 20054,
            "year": 2005,
            "quarter": 4,
            "eps": -1.62,
            "eps_growth_year": null,
            "eps_4q": -3.44,
            "eps_4q_growth_year": -11566.67,
            "roe": -17.41,
            "roe_4q": -34.239999999999995,
            "gross_profit": -11892,
            "gross_margin": -2.63,
            "gross_margin_4q_avg": 3.76,
            "net_income": -361784,
            "net_income_4q": null,
            "revenue": 451373,
            "revenue_4q": null,
            "common_shares": 2238702,
            "book_valuer_per_share": 8.46,
            "book_valuer_per_share_4q_avg": 9.71,
            "equity": 1893524,
            "current_ratio": 174,
            "debt_ratio": 34.89,
            "inventory_turnover_ratio": 1.29,
            "account_receivable_turnover_ratio": null,
            "reinvestment_rate": null,
            "research_to_sale_ratio": null,
            "price_fair": 10.6,
            "eps_avg_yearly": 0.3,
            "eps_latest_yearly": 0.04,
            "eps_growth_yearly": 208.64
        },
        "20061": {
            "year_quarter": 20061,
            "year": 2006,
            "quarter": 1,
            "eps": -0.08,
            "eps_growth_year": null,
            "eps_4q": -1.94,
            "eps_4q_growth_year": null,
            "roe": -0.97,
            "roe_4q": -21.029999999999998,
            "gross_profit": 13041,
            "gross_margin": 4.04,
            "gross_margin_4q_avg": 2.93,
            "net_income": -18173,
            "net_income_4q": null,
            "revenue": 322553,
            "revenue_4q": null,
            "common_shares": 2238702,
            "book_valuer_per_share": 8.34,
            "book_valuer_per_share_4q_avg": 9.25,
            "equity": 1867299,
            "current_ratio": 101.53,
            "debt_ratio": 35.04,
            "inventory_turnover_ratio": 0.97,
            "account_receivable_turnover_ratio": null,
            "reinvestment_rate": null,
            "research_to_sale_ratio": null,
            "price_fair": 10.6,
            "eps_avg_yearly": 0.3,
            "eps_latest_yearly": 0.04,
            "eps_growth_yearly": 208.64
        },
        "20062": {
            "year_quarter": 20062,
            "year": 2006,
            "quarter": 2,
            "eps": -0.1,
            "eps_growth_year": null,
            "eps_4q": -1.96,
            "eps_4q_growth_year": null,
            "roe": -1.24,
            "roe_4q": -21.18,
            "gross_profit": 7721,
            "gross_margin": 2.22,
            "gross_margin_4q_avg": 2.1,
            "net_income": -23042,
            "net_income_4q": null,
            "revenue": 348088,
            "revenue_4q": null,
            "common_shares": 2238702,
            "book_valuer_per_share": 8.23,
            "book_valuer_per_share_4q_avg": 8.79,
            "equity": 1841899,
            "current_ratio": 114.15,
            "debt_ratio": 44.93,
            "inventory_turnover_ratio": 0.64,
            "account_receivable_turnover_ratio": null,
            "reinvestment_rate": null,
            "research_to_sale_ratio": null,
            "price_fair": 8.87,
            "eps_avg_yearly": 0.25,
            "eps_latest_yearly": 0.04,
            "eps_growth_yearly": 198.97
        },
        "20063": {
            "year_quarter": 20063,
            "year": 2006,
            "quarter": 3,
            "eps": -0.19,
            "eps_growth_year": null,
            "eps_4q": -1.99,
            "eps_4q_growth_year": null,
            "roe": -2.31,
            "roe_4q": -21.93,
            "gross_profit": -8585,
            "gross_margin": -2.28,
            "gross_margin_4q_avg": 0.34,
            "net_income": -42243,
            "net_income_4q": null,
            "revenue": 376993,
            "revenue_4q": null,
            "common_shares": 2238702,
            "book_valuer_per_share": 8.11,
            "book_valuer_per_share_4q_avg": 8.29,
            "equity": 1815644,
            "current_ratio": 50.22,
            "debt_ratio": 44.64,
            "inventory_turnover_ratio": 0.84,
            "account_receivable_turnover_ratio": null,
            "reinvestment_rate": null,
            "research_to_sale_ratio": null,
            "price_fair": 9.8,
            "eps_avg_yearly": 0.28,
            "eps_latest_yearly": 0.04,
            "eps_growth_yearly": 302.77
        },
        "20064": {
            "year_quarter": 20064,
            "year": 2006,
            "quarter": 4,
            "eps": -0.12,
            "eps_growth_year": null,
            "eps_4q": -0.49,
            "eps_4q_growth_year": null,
            "roe": -1.45,
            "roe_4q": -5.97,
            "gross_profit": -35602,
            "gross_margin": -9.58,
            "gross_margin_4q_avg": -1.4,
            "net_income": -26036,
            "net_income_4q": null,
            "revenue": 371549,
            "revenue_4q": null,
            "common_shares": 2238702,
            "book_valuer_per_share": 7.95,
            "book_valuer_per_share_4q_avg": 8.16,
            "equity": 1779395,
            "current_ratio": 81.21,
            "debt_ratio": 43.55,
            "inventory_turnover_ratio": 2.68,
            "account_receivable_turnover_ratio": null,
            "reinvestment_rate": null,
            "research_to_sale_ratio": null,
            "price_fair": 9.8,
            "eps_avg_yearly": 0.28,
            "eps_latest_yearly": 0.04,
            "eps_growth_yearly": 302.77
        },
        "20071": {
            "year_quarter": 20071,
            "year": 2007,
            "quarter": 1,
            "eps": 0.36,
            "eps_growth_year": null,
            "eps_4q": -0.04,
            "eps_4q_growth_year": null,
            "roe": 4.46,
            "roe_4q": -0.5400000000000003,
            "gross_profit": 31888,
            "gross_margin": 7.62,
            "gross_margin_4q_avg": -0.51,
            "net_income": 81502,
            "net_income_4q": null,
            "revenue": 418596,
            "revenue_4q": null,
            "common_shares": 2238702,
            "book_valuer_per_share": 8.37,
            "book_valuer_per_share_4q_avg": 8.17,
            "equity": 1872731,
            "current_ratio": 56.94,
            "debt_ratio": 44.63,
            "inventory_turnover_ratio": 3.09,
            "account_receivable_turnover_ratio": null,
            "reinvestment_rate": null,
            "research_to_sale_ratio": null,
            "price_fair": 9.8,
            "eps_avg_yearly": 0.28,
            "eps_latest_yearly": 0.04,
            "eps_growth_yearly": 302.77
        },
        "20072": {
            "year_quarter": 20072,
            "year": 2007,
            "quarter": 2,
            "eps": 0.3,
            "eps_growth_year": null,
            "eps_4q": 0.36,
            "eps_4q_growth_year": null,
            "roe": 3.54,
            "roe_4q": 4.24,
            "gross_profit": 48161,
            "gross_margin": 15.62,
            "gross_margin_4q_avg": 2.85,
            "net_income": 67428,
            "net_income_4q": null,
            "revenue": 308372,
            "revenue_4q": null,
            "common_shares": 2238702,
            "book_valuer_per_share": 8.64,
            "book_valuer_per_share_4q_avg": 8.27,
            "equity": 1933839,
            "current_ratio": 51.04,
            "debt_ratio": 41.46,
            "inventory_turnover_ratio": 5.49,
            "account_receivable_turnover_ratio": null,
            "reinvestment_rate": null,
            "research_to_sale_ratio": null,
            "price_fair": 14.56,
            "eps_avg_yearly": 0.42,
            "eps_latest_yearly": 1.2,
            "eps_growth_yearly": 295.15
        },
        "20073": {
            "year_quarter": 20073,
            "year": 2007,
            "quarter": 3,
            "eps": -0.05,
            "eps_growth_year": null,
            "eps_4q": 0.5,
            "eps_4q_growth_year": null,
            "roe": -0.6,
            "roe_4q": 5.95,
            "gross_profit": 32380,
            "gross_margin": 10.8,
            "gross_margin_4q_avg": 6.12,
            "net_income": -11643,
            "net_income_4q": null,
            "revenue": 299857,
            "revenue_4q": null,
            "common_shares": 2238702,
            "book_valuer_per_share": 8.57,
            "book_valuer_per_share_4q_avg": 8.38,
            "equity": 1918965,
            "current_ratio": 43.91,
            "debt_ratio": 39.22,
            "inventory_turnover_ratio": 5.56,
            "account_receivable_turnover_ratio": null,
            "reinvestment_rate": null,
            "research_to_sale_ratio": null,
            "price_fair": 16.45,
            "eps_avg_yearly": 0.47,
            "eps_latest_yearly": 1.2,
            "eps_growth_yearly": 430.48
        },
        "20074": {
            "year_quarter": 20074,
            "year": 2007,
            "quarter": 4,
            "eps": 0.18,
            "eps_growth_year": null,
            "eps_4q": 1.16,
            "eps_4q_growth_year": null,
            "roe": 1.31,
            "roe_4q": 8.71,
            "gross_profit": 28472,
            "gross_margin": 9.66,
            "gross_margin_4q_avg": 10.93,
            "net_income": 25330,
            "net_income_4q": null,
            "revenue": 294847,
            "revenue_4q": null,
            "common_shares": 1386215,
            "book_valuer_per_share": 13.99,
            "book_valuer_per_share_4q_avg": 9.89,
            "equity": 1938677,
            "current_ratio": 87.52,
            "debt_ratio": 36.85,
            "inventory_turnover_ratio": 2.08,
            "account_receivable_turnover_ratio": null,
            "reinvestment_rate": null,
            "research_to_sale_ratio": null,
            "price_fair": 21,
            "eps_avg_yearly": 0.6,
            "eps_latest_yearly": 1.2,
            "eps_growth_yearly": 653.97
        },
        "20081": {
            "year_quarter": 20081,
            "year": 2008,
            "quarter": 1,
            "eps": 0.23,
            "eps_growth_year": -36.11,
            "eps_4q": 0.82,
            "eps_4q_growth_year": null,
            "roe": 1.64,
            "roe_4q": 5.890000000000001,
            "gross_profit": 108956,
            "gross_margin": 27.24,
            "gross_margin_4q_avg": 15.83,
            "net_income": 31609,
            "net_income_4q": null,
            "revenue": 400003,
            "revenue_4q": null,
            "common_shares": 1386215,
            "book_valuer_per_share": 13.89,
            "book_valuer_per_share_4q_avg": 11.27,
            "equity": 1925433,
            "current_ratio": 85.83,
            "debt_ratio": 35.26,
            "inventory_turnover_ratio": 1.44,
            "account_receivable_turnover_ratio": null,
            "reinvestment_rate": null,
            "research_to_sale_ratio": null,
            "price_fair": 2.16,
            "eps_avg_yearly": 0.72,
            "eps_latest_yearly": 0.92,
            "eps_growth_yearly": -108.99
        },
        "20082": {
            "year_quarter": 20082,
            "year": 2008,
            "quarter": 2,
            "eps": -0.13,
            "eps_growth_year": -143.33,
            "eps_4q": 0.2,
            "eps_4q_growth_year": -44.09,
            "roe": -0.92,
            "roe_4q": 1.4299999999999997,
            "gross_profit": 48892,
            "gross_margin": 16.96,
            "gross_margin_4q_avg": 16.17,
            "net_income": -17483,
            "net_income_4q": null,
            "revenue": 288360,
            "revenue_4q": null,
            "common_shares": 1386215,
            "book_valuer_per_share": 13.48,
            "book_valuer_per_share_4q_avg": 12.48,
            "equity": 1869212,
            "current_ratio": 72.4,
            "debt_ratio": 35.23,
            "inventory_turnover_ratio": 1.26,
            "account_receivable_turnover_ratio": null,
            "reinvestment_rate": null,
            "research_to_sale_ratio": null,
            "price_fair": 34.16,
            "eps_avg_yearly": 1.06,
            "eps_latest_yearly": 0.92,
            "eps_growth_yearly": 22.22
        },
        "20083": {
            "year_quarter": 20083,
            "year": 2008,
            "quarter": 3,
            "eps": 0.03,
            "eps_growth_year": null,
            "eps_4q": 0.32,
            "eps_4q_growth_year": -36.35,
            "roe": 0.22,
            "roe_4q": 2.25,
            "gross_profit": 87264,
            "gross_margin": 26.84,
            "gross_margin_4q_avg": 20.18,
            "net_income": 4134,
            "net_income_4q": null,
            "revenue": 325142,
            "revenue_4q": null,
            "common_shares": 1386215,
            "book_valuer_per_share": 13.77,
            "book_valuer_per_share_4q_avg": 13.78,
            "equity": 1908438,
            "current_ratio": 71.08,
            "debt_ratio": 33.95,
            "inventory_turnover_ratio": 1.31,
            "account_receivable_turnover_ratio": null,
            "reinvestment_rate": null,
            "research_to_sale_ratio": null,
            "price_fair": 34.16,
            "eps_avg_yearly": 1.06,
            "eps_latest_yearly": 0.92,
            "eps_growth_yearly": 22.22
        },
        "20084": {
            "year_quarter": 20084,
            "year": 2008,
            "quarter": 4,
            "eps": -0.04,
            "eps_growth_year": -122.22,
            "eps_4q": 0.09,
            "eps_4q_growth_year": -92.21,
            "roe": -0.33,
            "roe_4q": 0.6099999999999999,
            "gross_profit": 104989,
            "gross_margin": 32.69,
            "gross_margin_4q_avg": 25.93,
            "net_income": -6219,
            "net_income_4q": null,
            "revenue": 321173,
            "revenue_4q": null,
            "common_shares": 1386215,
            "book_valuer_per_share": 13.81,
            "book_valuer_per_share_4q_avg": 13.74,
            "equity": 1914170,
            "current_ratio": 114.17,
            "debt_ratio": 33.64,
            "inventory_turnover_ratio": 1.18,
            "account_receivable_turnover_ratio": 4.51,
            "reinvestment_rate": null,
            "research_to_sale_ratio": null,
            "price_fair": 34.16,
            "eps_avg_yearly": 1.06,
            "eps_latest_yearly": 0.92,
            "eps_growth_yearly": 22.22
        },
        "20091": {
            "year_quarter": 20091,
            "year": 2009,
            "quarter": 1,
            "eps": 0.09,
            "eps_growth_year": -60.87,
            "eps_4q": -0.06,
            "eps_4q_growth_year": -107.04,
            "roe": 0.62,
            "roe_4q": -0.41000000000000003,
            "gross_profit": 75915,
            "gross_margin": 27.51,
            "gross_margin_4q_avg": 26,
            "net_income": 11917,
            "net_income_4q": null,
            "revenue": 275911,
            "revenue_4q": null,
            "common_shares": 1386215,
            "book_valuer_per_share": 14.05,
            "book_valuer_per_share_4q_avg": 13.78,
            "equity": 1947249,
            "current_ratio": 115.13,
            "debt_ratio": 32.73,
            "inventory_turnover_ratio": 1.2,
            "account_receivable_turnover_ratio": 1.99,
            "reinvestment_rate": null,
            "research_to_sale_ratio": null,
            "price_fair": 34.16,
            "eps_avg_yearly": 1.06,
            "eps_latest_yearly": 0.92,
            "eps_growth_yearly": 22.22
        },
        "20092": {
            "year_quarter": 20092,
            "year": 2009,
            "quarter": 2,
            "eps": 0.12,
            "eps_growth_year": null,
            "eps_4q": 0.19,
            "eps_4q_growth_year": -5.03,
            "roe": 0.86,
            "roe_4q": 1.3699999999999999,
            "gross_profit": 89748,
            "gross_margin": 29.23,
            "gross_margin_4q_avg": 29.07,
            "net_income": 16726,
            "net_income_4q": null,
            "revenue": 306996,
            "revenue_4q": null,
            "common_shares": 1386215,
            "book_valuer_per_share": 14.02,
            "book_valuer_per_share_4q_avg": 13.91,
            "equity": 1943007,
            "current_ratio": 112.74,
            "debt_ratio": 33.53,
            "inventory_turnover_ratio": 1.41,
            "account_receivable_turnover_ratio": 1.85,
            "reinvestment_rate": null,
            "research_to_sale_ratio": null,
            "price_fair": 30.33,
            "eps_avg_yearly": 0.87,
            "eps_latest_yearly": 0.48,
            "eps_growth_yearly": 59.26
        },
        "20093": {
            "year_quarter": 20093,
            "year": 2009,
            "quarter": 3,
            "eps": 0.07,
            "eps_growth_year": 133.33,
            "eps_4q": 0.23,
            "eps_4q_growth_year": -28.36,
            "roe": 0.52,
            "roe_4q": 1.67,
            "gross_profit": 70863,
            "gross_margin": 25.36,
            "gross_margin_4q_avg": 28.7,
            "net_income": 10023,
            "net_income_4q": null,
            "revenue": 279473,
            "revenue_4q": null,
            "common_shares": 1386215,
            "book_valuer_per_share": 14,
            "book_valuer_per_share_4q_avg": 13.97,
            "equity": 1940671,
            "current_ratio": 70.71,
            "debt_ratio": 32.99,
            "inventory_turnover_ratio": 1.32,
            "account_receivable_turnover_ratio": 1.67,
            "reinvestment_rate": null,
            "research_to_sale_ratio": null,
            "price_fair": 9.2,
            "eps_avg_yearly": 0.72,
            "eps_latest_yearly": 0.28,
            "eps_growth_yearly": 2.78
        },
        "20094": {
            "year_quarter": 20094,
            "year": 2009,
            "quarter": 4,
            "eps": -0.07,
            "eps_growth_year": null,
            "eps_4q": 0.2,
            "eps_4q_growth_year": 127.75,
            "roe": -0.53,
            "roe_4q": 1.47,
            "gross_profit": 81629,
            "gross_margin": 27.91,
            "gross_margin_4q_avg": 27.5,
            "net_income": -10252,
            "net_income_4q": null,
            "revenue": 292472,
            "revenue_4q": null,
            "common_shares": 1386215,
            "book_valuer_per_share": 13.9,
            "book_valuer_per_share_4q_avg": 13.99,
            "equity": 1927209,
            "current_ratio": 103.83,
            "debt_ratio": 33.67,
            "inventory_turnover_ratio": 1.2,
            "account_receivable_turnover_ratio": 3.28,
            "reinvestment_rate": -104.63,
            "research_to_sale_ratio": null,
            "price_fair": 9.2,
            "eps_avg_yearly": 0.72,
            "eps_latest_yearly": 0.28,
            "eps_growth_yearly": 2.78
        },
        "20101": {
            "year_quarter": 20101,
            "year": 2010,
            "quarter": 1,
            "eps": 0.11,
            "eps_growth_year": 22.22,
            "eps_4q": 0.23,
            "eps_4q_growth_year": null,
            "roe": 0.81,
            "roe_4q": 1.6600000000000001,
            "gross_profit": 83418,
            "gross_margin": 26.79,
            "gross_margin_4q_avg": 27.32,
            "net_income": 15589,
            "net_income_4q": null,
            "revenue": 311326,
            "revenue_4q": null,
            "common_shares": 1386215,
            "book_valuer_per_share": 13.99,
            "book_valuer_per_share_4q_avg": 13.98,
            "equity": 1939107,
            "current_ratio": 104.16,
            "debt_ratio": 34.07,
            "inventory_turnover_ratio": 1.17,
            "account_receivable_turnover_ratio": 1.62,
            "reinvestment_rate": 233.9,
            "research_to_sale_ratio": null,
            "price_fair": 9.2,
            "eps_avg_yearly": 0.72,
            "eps_latest_yearly": 0.28,
            "eps_growth_yearly": 2.78
        },
        "20102": {
            "year_quarter": 20102,
            "year": 2010,
            "quarter": 2,
            "eps": -0.14,
            "eps_growth_year": -216.35,
            "eps_4q": -0.03,
            "eps_4q_growth_year": -115.12,
            "roe": -1,
            "roe_4q": -0.19999999999999996,
            "gross_profit": 85966,
            "gross_margin": 24.28,
            "gross_margin_4q_avg": 26.09,
            "net_income": -19354,
            "net_income_4q": null,
            "revenue": 354095,
            "revenue_4q": null,
            "common_shares": 1386215,
            "book_valuer_per_share": 13.9,
            "book_valuer_per_share_4q_avg": 13.95,
            "equity": 1926787,
            "current_ratio": 105.18,
            "debt_ratio": 33.01,
            "inventory_turnover_ratio": 1.52,
            "account_receivable_turnover_ratio": 1.66,
            "reinvestment_rate": 238.21,
            "research_to_sale_ratio": null,
            "price_fair": 9.2,
            "eps_avg_yearly": 0.72,
            "eps_latest_yearly": 0.28,
            "eps_growth_yearly": 2.78
        },
        "20103": {
            "year_quarter": 20103,
            "year": 2010,
            "quarter": 3,
            "eps": -0.04,
            "eps_growth_year": -151.33,
            "eps_4q": -0.14,
            "eps_4q_growth_year": -160.48,
            "roe": -0.26,
            "roe_4q": -0.98,
            "gross_profit": 93210,
            "gross_margin": 30.82,
            "gross_margin_4q_avg": 27.45,
            "net_income": -4981,
            "net_income_4q": null,
            "revenue": 302392,
            "revenue_4q": null,
            "common_shares": 1386215,
            "book_valuer_per_share": 13.74,
            "book_valuer_per_share_4q_avg": 13.88,
            "equity": 1904541,
            "current_ratio": 102.79,
            "debt_ratio": 35.38,
            "inventory_turnover_ratio": 1.21,
            "account_receivable_turnover_ratio": 1.4,
            "reinvestment_rate": 177.56,
            "research_to_sale_ratio": null,
            "price_fair": 9.2,
            "eps_avg_yearly": 0.72,
            "eps_latest_yearly": 0.28,
            "eps_growth_yearly": 2.78
        },
        "20104": {
            "year_quarter": 20104,
            "year": 2010,
            "quarter": 4,
            "eps": -1.6,
            "eps_growth_year": null,
            "eps_4q": -1.66,
            "eps_4q_growth_year": -912.28,
            "roe": -12.54,
            "roe_4q": -12.989999999999998,
            "gross_profit": 43299,
            "gross_margin": 17.94,
            "gross_margin_4q_avg": 24.96,
            "net_income": -222054,
            "net_income_4q": null,
            "revenue": 241375,
            "revenue_4q": null,
            "common_shares": 1386215,
            "book_valuer_per_share": 11.82,
            "book_valuer_per_share_4q_avg": 13.36,
            "equity": 1637847,
            "current_ratio": 100.36,
            "debt_ratio": 36.82,
            "inventory_turnover_ratio": 1.04,
            "account_receivable_turnover_ratio": 1.41,
            "reinvestment_rate": null,
            "research_to_sale_ratio": null,
            "price_fair": 9.2,
            "eps_avg_yearly": 0.72,
            "eps_latest_yearly": 0.28,
            "eps_growth_yearly": 2.78
        },
        "20111": {
            "year_quarter": 20111,
            "year": 2011,
            "quarter": 1,
            "eps": 0.14,
            "eps_growth_year": 27.27,
            "eps_4q": -1.64,
            "eps_4q_growth_year": -808.3,
            "roe": 1.16,
            "roe_4q": -12.639999999999999,
            "gross_profit": 53803,
            "gross_margin": 18.82,
            "gross_margin_4q_avg": 22.97,
            "net_income": 19125,
            "net_income_4q": null,
            "revenue": 285840,
            "revenue_4q": null,
            "common_shares": 1386215,
            "book_valuer_per_share": 11.98,
            "book_valuer_per_share_4q_avg": 12.86,
            "equity": 1661355,
            "current_ratio": 141.01,
            "debt_ratio": 45.37,
            "inventory_turnover_ratio": 1.1,
            "account_receivable_turnover_ratio": 2.17,
            "reinvestment_rate": null,
            "research_to_sale_ratio": null,
            "price_fair": 9.2,
            "eps_avg_yearly": 0.72,
            "eps_latest_yearly": 0.28,
            "eps_growth_yearly": 2.78
        },
        "20112": {
            "year_quarter": 20112,
            "year": 2011,
            "quarter": 2,
            "eps": 3.68,
            "eps_growth_year": null,
            "eps_4q": 2.18,
            "eps_4q_growth_year": null,
            "roe": 26.67,
            "roe_4q": 15.030000000000003,
            "gross_profit": 29027,
            "gross_margin": 11.18,
            "gross_margin_4q_avg": 19.69,
            "net_income": 509730,
            "net_income_4q": null,
            "revenue": 259640,
            "revenue_4q": null,
            "common_shares": 1386215,
            "book_valuer_per_share": 15.59,
            "book_valuer_per_share_4q_avg": 13.28,
            "equity": 2161135,
            "current_ratio": 832.94,
            "debt_ratio": 25.23,
            "inventory_turnover_ratio": 0.45,
            "account_receivable_turnover_ratio": 2.05,
            "reinvestment_rate": -85.06,
            "research_to_sale_ratio": null,
            "price_fair": 143.5,
            "eps_avg_yearly": 4.1,
            "eps_latest_yearly": 14.72,
            "eps_growth_yearly": 2548.02
        },
        "20113": {
            "year_quarter": 20113,
            "year": 2011,
            "quarter": 3,
            "eps": -0.12,
            "eps_growth_year": null,
            "eps_4q": 2.09,
            "eps_4q_growth_year": null,
            "roe": -0.77,
            "roe_4q": 14.520000000000003,
            "gross_profit": 4528,
            "gross_margin": 2.58,
            "gross_margin_4q_avg": 12.63,
            "net_income": -16647,
            "net_income_4q": null,
            "revenue": 175712,
            "revenue_4q": null,
            "common_shares": 1386215,
            "book_valuer_per_share": 15.66,
            "book_valuer_per_share_4q_avg": 13.76,
            "equity": 2170712,
            "current_ratio": 883.83,
            "debt_ratio": 24.5,
            "inventory_turnover_ratio": 0.21,
            "account_receivable_turnover_ratio": 1.62,
            "reinvestment_rate": -77.59,
            "research_to_sale_ratio": null,
            "price_fair": 143.5,
            "eps_avg_yearly": 4.1,
            "eps_latest_yearly": 14.72,
            "eps_growth_yearly": 2548.02
        },
        "20114": {
            "year_quarter": 20114,
            "year": 2011,
            "quarter": 4,
            "eps": -0.79,
            "eps_growth_year": null,
            "eps_4q": 2.91,
            "eps_4q_growth_year": null,
            "roe": -5.18,
            "roe_4q": 21.880000000000003,
            "gross_profit": -22961,
            "gross_margin": -16.4,
            "gross_margin_4q_avg": 4.05,
            "net_income": -109415,
            "net_income_4q": null,
            "revenue": 140017,
            "revenue_4q": null,
            "common_shares": 1386215,
            "book_valuer_per_share": 14.8,
            "book_valuer_per_share_4q_avg": 14.51,
            "equity": 2051792,
            "current_ratio": 696.83,
            "debt_ratio": 27.54,
            "inventory_turnover_ratio": 0.17,
            "account_receivable_turnover_ratio": 1.5,
            "reinvestment_rate": -180.89,
            "research_to_sale_ratio": null,
            "price_fair": 143.5,
            "eps_avg_yearly": 4.1,
            "eps_latest_yearly": 14.72,
            "eps_growth_yearly": 2548.02
        },
        "20121": {
            "year_quarter": 20121,
            "year": 2012,
            "quarter": 1,
            "eps": 0.2,
            "eps_growth_year": 42.86,
            "eps_4q": 2.97,
            "eps_4q_growth_year": null,
            "roe": 1.35,
            "roe_4q": 22.07,
            "gross_profit": 47573,
            "gross_margin": 24.65,
            "gross_margin_4q_avg": 5.5,
            "net_income": 27747,
            "net_income_4q": null,
            "revenue": 192981,
            "revenue_4q": null,
            "common_shares": 1386215,
            "book_valuer_per_share": 14.95,
            "book_valuer_per_share_4q_avg": 15.25,
            "equity": 2072351,
            "current_ratio": 907.62,
            "debt_ratio": 25.86,
            "inventory_turnover_ratio": 0.13,
            "account_receivable_turnover_ratio": 1.83,
            "reinvestment_rate": -211.79,
            "research_to_sale_ratio": null,
            "price_fair": 180.6,
            "eps_avg_yearly": 5.16,
            "eps_latest_yearly": 14.72,
            "eps_growth_yearly": 3360.32
        },
        "20122": {
            "year_quarter": 20122,
            "year": 2012,
            "quarter": 2,
            "eps": -0.14,
            "eps_growth_year": -103.69,
            "eps_4q": -0.84,
            "eps_4q_growth_year": -138.8,
            "roe": -0.92,
            "roe_4q": -5.52,
            "gross_profit": 49128,
            "gross_margin": 23.86,
            "gross_margin_4q_avg": 8.67,
            "net_income": -18784,
            "net_income_4q": null,
            "revenue": 205866,
            "revenue_4q": null,
            "common_shares": 1386215,
            "book_valuer_per_share": 14.54,
            "book_valuer_per_share_4q_avg": 14.99,
            "equity": 2015415,
            "current_ratio": 861.13,
            "debt_ratio": 27.17,
            "inventory_turnover_ratio": 0.13,
            "account_receivable_turnover_ratio": 1.63,
            "reinvestment_rate": -254.25,
            "research_to_sale_ratio": null,
            "price_fair": 180.6,
            "eps_avg_yearly": 5.16,
            "eps_latest_yearly": 14.72,
            "eps_growth_yearly": 3360.32
        },
        "20123": {
            "year_quarter": 20123,
            "year": 2012,
            "quarter": 3,
            "eps": -0.12,
            "eps_growth_year": null,
            "eps_4q": -0.85,
            "eps_4q_growth_year": -140.43,
            "roe": -0.84,
            "roe_4q": -5.59,
            "gross_profit": 23583,
            "gross_margin": 14.01,
            "gross_margin_4q_avg": 11.53,
            "net_income": -16869,
            "net_income_4q": null,
            "revenue": 168360,
            "revenue_4q": null,
            "common_shares": 1386215,
            "book_valuer_per_share": 14.38,
            "book_valuer_per_share_4q_avg": 14.67,
            "equity": 1993244,
            "current_ratio": 874.43,
            "debt_ratio": 27.23,
            "inventory_turnover_ratio": 0.11,
            "account_receivable_turnover_ratio": 1.53,
            "reinvestment_rate": -285,
            "research_to_sale_ratio": null,
            "price_fair": 180.6,
            "eps_avg_yearly": 5.16,
            "eps_latest_yearly": 14.72,
            "eps_growth_yearly": 3360.32
        },
        "20124": {
            "year_quarter": 20124,
            "year": 2012,
            "quarter": 4,
            "eps": -0.15,
            "eps_growth_year": null,
            "eps_4q": -0.21,
            "eps_4q_growth_year": -107.19,
            "roe": -1.06,
            "roe_4q": -1.4699999999999998,
            "gross_profit": 20398,
            "gross_margin": 10.87,
            "gross_margin_4q_avg": 18.35,
            "net_income": -21039,
            "net_income_4q": null,
            "revenue": 187722,
            "revenue_4q": null,
            "common_shares": 1386215,
            "book_valuer_per_share": 14.21,
            "book_valuer_per_share_4q_avg": 14.52,
            "equity": 1970082,
            "current_ratio": 804.87,
            "debt_ratio": 28.06,
            "inventory_turnover_ratio": 0.11,
            "account_receivable_turnover_ratio": 2.18,
            "reinvestment_rate": -306.89,
            "research_to_sale_ratio": null,
            "price_fair": 180.6,
            "eps_avg_yearly": 5.16,
            "eps_latest_yearly": 14.72,
            "eps_growth_yearly": 3360.32
        },
        "20131": {
            "year_quarter": 20131,
            "year": 2013,
            "quarter": 1,
            "eps": 0.09,
            "eps_growth_year": -55,
            "eps_4q": -0.32,
            "eps_4q_growth_year": -110.79,
            "roe": 0.62,
            "roe_4q": -2.2,
            "gross_profit": 51258,
            "gross_margin": 25.1,
            "gross_margin_4q_avg": 18.46,
            "net_income": 12310,
            "net_income_4q": null,
            "revenue": 204208,
            "revenue_4q": null,
            "common_shares": 1386215,
            "book_valuer_per_share": 14.34,
            "book_valuer_per_share_4q_avg": 14.37,
            "equity": 1987286,
            "current_ratio": 811.53,
            "debt_ratio": 28.08,
            "inventory_turnover_ratio": 0.09,
            "account_receivable_turnover_ratio": 2.03,
            "reinvestment_rate": -312.07,
            "research_to_sale_ratio": null,
            "price_fair": 180.6,
            "eps_avg_yearly": 5.16,
            "eps_latest_yearly": 14.72,
            "eps_growth_yearly": 3360.32
        },
        "20132": {
            "year_quarter": 20132,
            "year": 2013,
            "quarter": 2,
            "eps": 0.02,
            "eps_growth_year": null,
            "eps_4q": -0.16,
            "eps_4q_growth_year": null,
            "roe": 0.16,
            "roe_4q": -1.12,
            "gross_profit": 42480,
            "gross_margin": 20.63,
            "gross_margin_4q_avg": 17.65,
            "net_income": 3086,
            "net_income_4q": null,
            "revenue": 205930,
            "revenue_4q": null,
            "common_shares": 1386215,
            "book_valuer_per_share": 14.07,
            "book_valuer_per_share_4q_avg": 14.25,
            "equity": 1950392,
            "current_ratio": 670,
            "debt_ratio": 34.9,
            "inventory_turnover_ratio": 0.09,
            "account_receivable_turnover_ratio": 1.87,
            "reinvestment_rate": -341.38,
            "research_to_sale_ratio": null,
            "price_fair": 175.93,
            "eps_avg_yearly": 5.03,
            "eps_latest_yearly": 0.08,
            "eps_growth_yearly": 3212.17
        },
        "20133": {
            "year_quarter": 20133,
            "year": 2013,
            "quarter": 3,
            "eps": -0.07,
            "eps_growth_year": null,
            "eps_4q": -0.12,
            "eps_4q_growth_year": null,
            "roe": -0.54,
            "roe_4q": -0.8200000000000001,
            "gross_profit": 24142,
            "gross_margin": 14.13,
            "gross_margin_4q_avg": 17.68,
            "net_income": -10505,
            "net_income_4q": null,
            "revenue": 170823,
            "revenue_4q": null,
            "common_shares": 1386215,
            "book_valuer_per_share": 13.97,
            "book_valuer_per_share_4q_avg": 14.15,
            "equity": 1935897,
            "current_ratio": 619.95,
            "debt_ratio": 37.93,
            "inventory_turnover_ratio": 0.07,
            "account_receivable_turnover_ratio": 1.94,
            "reinvestment_rate": -386.76,
            "research_to_sale_ratio": null,
            "price_fair": 259,
            "eps_avg_yearly": 7.4,
            "eps_latest_yearly": 0.08,
            "eps_growth_yearly": 4901.59
        },
        "20134": {
            "year_quarter": 20134,
            "year": 2013,
            "quarter": 4,
            "eps": -0.12,
            "eps_growth_year": null,
            "eps_4q": -0.08,
            "eps_4q_growth_year": null,
            "roe": -0.85,
            "roe_4q": -0.6100000000000002,
            "gross_profit": 20603,
            "gross_margin": 10.85,
            "gross_margin_4q_avg": 17.68,
            "net_income": -16327,
            "net_income_4q": null,
            "revenue": 189918,
            "revenue_4q": null,
            "common_shares": 1386215,
            "book_valuer_per_share": 13.82,
            "book_valuer_per_share_4q_avg": 14.05,
            "equity": 1915966,
            "current_ratio": 710.58,
            "debt_ratio": 51.68,
            "inventory_turnover_ratio": 0.08,
            "account_receivable_turnover_ratio": 2.3,
            "reinvestment_rate": -511.12,
            "research_to_sale_ratio": null,
            "price_fair": 259,
            "eps_avg_yearly": 7.4,
            "eps_latest_yearly": 0.08,
            "eps_growth_yearly": 4901.59
        },
        "20141": {
            "year_quarter": 20141,
            "year": 2014,
            "quarter": 1,
            "eps": 0.11,
            "eps_growth_year": 22.22,
            "eps_4q": -0.06,
            "eps_4q_growth_year": null,
            "roe": 0.8,
            "roe_4q": -0.42999999999999994,
            "gross_profit": 53708,
            "gross_margin": 26.05,
            "gross_margin_4q_avg": 17.92,
            "net_income": 15380,
            "net_income_4q": null,
            "revenue": 206190,
            "revenue_4q": null,
            "common_shares": 1386215,
            "book_valuer_per_share": 14.04,
            "book_valuer_per_share_4q_avg": 13.98,
            "equity": 1945643,
            "current_ratio": 1171.03,
            "debt_ratio": 48.87,
            "inventory_turnover_ratio": 0.07,
            "account_receivable_turnover_ratio": 2.32,
            "reinvestment_rate": -496.5,
            "research_to_sale_ratio": null,
            "price_fair": 259,
            "eps_avg_yearly": 7.4,
            "eps_latest_yearly": 0.08,
            "eps_growth_yearly": 4901.59
        },
        "20142": {
            "year_quarter": 20142,
            "year": 2014,
            "quarter": 2,
            "eps": 0.03,
            "eps_growth_year": 50,
            "eps_4q": -0.05,
            "eps_4q_growth_year": null,
            "roe": 0.23,
            "roe_4q": -0.36,
            "gross_profit": 46813,
            "gross_margin": 25.69,
            "gross_margin_4q_avg": 19.18,
            "net_income": 4361,
            "net_income_4q": null,
            "revenue": 182250,
            "revenue_4q": null,
            "common_shares": 1386215,
            "book_valuer_per_share": 13.62,
            "book_valuer_per_share_4q_avg": 13.86,
            "equity": 1887720,
            "current_ratio": 733.6,
            "debt_ratio": 51.83,
            "inventory_turnover_ratio": 0.06,
            "account_receivable_turnover_ratio": 1.83,
            "reinvestment_rate": -439.02,
            "research_to_sale_ratio": null,
            "price_fair": 174.07,
            "eps_avg_yearly": 4.97,
            "eps_latest_yearly": 0.12,
            "eps_growth_yearly": 3170.76
        },
        "20143": {
            "year_quarter": 20143,
            "year": 2014,
            "quarter": 3,
            "eps": -0.01,
            "eps_growth_year": null,
            "eps_4q": 0.01,
            "eps_4q_growth_year": null,
            "roe": -0.1,
            "roe_4q": 0.08000000000000007,
            "gross_profit": 39562,
            "gross_margin": 18.26,
            "gross_margin_4q_avg": 20.21,
            "net_income": -1908,
            "net_income_4q": null,
            "revenue": 216707,
            "revenue_4q": null,
            "common_shares": 1386215,
            "book_valuer_per_share": 13.61,
            "book_valuer_per_share_4q_avg": 13.77,
            "equity": 1886941,
            "current_ratio": 942.68,
            "debt_ratio": 50.51,
            "inventory_turnover_ratio": 0.07,
            "account_receivable_turnover_ratio": 1.69,
            "reinvestment_rate": -422.68,
            "research_to_sale_ratio": null,
            "price_fair": 174.07,
            "eps_avg_yearly": 4.97,
            "eps_latest_yearly": 0.12,
            "eps_growth_yearly": 3170.76
        },
        "20144": {
            "year_quarter": 20144,
            "year": 2014,
            "quarter": 4,
            "eps": -0.03,
            "eps_growth_year": null,
            "eps_4q": 0.1,
            "eps_4q_growth_year": null,
            "roe": -0.24,
            "roe_4q": 0.6900000000000001,
            "gross_profit": 24535,
            "gross_margin": 10.45,
            "gross_margin_4q_avg": 20.11,
            "net_income": -4563,
            "net_income_4q": null,
            "revenue": 234878,
            "revenue_4q": null,
            "common_shares": 1386215,
            "book_valuer_per_share": 13.67,
            "book_valuer_per_share_4q_avg": 13.74,
            "equity": 1895389,
            "current_ratio": 1172.77,
            "debt_ratio": 49.54,
            "inventory_turnover_ratio": 0.08,
            "account_receivable_turnover_ratio": 1.89,
            "reinvestment_rate": -122.87,
            "research_to_sale_ratio": null,
            "price_fair": 174.07,
            "eps_avg_yearly": 4.97,
            "eps_latest_yearly": 0.12,
            "eps_growth_yearly": 3170.76
        },
        "20151": {
            "year_quarter": 20151,
            "year": 2015,
            "quarter": 1,
            "eps": 0.04,
            "eps_growth_year": -63.64,
            "eps_4q": 0.02,
            "eps_4q_growth_year": null,
            "roe": 0.27,
            "roe_4q": 0.16000000000000003,
            "gross_profit": 48320,
            "gross_margin": 24.21,
            "gross_margin_4q_avg": 19.65,
            "net_income": 5107,
            "net_income_4q": null,
            "revenue": 199597,
            "revenue_4q": null,
            "common_shares": 1386215,
            "book_valuer_per_share": 13.61,
            "book_valuer_per_share_4q_avg": 13.63,
            "equity": 1886933,
            "current_ratio": 998.23,
            "debt_ratio": 50.58,
            "inventory_turnover_ratio": 0.06,
            "account_receivable_turnover_ratio": 1.69,
            "reinvestment_rate": -18.06,
            "research_to_sale_ratio": null,
            "price_fair": 174.07,
            "eps_avg_yearly": 4.97,
            "eps_latest_yearly": 0.12,
            "eps_growth_yearly": 3170.76
        },
        "20152": {
            "year_quarter": 20152,
            "year": 2015,
            "quarter": 2,
            "eps": -0.03,
            "eps_growth_year": -200,
            "eps_4q": -0.04,
            "eps_4q_growth_year": null,
            "roe": -0.23,
            "roe_4q": -0.3,
            "gross_profit": 33148,
            "gross_margin": 15.17,
            "gross_margin_4q_avg": 17.02,
            "net_income": -4212,
            "net_income_4q": null,
            "revenue": 218531,
            "revenue_4q": null,
            "common_shares": 1386215,
            "book_valuer_per_share": 13.24,
            "book_valuer_per_share_4q_avg": 13.53,
            "equity": 1835282,
            "current_ratio": 848.31,
            "debt_ratio": 51.97,
            "inventory_turnover_ratio": 0.07,
            "account_receivable_turnover_ratio": 1.79,
            "reinvestment_rate": null,
            "research_to_sale_ratio": null,
            "price_fair": 0.3,
            "eps_avg_yearly": 0.1,
            "eps_latest_yearly": 0.12,
            "eps_growth_yearly": -301.01
        },
        "20153": {
            "year_quarter": 20153,
            "year": 2015,
            "quarter": 3,
            "eps": -0.01,
            "eps_growth_year": null,
            "eps_4q": -0.04,
            "eps_4q_growth_year": -439.37,
            "roe": -0.08,
            "roe_4q": -0.27999999999999997,
            "gross_profit": 31353,
            "gross_margin": 13.03,
            "gross_margin_4q_avg": 15.72,
            "net_income": -1416,
            "net_income_4q": null,
            "revenue": 240567,
            "revenue_4q": null,
            "common_shares": 1386215,
            "book_valuer_per_share": 13.27,
            "book_valuer_per_share_4q_avg": 13.45,
            "equity": 1829692,
            "current_ratio": 871.01,
            "debt_ratio": 51.96,
            "inventory_turnover_ratio": 0.08,
            "account_receivable_turnover_ratio": 1.92,
            "reinvestment_rate": null,
            "research_to_sale_ratio": null,
            "price_fair": 0.3,
            "eps_avg_yearly": 0.1,
            "eps_latest_yearly": 0.12,
            "eps_growth_yearly": -301.01
        },
        "20154": {
            "year_quarter": 20154,
            "year": 2015,
            "quarter": 4,
            "eps": -0.27,
            "eps_growth_year": null,
            "eps_4q": -0.28,
            "eps_4q_growth_year": -389.8,
            "roe": -2.08,
            "roe_4q": -2.12,
            "gross_profit": 31147,
            "gross_margin": 14.24,
            "gross_margin_4q_avg": 16.66,
            "net_income": -37682,
            "net_income_4q": null,
            "revenue": 218743,
            "revenue_4q": null,
            "common_shares": 1377095,
            "book_valuer_per_share": 12.99,
            "book_valuer_per_share_4q_avg": 13.28,
            "equity": 1788960,
            "current_ratio": 173.8,
            "debt_ratio": 52.8,
            "inventory_turnover_ratio": 0.07,
            "account_receivable_turnover_ratio": 1.74,
            "reinvestment_rate": null,
            "research_to_sale_ratio": null,
            "price_fair": 0.3,
            "eps_avg_yearly": 0.1,
            "eps_latest_yearly": 0.12,
            "eps_growth_yearly": -301.01
        },
        "20161": {
            "year_quarter": 20161,
            "year": 2016,
            "quarter": 1,
            "eps": 0.02,
            "eps_growth_year": -50,
            "eps_4q": -0.29,
            "eps_4q_growth_year": -1462.59,
            "roe": 0.15,
            "roe_4q": -2.24,
            "gross_profit": 45307,
            "gross_margin": 20.2,
            "gross_margin_4q_avg": 15.66,
            "net_income": 2742,
            "net_income_4q": null,
            "revenue": 224242,
            "revenue_4q": null,
            "common_shares": 1377095,
            "book_valuer_per_share": 12.95,
            "book_valuer_per_share_4q_avg": 13.11,
            "equity": 1783345,
            "current_ratio": 172.62,
            "debt_ratio": 53.22,
            "inventory_turnover_ratio": 0.07,
            "account_receivable_turnover_ratio": 2.01,
            "reinvestment_rate": null,
            "research_to_sale_ratio": null,
            "price_fair": 0.3,
            "eps_avg_yearly": 0.1,
            "eps_latest_yearly": 0.12,
            "eps_growth_yearly": -301.01
        },
        "20162": {
            "year_quarter": 20162,
            "year": 2016,
            "quarter": 2,
            "eps": 0.1,
            "eps_growth_year": null,
            "eps_4q": -0.16,
            "eps_4q_growth_year": null,
            "roe": 0.78,
            "roe_4q": -1.23,
            "gross_profit": 65307,
            "gross_margin": 26.31,
            "gross_margin_4q_avg": 18.45,
            "net_income": 13826,
            "net_income_4q": null,
            "revenue": 248264,
            "revenue_4q": null,
            "common_shares": 1377095,
            "book_valuer_per_share": 12.71,
            "book_valuer_per_share_4q_avg": 12.98,
            "equity": 1750851,
            "current_ratio": 152.68,
            "debt_ratio": 54.37,
            "inventory_turnover_ratio": 0.07,
            "account_receivable_turnover_ratio": 2.19,
            "reinvestment_rate": null,
            "research_to_sale_ratio": null,
            "price_fair": 7,
            "eps_avg_yearly": 0.2,
            "eps_latest_yearly": 0.4,
            "eps_growth_yearly": 332.66
        },
        "20163": {
            "year_quarter": 20163,
            "year": 2016,
            "quarter": 3,
            "eps": 0.25,
            "eps_growth_year": null,
            "eps_4q": 0.1,
            "eps_4q_growth_year": null,
            "roe": 1.95,
            "roe_4q": 0.7999999999999998,
            "gross_profit": 89499,
            "gross_margin": 29.7,
            "gross_margin_4q_avg": 22.61,
            "net_income": 34336,
            "net_income_4q": null,
            "revenue": 301373,
            "revenue_4q": null,
            "common_shares": 1377095,
            "book_valuer_per_share": 12.91,
            "book_valuer_per_share_4q_avg": 12.89,
            "equity": 1777591,
            "current_ratio": 154.88,
            "debt_ratio": 53.82,
            "inventory_turnover_ratio": 0.08,
            "account_receivable_turnover_ratio": 3.02,
            "reinvestment_rate": null,
            "research_to_sale_ratio": null,
            "price_fair": 14,
            "eps_avg_yearly": 0.4,
            "eps_latest_yearly": 1,
            "eps_growth_yearly": 399.49
        },
        "20164": {
            "year_quarter": 20164,
            "year": 2016,
            "quarter": 4,
            "eps": 0.1,
            "eps_growth_year": null,
            "eps_4q": 0.47,
            "eps_4q_growth_year": null,
            "roe": 0.8,
            "roe_4q": 3.68,
            "gross_profit": 27628,
            "gross_margin": 18.58,
            "gross_margin_4q_avg": 23.7,
            "net_income": 14272,
            "net_income_4q": null,
            "revenue": 148696,
            "revenue_4q": null,
            "common_shares": 1377095,
            "book_valuer_per_share": 13.06,
            "book_valuer_per_share_4q_avg": 12.91,
            "equity": 1798695,
            "current_ratio": 157.52,
            "debt_ratio": 53.04,
            "inventory_turnover_ratio": 0.05,
            "account_receivable_turnover_ratio": 2.74,
            "reinvestment_rate": 36.72,
            "research_to_sale_ratio": null,
            "price_fair": 14,
            "eps_avg_yearly": 0.4,
            "eps_latest_yearly": 0.4,
            "eps_growth_yearly": 271.6
        },
        "20171": {
            "year_quarter": 20171,
            "year": 2017,
            "quarter": 1,
            "eps": -0.2,
            "eps_growth_year": -1100,
            "eps_4q": 0.25,
            "eps_4q_growth_year": null,
            "roe": -1.54,
            "roe_4q": 1.99,
            "gross_profit": 10960,
            "gross_margin": 9.56,
            "gross_margin_4q_avg": 21.04,
            "net_income": -27463,
            "net_income_4q": null,
            "revenue": 114629,
            "revenue_4q": null,
            "common_shares": 1377095,
            "book_valuer_per_share": 12.8,
            "book_valuer_per_share_4q_avg": 12.87,
            "equity": 1763299,
            "current_ratio": 630.85,
            "debt_ratio": 54.79,
            "inventory_turnover_ratio": 0.04,
            "account_receivable_turnover_ratio": 3.74,
            "reinvestment_rate": null,
            "research_to_sale_ratio": null,
            "price_fair": 14,
            "eps_avg_yearly": 0.4,
            "eps_latest_yearly": 0.4,
            "eps_growth_yearly": 271.6
        },
        "20172": {
            "year_quarter": 20172,
            "year": 2017,
            "quarter": 2,
            "eps": 0.01,
            "eps_growth_year": -90,
            "eps_4q": 0.17,
            "eps_4q_growth_year": null,
            "roe": 0.11,
            "roe_4q": 1.32,
            "gross_profit": 17617,
            "gross_margin": 12.56,
            "gross_margin_4q_avg": 17.6,
            "net_income": 1975,
            "net_income_4q": null,
            "revenue": 140291,
            "revenue_4q": null,
            "common_shares": 1377095,
            "book_valuer_per_share": 12.35,
            "book_valuer_per_share_4q_avg": 12.78,
            "equity": 1700666,
            "current_ratio": 666.01,
            "debt_ratio": 55.43,
            "inventory_turnover_ratio": 0.05,
            "account_receivable_turnover_ratio": 2.84,
            "reinvestment_rate": null,
            "research_to_sale_ratio": null,
            "price_fair": 16.8,
            "eps_avg_yearly": 0.48,
            "eps_latest_yearly": 0.4,
            "eps_growth_yearly": 417.27
        },
        "20173": {
            "year_quarter": 20173,
            "year": 2017,
            "quarter": 3,
            "eps": 0.02,
            "eps_growth_year": -92,
            "eps_4q": -0.06,
            "eps_4q_growth_year": -164.08,
            "roe": 0.16,
            "roe_4q": -0.47,
            "gross_profit": 30048,
            "gross_margin": 19.5,
            "gross_margin_4q_avg": 15.05,
            "net_income": 2743,
            "net_income_4q": null,
            "revenue": 154104,
            "revenue_4q": null,
            "common_shares": 1377095,
            "book_valuer_per_share": 12.37,
            "book_valuer_per_share_4q_avg": 12.65,
            "equity": 1703864,
            "current_ratio": 627.89,
            "debt_ratio": 55.81,
            "inventory_turnover_ratio": 0.05,
            "account_receivable_turnover_ratio": 2.01,
            "reinvestment_rate": -28249.19,
            "research_to_sale_ratio": null,
            "price_fair": 14,
            "eps_avg_yearly": 0.4,
            "eps_latest_yearly": 0.08,
            "eps_growth_yearly": 413.82
        },
        "20174": {
            "year_quarter": 20174,
            "year": 2017,
            "quarter": 4,
            "eps": -0.13,
            "eps_growth_year": -224.41,
            "eps_4q": -0.29,
            "eps_4q_growth_year": -162.14,
            "roe": -1.05,
            "roe_4q": -2.3200000000000003,
            "gross_profit": 10601,
            "gross_margin": 8.97,
            "gross_margin_4q_avg": 12.65,
            "net_income": -17755,
            "net_income_4q": null,
            "revenue": 118215,
            "revenue_4q": null,
            "common_shares": 1377095,
            "book_valuer_per_share": 12.27,
            "book_valuer_per_share_4q_avg": 12.45,
            "equity": 1690309,
            "current_ratio": 606.91,
            "debt_ratio": 56.12,
            "inventory_turnover_ratio": 0.04,
            "account_receivable_turnover_ratio": 1.84,
            "reinvestment_rate": null,
            "research_to_sale_ratio": null,
            "price_fair": 14,
            "eps_avg_yearly": 0.4,
            "eps_latest_yearly": 0.08,
            "eps_growth_yearly": 413.82
        },
        "20181": {
            "year_quarter": 20181,
            "year": 2018,
            "quarter": 1,
            "eps": -0.23,
            "eps_growth_year": null,
            "eps_4q": -0.32,
            "eps_4q_growth_year": -227.85,
            "roe": -1.89,
            "roe_4q": -2.67,
            "gross_profit": -4609,
            "gross_margin": -6.49,
            "gross_margin_4q_avg": 8.64,
            "net_income": -31674,
            "net_income_4q": null,
            "revenue": 71062,
            "revenue_4q": null,
            "common_shares": 1377095,
            "book_valuer_per_share": 12,
            "book_valuer_per_share_4q_avg": 12.25,
            "equity": 1653026,
            "current_ratio": 639.11,
            "debt_ratio": 56.23,
            "inventory_turnover_ratio": 0.03,
            "account_receivable_turnover_ratio": 2.26,
            "reinvestment_rate": null,
            "research_to_sale_ratio": null,
            "price_fair": 14,
            "eps_avg_yearly": 0.4,
            "eps_latest_yearly": 0.08,
            "eps_growth_yearly": 413.82
        },
        "20182": {
            "year_quarter": 20182,
            "year": 2018,
            "quarter": 2,
            "eps": 0.03,
            "eps_growth_year": 200,
            "eps_4q": -0.31,
            "eps_4q_growth_year": -282.11,
            "roe": 0.28,
            "roe_4q": -2.5,
            "gross_profit": 14355,
            "gross_margin": 9.77,
            "gross_margin_4q_avg": 7.94,
            "net_income": 4583,
            "net_income_4q": null,
            "revenue": 146928,
            "revenue_4q": null,
            "common_shares": 1377095,
            "book_valuer_per_share": 11.81,
            "book_valuer_per_share_4q_avg": 12.11,
            "equity": 1625786,
            "current_ratio": 577.65,
            "debt_ratio": 57.31,
            "inventory_turnover_ratio": 0.05,
            "account_receivable_turnover_ratio": 3.04,
            "reinvestment_rate": null,
            "research_to_sale_ratio": null,
            "price_fair": 16.45,
            "eps_avg_yearly": 0.47,
            "eps_latest_yearly": 0.08,
            "eps_growth_yearly": 590
        },
        "20183": {
            "year_quarter": 20183,
            "year": 2018,
            "quarter": 3,
            "eps": -0.08,
            "eps_growth_year": -500,
            "eps_4q": -0.4,
            "eps_4q_growth_year": null,
            "roe": -0.67,
            "roe_4q": -3.33,
            "gross_profit": 7062,
            "gross_margin": 5.7,
            "gross_margin_4q_avg": 4.49,
            "net_income": -10814,
            "net_income_4q": null,
            "revenue": 123789,
            "revenue_4q": null,
            "common_shares": 1377095,
            "book_valuer_per_share": 11.72,
            "book_valuer_per_share_4q_avg": 11.95,
            "equity": 1614618,
            "current_ratio": 607.65,
            "debt_ratio": 57.1,
            "inventory_turnover_ratio": 0.04,
            "account_receivable_turnover_ratio": 1.72,
            "reinvestment_rate": null,
            "research_to_sale_ratio": null,
            "price_fair": 16.45,
            "eps_avg_yearly": 0.47,
            "eps_latest_yearly": 0.08,
            "eps_growth_yearly": 590
        },
        "20184": {
            "year_quarter": 20184,
            "year": 2018,
            "quarter": 4,
            "eps": 0.07,
            "eps_growth_year": null,
            "eps_4q": -0.21,
            "eps_4q_growth_year": null,
            "roe": 0.58,
            "roe_4q": -1.7,
            "gross_profit": 8294,
            "gross_margin": 7.87,
            "gross_margin_4q_avg": 4.21,
            "net_income": 9309,
            "net_income_4q": null,
            "revenue": 105346,
            "revenue_4q": null,
            "common_shares": 1377095,
            "book_valuer_per_share": 11.74,
            "book_valuer_per_share_4q_avg": 11.82,
            "equity": 1617249,
            "current_ratio": 584.71,
            "debt_ratio": 57.29,
            "inventory_turnover_ratio": 0.04,
            "account_receivable_turnover_ratio": 1.63,
            "reinvestment_rate": null,
            "research_to_sale_ratio": null,
            "price_fair": 16.45,
            "eps_avg_yearly": 0.47,
            "eps_latest_yearly": 0.08,
            "eps_growth_yearly": 590
        },
        "20191": {
            "year_quarter": 20191,
            "year": 2019,
            "quarter": 1,
            "eps": -0.09,
            "eps_growth_year": null,
            "eps_4q": -0.07,
            "eps_4q_growth_year": null,
            "roe": -0.78,
            "roe_4q": -0.5900000000000001,
            "gross_profit": 7356,
            "gross_margin": 8.82,
            "gross_margin_4q_avg": 8.04,
            "net_income": -12550,
            "net_income_4q": null,
            "revenue": 83427,
            "revenue_4q": null,
            "common_shares": 1377095,
            "book_valuer_per_share": 11.66,
            "book_valuer_per_share_4q_avg": 11.73,
            "equity": 1605890,
            "current_ratio": 572.6,
            "debt_ratio": 57.69,
            "inventory_turnover_ratio": 0.03,
            "account_receivable_turnover_ratio": 1.85,
            "reinvestment_rate": null,
            "research_to_sale_ratio": null,
            "price_fair": 16.45,
            "eps_avg_yearly": 0.47,
            "eps_latest_yearly": 0.08,
            "eps_growth_yearly": 590
        },
        "20192": {
            "year_quarter": 20192,
            "year": 2019,
            "quarter": 2,
            "eps": -0.05,
            "eps_growth_year": -266.67,
            "eps_4q": -0.15,
            "eps_4q_growth_year": null,
            "roe": -0.42,
            "roe_4q": -1.29,
            "gross_profit": 18448,
            "gross_margin": 13.04,
            "gross_margin_4q_avg": 8.86,
            "net_income": -6676,
            "net_income_4q": null,
            "revenue": 141452,
            "revenue_4q": null,
            "common_shares": 1377095,
            "book_valuer_per_share": 11.33,
            "book_valuer_per_share_4q_avg": 11.61,
            "equity": 1559729,
            "current_ratio": 144.95,
            "debt_ratio": 59.04,
            "inventory_turnover_ratio": 0.04,
            "account_receivable_turnover_ratio": 2.6,
            "reinvestment_rate": null,
            "research_to_sale_ratio": null,
            "price_fair": 16.45,
            "eps_avg_yearly": 0.47,
            "eps_latest_yearly": 0.08,
            "eps_growth_yearly": 590
        },
        "20193": {
            "year_quarter": 20193,
            "year": 2019,
            "quarter": 3,
            "eps": -0.07,
            "eps_growth_year": null,
            "eps_4q": -0.14,
            "eps_4q_growth_year": null,
            "roe": -0.63,
            "roe_4q": -1.25,
            "gross_profit": 15245,
            "gross_margin": 12.83,
            "gross_margin_4q_avg": 10.64,
            "net_income": -9746,
            "net_income_4q": null,
            "revenue": 118812,
            "revenue_4q": null,
            "common_shares": 1377095,
            "book_valuer_per_share": 11.22,
            "book_valuer_per_share_4q_avg": 11.49,
            "equity": 1545354,
            "current_ratio": 152.14,
            "debt_ratio": 60.39,
            "inventory_turnover_ratio": 0.04,
            "account_receivable_turnover_ratio": 1.71,
            "reinvestment_rate": null,
            "research_to_sale_ratio": null,
            "price_fair": 16.45,
            "eps_avg_yearly": 0.47,
            "eps_latest_yearly": 0.08,
            "eps_growth_yearly": 590
        },
        "20194": {
            "year_quarter": 20194,
            "year": 2019,
            "quarter": 4,
            "eps": 0.21,
            "eps_growth_year": 214.34,
            "eps_4q": 0,
            "eps_4q_growth_year": null,
            "roe": 1.88,
            "roe_4q": 0.050000000000000044,
            "gross_profit": 71298,
            "gross_margin": 34.52,
            "gross_margin_4q_avg": 17.3,
            "net_income": 29262,
            "net_income_4q": null,
            "revenue": 206524,
            "revenue_4q": null,
            "common_shares": 1377095,
            "book_valuer_per_share": 11.38,
            "book_valuer_per_share_4q_avg": 11.4,
            "equity": 1567404,
            "current_ratio": 173.66,
            "debt_ratio": 63.4,
            "inventory_turnover_ratio": 0.04,
            "account_receivable_turnover_ratio": 4.66,
            "reinvestment_rate": null,
            "research_to_sale_ratio": null,
            "price_fair": 16.45,
            "eps_avg_yearly": 0.47,
            "eps_latest_yearly": 0.08,
            "eps_growth_yearly": 590
        },
        "20201": {
            "year_quarter": 20201,
            "year": 2020,
            "quarter": 1,
            "eps": 0.01,
            "eps_growth_year": null,
            "eps_4q": 0.1,
            "eps_4q_growth_year": null,
            "roe": 0.07,
            "roe_4q": 0.8999999999999999,
            "gross_profit": 26960,
            "gross_margin": 21.29,
            "gross_margin_4q_avg": 20.42,
            "net_income": 1069,
            "net_income_4q": null,
            "revenue": 126611,
            "revenue_4q": null,
            "common_shares": 1377095,
            "book_valuer_per_share": 11.32,
            "book_valuer_per_share_4q_avg": 11.31,
            "equity": 1558563,
            "current_ratio": 173.81,
            "debt_ratio": 63.32,
            "inventory_turnover_ratio": 0.03,
            "account_receivable_turnover_ratio": 4.33,
            "reinvestment_rate": null,
            "research_to_sale_ratio": null,
            "price_fair": 13.44,
            "eps_avg_yearly": 0.38,
            "eps_latest_yearly": 0.04,
            "eps_growth_yearly": 395.81
        },
        "20202": {
            "year_quarter": 20202,
            "year": 2020,
            "quarter": 2,
            "eps": -0.29,
            "eps_growth_year": null,
            "eps_4q": -0.14,
            "eps_4q_growth_year": null,
            "roe": -2.64,
            "roe_4q": -1.3200000000000003,
            "gross_profit": 29681,
            "gross_margin": 26.51,
            "gross_margin_4q_avg": 23.79,
            "net_income": -40296,
            "net_income_4q": null,
            "revenue": 111958,
            "revenue_4q": null,
            "common_shares": 1377095,
            "book_valuer_per_share": 10.82,
            "book_valuer_per_share_4q_avg": 11.19,
            "equity": 1490029,
            "current_ratio": 659,
            "debt_ratio": 64.38,
            "inventory_turnover_ratio": 0.03,
            "account_receivable_turnover_ratio": 3.65,
            "reinvestment_rate": null,
            "research_to_sale_ratio": null,
            "price_fair": 13.3,
            "eps_avg_yearly": 0.38,
            "eps_latest_yearly": 0.04,
            "eps_growth_yearly": 94.76
        },
        "20203": {
            "year_quarter": 20203,
            "year": 2020,
            "quarter": 3,
            "eps": 0.15,
            "eps_growth_year": null,
            "eps_4q": 0.08,
            "eps_4q_growth_year": null,
            "roe": 1.42,
            "roe_4q": 0.7299999999999998,
            "gross_profit": 61790,
            "gross_margin": 40.23,
            "gross_margin_4q_avg": 30.64,
            "net_income": 21236,
            "net_income_4q": null,
            "revenue": 153607,
            "revenue_4q": null,
            "common_shares": 1377095,
            "book_valuer_per_share": 10.97,
            "book_valuer_per_share_4q_avg": 11.12,
            "equity": 1511010,
            "current_ratio": 768.4,
            "debt_ratio": 63.2,
            "inventory_turnover_ratio": 0.03,
            "account_receivable_turnover_ratio": 6.73,
            "reinvestment_rate": null,
            "research_to_sale_ratio": null,
            "price_fair": 0.52,
            "eps_avg_yearly": 0.17,
            "eps_latest_yearly": 0.04,
            "eps_growth_yearly": -73.65
        },
        "20204": {
            "year_quarter": 20204,
            "year": 2020,
            "quarter": 4,
            "eps": 0.08,
            "eps_growth_year": -63.94,
            "eps_4q": -0.05,
            "eps_4q_growth_year": -2664.67,
            "roe": 0.69,
            "roe_4q": -0.46000000000000024,
            "gross_profit": 37523,
            "gross_margin": 38.14,
            "gross_margin_4q_avg": 31.54,
            "net_income": 10553,
            "net_income_4q": null,
            "revenue": 98381,
            "revenue_4q": null,
            "common_shares": 1377095,
            "book_valuer_per_share": 11.17,
            "book_valuer_per_share_4q_avg": 11.07,
            "equity": 1538654,
            "current_ratio": 828.55,
            "debt_ratio": 62.34,
            "inventory_turnover_ratio": 0.02,
            "account_receivable_turnover_ratio": 7.24,
            "reinvestment_rate": null,
            "research_to_sale_ratio": null,
            "price_fair": 0.44,
            "eps_avg_yearly": 0.15,
            "eps_latest_yearly": 0.32,
            "eps_growth_yearly": -55.87
        },
        "20211": {
            "year_quarter": 20211,
            "year": 2021,
            "quarter": 1,
            "eps": 0.15,
            "eps_growth_year": 1400,
            "eps_4q": 0.09,
            "eps_4q_growth_year": -9.96,
            "roe": 1.35,
            "roe_4q": 0.8199999999999998,
            "gross_profit": 34963,
            "gross_margin": 42.03,
            "gross_margin_4q_avg": 36.73,
            "net_income": 21030,
            "net_income_4q": null,
            "revenue": 83192,
            "revenue_4q": null,
            "common_shares": 1377095,
            "book_valuer_per_share": 11.47,
            "book_valuer_per_share_4q_avg": 11.11,
            "equity": 1579320,
            "current_ratio": 904.88,
            "debt_ratio": 61.28,
            "inventory_turnover_ratio": 0.02,
            "account_receivable_turnover_ratio": 7.46,
            "reinvestment_rate": null,
            "research_to_sale_ratio": null,
            "price_fair": 9.1,
            "eps_avg_yearly": 0.26,
            "eps_latest_yearly": 0.6,
            "eps_growth_yearly": 45.6
        },
        "20212": {
            "year_quarter": 20212,
            "year": 2021,
            "quarter": 2,
            "eps": -0.09,
            "eps_growth_year": null,
            "eps_4q": 0.29,
            "eps_4q_growth_year": null,
            "roe": -0.77,
            "roe_4q": 2.69,
            "gross_profit": 2984,
            "gross_margin": 9.99,
            "gross_margin_4q_avg": 32.6,
            "net_income": -12303,
            "net_income_4q": null,
            "revenue": 29883,
            "revenue_4q": null,
            "common_shares": 1377095,
            "book_valuer_per_share": 11.67,
            "book_valuer_per_share_4q_avg": 11.32,
            "equity": 1607486,
            "current_ratio": 960.5,
            "debt_ratio": 60.59,
            "inventory_turnover_ratio": 0.01,
            "account_receivable_turnover_ratio": 2.68,
            "reinvestment_rate": null,
            "research_to_sale_ratio": null,
            "price_fair": 9.1,
            "eps_avg_yearly": 0.26,
            "eps_latest_yearly": 0.6,
            "eps_growth_yearly": 45.6
        },
        "20213": {
            "year_quarter": 20213,
            "year": 2021,
            "quarter": 3,
            "eps": -0.17,
            "eps_growth_year": -213.33,
            "eps_4q": -0.03,
            "eps_4q_growth_year": -135.36,
            "roe": -1.48,
            "roe_4q": -0.20999999999999996,
            "gross_profit": 4347,
            "gross_margin": 10.96,
            "gross_margin_4q_avg": 25.28,
            "net_income": -23265,
            "net_income_4q": null,
            "revenue": 39667,
            "revenue_4q": null,
            "common_shares": 1377095,
            "book_valuer_per_share": 11.16,
            "book_valuer_per_share_4q_avg": 11.37,
            "equity": 1537036,
            "current_ratio": 673.42,
            "debt_ratio": 63.16,
            "inventory_turnover_ratio": 0.01,
            "account_receivable_turnover_ratio": 3.33,
            "reinvestment_rate": null,
            "research_to_sale_ratio": null,
            "price_fair": 0.96,
            "eps_avg_yearly": 0.32,
            "eps_latest_yearly": 0.6,
            "eps_growth_yearly": -72.54
        },
        "20214": {
            "year_quarter": 20214,
            "year": 2021,
            "quarter": 4,
            "eps": -0.02,
            "eps_growth_year": -124.88,
            "eps_4q": -0.12,
            "eps_4q_growth_year": null,
            "roe": -0.17,
            "roe_4q": -1.0699999999999998,
            "gross_profit": 4465,
            "gross_margin": 11.03,
            "gross_margin_4q_avg": 18.5,
            "net_income": -2626,
            "net_income_4q": null,
            "revenue": 40484,
            "revenue_4q": null,
            "common_shares": 1377095,
            "book_valuer_per_share": 11.13,
            "book_valuer_per_share_4q_avg": 11.36,
            "equity": 1533219,
            "current_ratio": 138.23,
            "debt_ratio": 64.67,
            "inventory_turnover_ratio": 0.01,
            "account_receivable_turnover_ratio": 2.63,
            "reinvestment_rate": null,
            "research_to_sale_ratio": null,
            "price_fair": 0.96,
            "eps_avg_yearly": 0.32,
            "eps_latest_yearly": 0.6,
            "eps_growth_yearly": -72.54
        },
        "20221": {
            "year_quarter": 20221,
            "year": 2022,
            "quarter": 1,
            "eps": -0.02,
            "eps_growth_year": -113.33,
            "eps_4q": -0.3,
            "eps_4q_growth_year": -430.78,
            "roe": -0.21,
            "roe_4q": -2.63,
            "gross_profit": 2808,
            "gross_margin": 9.01,
            "gross_margin_4q_avg": 10.25,
            "net_income": -3230,
            "net_income_4q": null,
            "revenue": 31158,
            "revenue_4q": null,
            "common_shares": 1377095,
            "book_valuer_per_share": 11.09,
            "book_valuer_per_share_4q_avg": 11.26,
            "equity": 1527114,
            "current_ratio": 136.12,
            "debt_ratio": 65.41,
            "inventory_turnover_ratio": 0.01,
            "account_receivable_turnover_ratio": 1.74,
            "reinvestment_rate": null,
            "research_to_sale_ratio": null,
            "price_fair": 0.96,
            "eps_avg_yearly": 0.32,
            "eps_latest_yearly": 0.6,
            "eps_growth_yearly": -72.54
        },
        "20222": {
            "year_quarter": 20222,
            "year": 2022,
            "quarter": 2,
            "eps": -0.03,
            "eps_growth_year": null,
            "eps_4q": -0.25,
            "eps_4q_growth_year": -183.29,
            "roe": -0.31,
            "roe_4q": -2.17,
            "gross_profit": 4425,
            "gross_margin": 12.28,
            "gross_margin_4q_avg": 10.82,
            "net_income": -4623,
            "net_income_4q": null,
            "revenue": 36035,
            "revenue_4q": null,
            "common_shares": 1377095,
            "book_valuer_per_share": 10.71,
            "book_valuer_per_share_4q_avg": 11.02,
            "equity": 1474717,
            "current_ratio": 131.96,
            "debt_ratio": 67.52,
            "inventory_turnover_ratio": 0.01,
            "account_receivable_turnover_ratio": 2.74,
            "reinvestment_rate": null,
            "research_to_sale_ratio": null,
            "price_fair": 0.96,
            "eps_avg_yearly": 0.32,
            "eps_latest_yearly": 0.6,
            "eps_growth_yearly": -72.54
        },
        "20223": {
            "year_quarter": 20223,
            "year": 2022,
            "quarter": 3,
            "eps": -0.05,
            "eps_growth_year": null,
            "eps_4q": -0.12,
            "eps_4q_growth_year": null,
            "roe": -0.43,
            "roe_4q": -1.1199999999999999,
            "gross_profit": 4906,
            "gross_margin": 11.42,
            "gross_margin_4q_avg": 10.94,
            "net_income": -6310,
            "net_income_4q": null,
            "revenue": 42955,
            "revenue_4q": null,
            "common_shares": 1377095,
            "book_valuer_per_share": 10.64,
            "book_valuer_per_share_4q_avg": 10.89,
            "equity": 1464688,
            "current_ratio": 130.59,
            "debt_ratio": 68.45,
            "inventory_turnover_ratio": 0.01,
            "account_receivable_turnover_ratio": 4.92,
            "reinvestment_rate": null,
            "research_to_sale_ratio": null,
            "price_fair": 0.96,
            "eps_avg_yearly": 0.32,
            "eps_latest_yearly": 0.6,
            "eps_growth_yearly": -72.54
        },
        "20224": {
            "year_quarter": 20224,
            "year": 2022,
            "quarter": 4,
            "eps": -0.17,
            "eps_growth_year": null,
            "eps_4q": -0.27,
            "eps_4q_growth_year": null,
            "roe": -1.63,
            "roe_4q": -2.58,
            "gross_profit": 6177,
            "gross_margin": 13.56,
            "gross_margin_4q_avg": 11.57,
            "net_income": -23643,
            "net_income_4q": null,
            "revenue": 45557,
            "revenue_4q": null,
            "common_shares": 1377095,
            "book_valuer_per_share": 10.46,
            "book_valuer_per_share_4q_avg": 10.73,
            "equity": 1440636,
            "current_ratio": 874.86,
            "debt_ratio": 69.2,
            "inventory_turnover_ratio": 0.01,
            "account_receivable_turnover_ratio": 4.34,
            "reinvestment_rate": null,
            "research_to_sale_ratio": null,
            "price_fair": 0.96,
            "eps_avg_yearly": 0.32,
            "eps_latest_yearly": 0.6,
            "eps_growth_yearly": -72.54
        },
        "20231": {
            "year_quarter": 20231,
            "year": 2023,
            "quarter": 1,
            "eps": -0.09,
            "eps_growth_year": null,
            "eps_4q": -0.35,
            "eps_4q_growth_year": null,
            "roe": -0.9,
            "roe_4q": -3.27,
            "gross_profit": 4203,
            "gross_margin": 11.81,
            "gross_margin_4q_avg": 12.27,
            "net_income": -12934,
            "net_income_4q": null,
            "revenue": 35584,
            "revenue_4q": null,
            "common_shares": 1377095,
            "book_valuer_per_share": 10.37,
            "book_valuer_per_share_4q_avg": 10.55,
            "equity": 1427649,
            "current_ratio": 796.6,
            "debt_ratio": 69.64,
            "inventory_turnover_ratio": 0.01,
            "account_receivable_turnover_ratio": 2.91,
            "reinvestment_rate": null,
            "research_to_sale_ratio": null,
            "price_fair": 0.96,
            "eps_avg_yearly": 0.32,
            "eps_latest_yearly": 0.6,
            "eps_growth_yearly": -72.54
        },
        "20232": {
            "year_quarter": 20232,
            "year": 2023,
            "quarter": 2,
            "eps": -0.04,
            "eps_growth_year": null,
            "eps_4q": -0.36,
            "eps_4q_growth_year": null,
            "roe": -0.44,
            "roe_4q": -3.4,
            "gross_profit": 2966,
            "gross_margin": 8.04,
            "gross_margin_4q_avg": 11.21,
            "net_income": -6150,
            "net_income_4q": null,
            "revenue": 36870,
            "revenue_4q": null,
            "common_shares": 1377095,
            "book_valuer_per_share": 10.12,
            "book_valuer_per_share_4q_avg": 10.4,
            "equity": 1393692,
            "current_ratio": 693.54,
            "debt_ratio": 70.59,
            "inventory_turnover_ratio": 0.01,
            "account_receivable_turnover_ratio": 3.56,
            "reinvestment_rate": null,
            "research_to_sale_ratio": null,
            "price_fair": 0.96,
            "eps_avg_yearly": 0.32,
            "eps_latest_yearly": 0.6,
            "eps_growth_yearly": -72.54
        },
        "20233": {
            "year_quarter": 20233,
            "year": 2023,
            "quarter": 3,
            "eps": -0.05,
            "eps_growth_year": null,
            "eps_4q": -0.36,
            "eps_4q_growth_year": null,
            "roe": -0.49,
            "roe_4q": -3.46,
            "gross_profit": 1504,
            "gross_margin": 5.78,
            "gross_margin_4q_avg": 9.8,
            "net_income": -6743,
            "net_income_4q": null,
            "revenue": 26034,
            "revenue_4q": null,
            "common_shares": 1377095,
            "book_valuer_per_share": 10.05,
            "book_valuer_per_share_4q_avg": 10.25,
            "equity": 1384238,
            "current_ratio": 547.61,
            "debt_ratio": 71.8,
            "inventory_turnover_ratio": 0.01,
            "account_receivable_turnover_ratio": 2.98,
            "reinvestment_rate": null,
            "research_to_sale_ratio": null,
            "price_fair": 0.96,
            "eps_avg_yearly": 0.32,
            "eps_latest_yearly": 0.6,
            "eps_growth_yearly": -72.54
        }
    },
    "months": {
        "2001-06": {
            "month": "2001-06",
            "price": "2.89",
            "revenue": 398344
        },
        "2001-07": {
            "month": "2001-07",
            "price": "2.87",
            "revenue": 324452
        },
        "2001-08": {
            "month": "2001-08",
            "price": "2.97",
            "revenue": 258576
        },
        "2001-09": {
            "month": "2001-09",
            "price": "2.85",
            "revenue": 204424
        },
        "2001-10": {
            "month": "2001-10",
            "price": "2.74",
            "revenue": 291193
        },
        "2001-11": {
            "month": "2001-11",
            "price": "2.75",
            "revenue": 236718
        },
        "2001-12": {
            "month": "2001-12",
            "price": "2.73",
            "revenue": 258961
        },
        "2002-01": {
            "month": "2002-01",
            "price": "3.75",
            "revenue": 310550
        },
        "2002-02": {
            "month": "2002-02",
            "price": "4.45",
            "revenue": 255424
        },
        "2002-03": {
            "month": "2002-03",
            "price": "4.58",
            "revenue": 347459
        },
        "2002-04": {
            "month": "2002-04",
            "price": "5.16",
            "revenue": 319447
        },
        "2002-05": {
            "month": "2002-05",
            "price": "5.40",
            "revenue": 335705
        },
        "2002-06": {
            "month": "2002-06",
            "price": "5.41",
            "revenue": 364199
        },
        "2002-07": {
            "month": "2002-07",
            "price": "5.24",
            "revenue": 299948
        },
        "2002-08": {
            "month": "2002-08",
            "price": "4.72",
            "revenue": 279289
        },
        "2002-09": {
            "month": "2002-09",
            "price": "4.67",
            "revenue": 306911
        },
        "2002-10": {
            "month": "2002-10",
            "price": "3.88",
            "revenue": 296695
        },
        "2002-11": {
            "month": "2002-11",
            "price": "7.01",
            "revenue": 258289
        },
        "2002-12": {
            "month": "2002-12",
            "price": "6.64",
            "revenue": 327447
        },
        "2003-01": {
            "month": "2003-01",
            "price": "7.49",
            "revenue": 273094
        },
        "2003-02": {
            "month": "2003-02",
            "price": "6.76",
            "revenue": 207355
        },
        "2003-03": {
            "month": "2003-03",
            "price": "6.09",
            "revenue": 254141
        },
        "2003-04": {
            "month": "2003-04",
            "price": "5.80",
            "revenue": 313255
        },
        "2003-05": {
            "month": "2003-05",
            "price": "5.56",
            "revenue": 354463
        },
        "2003-06": {
            "month": "2003-06",
            "price": "5.71",
            "revenue": 339696
        },
        "2003-07": {
            "month": "2003-07",
            "price": "5.77",
            "revenue": 303374
        },
        "2003-08": {
            "month": "2003-08",
            "price": "5.46",
            "revenue": 312586
        },
        "2003-09": {
            "month": "2003-09",
            "price": "5.06",
            "revenue": 270429
        },
        "2003-10": {
            "month": "2003-10",
            "price": "5.67",
            "revenue": 292923
        },
        "2003-11": {
            "month": "2003-11",
            "price": "5.91",
            "revenue": 269794
        },
        "2003-12": {
            "month": "2003-12",
            "price": "5.79",
            "revenue": 246382
        },
        "2004-01": {
            "month": "2004-01",
            "price": "6.06",
            "revenue": 294411
        },
        "2004-02": {
            "month": "2004-02",
            "price": "7.55",
            "revenue": 190282
        },
        "2004-03": {
            "month": "2004-03",
            "price": "7.42",
            "revenue": 284981
        },
        "2004-04": {
            "month": "2004-04",
            "price": "8.27",
            "revenue": 300738
        },
        "2004-05": {
            "month": "2004-05",
            "price": "6.37",
            "revenue": 247262
        },
        "2004-06": {
            "month": "2004-06",
            "price": "5.83",
            "revenue": 258934
        },
        "2004-07": {
            "month": "2004-07",
            "price": "5.12",
            "revenue": 257820
        },
        "2004-08": {
            "month": "2004-08",
            "price": "4.95",
            "revenue": 243141
        },
        "2004-09": {
            "month": "2004-09",
            "price": "5.43",
            "revenue": 278065
        },
        "2004-10": {
            "month": "2004-10",
            "price": "5.39",
            "revenue": 227979
        },
        "2004-11": {
            "month": "2004-11",
            "price": "5.22",
            "revenue": 180176
        },
        "2004-12": {
            "month": "2004-12",
            "price": "5.30",
            "revenue": 178256
        },
        "2005-01": {
            "month": "2005-01",
            "price": "5.46",
            "revenue": 196502
        },
        "2005-02": {
            "month": "2005-02",
            "price": "4.97",
            "revenue": 139568
        },
        "2005-03": {
            "month": "2005-03",
            "price": "4.67",
            "revenue": 108168
        },
        "2005-04": {
            "month": "2005-04",
            "price": "3.55",
            "revenue": 125440
        },
        "2005-05": {
            "month": "2005-05",
            "price": "3.24",
            "revenue": 120570
        },
        "2005-06": {
            "month": "2005-06",
            "price": "3.68",
            "revenue": 147092
        },
        "2005-07": {
            "month": "2005-07",
            "price": "3.43",
            "revenue": 118408
        },
        "2005-08": {
            "month": "2005-08",
            "price": "3.07",
            "revenue": 138293
        },
        "2005-09": {
            "month": "2005-09",
            "price": "2.78",
            "revenue": 104064
        },
        "2005-10": {
            "month": "2005-10",
            "price": "2.55",
            "revenue": 128426
        },
        "2005-11": {
            "month": "2005-11",
            "price": "2.36",
            "revenue": 178024
        },
        "2005-12": {
            "month": "2005-12",
            "price": "2.72",
            "revenue": 144359
        },
        "2006-01": {
            "month": "2006-01",
            "price": "2.71",
            "revenue": 145648
        },
        "2006-02": {
            "month": "2006-02",
            "price": "2.59",
            "revenue": 104164
        },
        "2006-03": {
            "month": "2006-03",
            "price": "2.52",
            "revenue": 70929
        },
        "2006-04": {
            "month": "2006-04",
            "price": "2.89",
            "revenue": 115606
        },
        "2006-05": {
            "month": "2006-05",
            "price": "3.52",
            "revenue": 114669
        },
        "2006-06": {
            "month": "2006-06",
            "price": "2.94",
            "revenue": 116873
        },
        "2006-07": {
            "month": "2006-07",
            "price": "3.00",
            "revenue": 120663
        },
        "2006-08": {
            "month": "2006-08",
            "price": "2.72",
            "revenue": 124416
        },
        "2006-09": {
            "month": "2006-09",
            "price": "2.69",
            "revenue": 134667
        },
        "2006-10": {
            "month": "2006-10",
            "price": "2.92",
            "revenue": 130549
        },
        "2006-11": {
            "month": "2006-11",
            "price": "3.36",
            "revenue": 112654
        },
        "2006-12": {
            "month": "2006-12",
            "price": "4.34",
            "revenue": 128345
        },
        "2007-01": {
            "month": "2007-01",
            "price": "4.74",
            "revenue": 161403
        },
        "2007-02": {
            "month": "2007-02",
            "price": "4.50",
            "revenue": 117364
        },
        "2007-03": {
            "month": "2007-03",
            "price": "4.64",
            "revenue": 139830
        },
        "2007-04": {
            "month": "2007-04",
            "price": "4.88",
            "revenue": 102151
        },
        "2007-05": {
            "month": "2007-05",
            "price": "5.82",
            "revenue": 82489
        },
        "2007-06": {
            "month": "2007-06",
            "price": "5.94",
            "revenue": 123731
        },
        "2007-07": {
            "month": "2007-07",
            "price": "8.80",
            "revenue": 128561
        },
        "2007-08": {
            "month": "2007-08",
            "price": "7.54",
            "revenue": 99693
        },
        "2007-09": {
            "month": "2007-09",
            "price": "8.57",
            "revenue": 71603
        },
        "2007-10": {
            "month": "2007-10",
            "price": "7.80",
            "revenue": 138539
        },
        "2007-11": {
            "month": "2007-11",
            "price": "7.17",
            "revenue": 78595
        },
        "2007-12": {
            "month": "2007-12",
            "price": "6.83",
            "revenue": 77712
        },
        "2008-01": {
            "month": "2008-01",
            "price": "9.44",
            "revenue": 99993
        },
        "2008-02": {
            "month": "2008-02",
            "price": "9.57",
            "revenue": 104159
        },
        "2008-03": {
            "month": "2008-03",
            "price": "9.71",
            "revenue": 102823
        },
        "2008-04": {
            "month": "2008-04",
            "price": "9.88",
            "revenue": 115009
        },
        "2008-05": {
            "month": "2008-05",
            "price": "10.45",
            "revenue": 82782
        },
        "2008-06": {
            "month": "2008-06",
            "price": "10.73",
            "revenue": 59378
        },
        "2008-07": {
            "month": "2008-07",
            "price": "9.42",
            "revenue": 98301
        },
        "2008-08": {
            "month": "2008-08",
            "price": "8.53",
            "revenue": 86149
        },
        "2008-09": {
            "month": "2008-09",
            "price": "6.98",
            "revenue": 68644
        },
        "2008-10": {
            "month": "2008-10",
            "price": "6.67",
            "revenue": 106200
        },
        "2008-11": {
            "month": "2008-11",
            "price": "6.90",
            "revenue": 76040
        },
        "2008-12": {
            "month": "2008-12",
            "price": "6.45",
            "revenue": 70697
        },
        "2009-01": {
            "month": "2009-01",
            "price": "6.02",
            "revenue": 95716
        },
        "2009-02": {
            "month": "2009-02",
            "price": "5.90",
            "revenue": 84055
        },
        "2009-03": {
            "month": "2009-03",
            "price": "6.11",
            "revenue": 55877
        },
        "2009-04": {
            "month": "2009-04",
            "price": "6.82",
            "revenue": 60721
        },
        "2009-05": {
            "month": "2009-05",
            "price": "7.02",
            "revenue": 98326
        },
        "2009-06": {
            "month": "2009-06",
            "price": "8.14",
            "revenue": 86362
        },
        "2009-07": {
            "month": "2009-07",
            "price": "8.19",
            "revenue": 69512
        },
        "2009-08": {
            "month": "2009-08",
            "price": "8.05",
            "revenue": 69127
        },
        "2009-09": {
            "month": "2009-09",
            "price": "7.94",
            "revenue": 77596
        },
        "2009-10": {
            "month": "2009-10",
            "price": "8.41",
            "revenue": 84938
        },
        "2009-11": {
            "month": "2009-11",
            "price": "8.09",
            "revenue": 73305
        },
        "2009-12": {
            "month": "2009-12",
            "price": "8.30",
            "revenue": 73956
        },
        "2010-01": {
            "month": "2010-01",
            "price": "10.19",
            "revenue": 77789
        },
        "2010-02": {
            "month": "2010-02",
            "price": "11.77",
            "revenue": 69263
        },
        "2010-03": {
            "month": "2010-03",
            "price": "13.17",
            "revenue": 66763
        },
        "2010-04": {
            "month": "2010-04",
            "price": "14.47",
            "revenue": 78432
        },
        "2010-05": {
            "month": "2010-05",
            "price": "16.82",
            "revenue": 87395
        },
        "2010-06": {
            "month": "2010-06",
            "price": "16.05",
            "revenue": 93918
        },
        "2010-07": {
            "month": "2010-07",
            "price": "16.65",
            "revenue": 89244
        },
        "2010-08": {
            "month": "2010-08",
            "price": "17.43",
            "revenue": 78755
        },
        "2010-09": {
            "month": "2010-09",
            "price": "16.87",
            "revenue": 83329
        },
        "2010-10": {
            "month": "2010-10",
            "price": "16.40",
            "revenue": 75292
        },
        "2010-11": {
            "month": "2010-11",
            "price": "18.59",
            "revenue": 59748
        },
        "2010-12": {
            "month": "2010-12",
            "price": "19.17",
            "revenue": 58766
        },
        "2011-01": {
            "month": "2011-01",
            "price": "17.74",
            "revenue": 73309
        },
        "2011-02": {
            "month": "2011-02",
            "price": "17.87",
            "revenue": 55329
        },
        "2011-03": {
            "month": "2011-03",
            "price": "18.03",
            "revenue": 68170
        },
        "2011-04": {
            "month": "2011-04",
            "price": "18.72",
            "revenue": 81190
        },
        "2011-05": {
            "month": "2011-05",
            "price": "20.64",
            "revenue": 63979
        },
        "2011-06": {
            "month": "2011-06",
            "price": "22.12",
            "revenue": 44451
        },
        "2011-07": {
            "month": "2011-07",
            "price": "21.89",
            "revenue": 23354
        },
        "2011-08": {
            "month": "2011-08",
            "price": "19.73",
            "revenue": 25193
        },
        "2011-09": {
            "month": "2011-09",
            "price": "18.67",
            "revenue": 28929
        },
        "2011-10": {
            "month": "2011-10",
            "price": "15.20",
            "revenue": 27435
        },
        "2011-11": {
            "month": "2011-11",
            "price": "14.24",
            "revenue": 19557
        },
        "2011-12": {
            "month": "2011-12",
            "price": "12.91",
            "revenue": 21983
        },
        "2012-01": {
            "month": "2012-01",
            "price": "13.20",
            "revenue": 22879
        },
        "2012-02": {
            "month": "2012-02",
            "price": "15.13",
            "revenue": 22628
        },
        "2012-03": {
            "month": "2012-03",
            "price": "14.74",
            "revenue": 27671
        },
        "2012-04": {
            "month": "2012-04",
            "price": "12.78",
            "revenue": 41656
        },
        "2012-05": {
            "month": "2012-05",
            "price": "12.41",
            "revenue": 27686
        },
        "2012-06": {
            "month": "2012-06",
            "price": "12.58",
            "revenue": 29376
        },
        "2012-07": {
            "month": "2012-07",
            "price": "12.64",
            "revenue": 28785
        },
        "2012-08": {
            "month": "2012-08",
            "price": "13.53",
            "revenue": 31123
        },
        "2012-09": {
            "month": "2012-09",
            "price": "17.62",
            "revenue": 16226
        },
        "2012-10": {
            "month": "2012-10",
            "price": "17.10",
            "revenue": 25615
        },
        "2012-11": {
            "month": "2012-11",
            "price": "17.12",
            "revenue": 44171
        },
        "2012-12": {
            "month": "2012-12",
            "price": "17.33",
            "revenue": 27928
        },
        "2013-01": {
            "month": "2013-01",
            "price": "19.30",
            "revenue": 81895
        },
        "2013-02": {
            "month": "2013-02",
            "price": "19.43",
            "revenue": 60173
        },
        "2013-03": {
            "month": "2013-03",
            "price": "22.18",
            "revenue": 61882
        },
        "2013-04": {
            "month": "2013-04",
            "price": "24.34",
            "revenue": 71196
        },
        "2013-05": {
            "month": "2013-05",
            "price": "29.28",
            "revenue": 84996
        },
        "2013-06": {
            "month": "2013-06",
            "price": "28.85",
            "revenue": 50609
        },
        "2013-07": {
            "month": "2013-07",
            "price": "29.11",
            "revenue": 70695
        },
        "2013-08": {
            "month": "2013-08",
            "price": "28.53",
            "revenue": 63290
        },
        "2013-09": {
            "month": "2013-09",
            "price": "30.44",
            "revenue": 41227
        },
        "2013-10": {
            "month": "2013-10",
            "price": "32.99",
            "revenue": 56784
        },
        "2013-11": {
            "month": "2013-11",
            "price": "33.42",
            "revenue": 75954
        },
        "2013-12": {
            "month": "2013-12",
            "price": "32.54",
            "revenue": 55975
        },
        "2014-01": {
            "month": "2014-01",
            "price": "29.95",
            "revenue": 96700
        },
        "2014-02": {
            "month": "2014-02",
            "price": "31.70",
            "revenue": 43485
        },
        "2014-03": {
            "month": "2014-03",
            "price": "31.75",
            "revenue": 66050
        },
        "2014-04": {
            "month": "2014-04",
            "price": "29.89",
            "revenue": 61515
        },
        "2014-05": {
            "month": "2014-05",
            "price": "29.79",
            "revenue": 64484
        },
        "2014-06": {
            "month": "2014-06",
            "price": "30.74",
            "revenue": 58745
        },
        "2014-07": {
            "month": "2014-07",
            "price": "30.38",
            "revenue": 50446
        },
        "2014-08": {
            "month": "2014-08",
            "price": "30.66",
            "revenue": 88332
        },
        "2014-09": {
            "month": "2014-09",
            "price": "31.46",
            "revenue": 75483
        },
        "2014-10": {
            "month": "2014-10",
            "price": "30.19",
            "revenue": 92595
        },
        "2014-11": {
            "month": "2014-11",
            "price": "27.61",
            "revenue": 64728
        },
        "2014-12": {
            "month": "2014-12",
            "price": "29.58",
            "revenue": 71582
        },
        "2015-01": {
            "month": "2015-01",
            "price": "29.19",
            "revenue": 70698
        },
        "2015-02": {
            "month": "2015-02",
            "price": "28.18",
            "revenue": 38284
        },
        "2015-03": {
            "month": "2015-03",
            "price": "27.63",
            "revenue": 91102
        },
        "2015-04": {
            "month": "2015-04",
            "price": "28.21",
            "revenue": 46084
        },
        "2015-05": {
            "month": "2015-05",
            "price": "27.75",
            "revenue": 73883
        },
        "2015-06": {
            "month": "2015-06",
            "price": "23.49",
            "revenue": 97244
        },
        "2015-07": {
            "month": "2015-07",
            "price": "22.62",
            "revenue": 70853
        },
        "2015-08": {
            "month": "2015-08",
            "price": "19.55",
            "revenue": 69222
        },
        "2015-09": {
            "month": "2015-09",
            "price": "20.90",
            "revenue": 77044
        },
        "2015-10": {
            "month": "2015-10",
            "price": "20.70",
            "revenue": 74005
        },
        "2015-11": {
            "month": "2015-11",
            "price": "20.63",
            "revenue": 71763
        },
        "2015-12": {
            "month": "2015-12",
            "price": "22.17",
            "revenue": 85682
        },
        "2016-01": {
            "month": "2016-01",
            "price": "19.19",
            "revenue": 73673
        },
        "2016-02": {
            "month": "2016-02",
            "price": "19.23",
            "revenue": 86459
        },
        "2016-03": {
            "month": "2016-03",
            "price": "20.79",
            "revenue": 67730
        },
        "2016-04": {
            "month": "2016-04",
            "price": "20.18",
            "revenue": 79953
        },
        "2016-05": {
            "month": "2016-05",
            "price": "19.31",
            "revenue": 48279
        },
        "2016-06": {
            "month": "2016-06",
            "price": "18.55",
            "revenue": 119155
        },
        "2016-07": {
            "month": "2016-07",
            "price": "18.34",
            "revenue": 103190
        },
        "2016-08": {
            "month": "2016-08",
            "price": "18.65",
            "revenue": 100632
        },
        "2016-09": {
            "month": "2016-09",
            "price": "18.02",
            "revenue": 109942
        },
        "2016-10": {
            "month": "2016-10",
            "price": "17.14",
            "revenue": 58222
        },
        "2016-11": {
            "month": "2016-11",
            "price": "16.84",
            "revenue": 41848
        },
        "2016-12": {
            "month": "2016-12",
            "price": "17.64",
            "revenue": 30573
        },
        "2017-01": {
            "month": "2017-01",
            "price": "17.74",
            "revenue": 48971
        },
        "2017-02": {
            "month": "2017-02",
            "price": "18.32",
            "revenue": 33409
        },
        "2017-03": {
            "month": "2017-03",
            "price": "20.71",
            "revenue": 32527
        },
        "2017-04": {
            "month": "2017-04",
            "price": "23.97",
            "revenue": 60358
        },
        "2017-05": {
            "month": "2017-05",
            "price": "25.34",
            "revenue": 43356
        },
        "2017-06": {
            "month": "2017-06",
            "price": "23.99",
            "revenue": 33241
        },
        "2017-07": {
            "month": "2017-07",
            "price": "22.77",
            "revenue": 32844
        },
        "2017-08": {
            "month": "2017-08",
            "price": "22.10",
            "revenue": 67796
        },
        "2017-09": {
            "month": "2017-09",
            "price": "21.67",
            "revenue": 51619
        },
        "2017-10": {
            "month": "2017-10",
            "price": "22.62",
            "revenue": 37937
        },
        "2017-11": {
            "month": "2017-11",
            "price": "22.39",
            "revenue": 43209
        },
        "2017-12": {
            "month": "2017-12",
            "price": "21.32",
            "revenue": 41971
        },
        "2018-01": {
            "month": "2018-01",
            "price": "21.52",
            "revenue": 41171
        },
        "2018-02": {
            "month": "2018-02",
            "price": "21.15",
            "revenue": 16297
        },
        "2018-03": {
            "month": "2018-03",
            "price": "22.66",
            "revenue": 13837
        },
        "2018-04": {
            "month": "2018-04",
            "price": "22.70",
            "revenue": 51843
        },
        "2018-05": {
            "month": "2018-05",
            "price": "21.87",
            "revenue": 50497
        },
        "2018-06": {
            "month": "2018-06",
            "price": "24.14",
            "revenue": 42038
        },
        "2018-07": {
            "month": "2018-07",
            "price": "26.92",
            "revenue": 37992
        },
        "2018-08": {
            "month": "2018-08",
            "price": "26.59",
            "revenue": 46418
        },
        "2018-09": {
            "month": "2018-09",
            "price": "25.74",
            "revenue": 40694
        },
        "2018-10": {
            "month": "2018-10",
            "price": "25.20",
            "revenue": 35066
        },
        "2018-11": {
            "month": "2018-11",
            "price": "23.88",
            "revenue": 43857
        },
        "2018-12": {
            "month": "2018-12",
            "price": "24.10",
            "revenue": 26594
        },
        "2019-01": {
            "month": "2019-01",
            "price": "23.90",
            "revenue": 28135
        },
        "2019-02": {
            "month": "2019-02",
            "price": "23.96",
            "revenue": 17576
        },
        "2019-03": {
            "month": "2019-03",
            "price": "25.98",
            "revenue": 20207
        },
        "2019-04": {
            "month": "2019-04",
            "price": "28.60",
            "revenue": 43963
        },
        "2019-05": {
            "month": "2019-05",
            "price": "31.22",
            "revenue": 49037
        },
        "2019-06": {
            "month": "2019-06",
            "price": "29.53",
            "revenue": 49019
        },
        "2019-07": {
            "month": "2019-07",
            "price": "30.63",
            "revenue": 44354
        },
        "2019-08": {
            "month": "2019-08",
            "price": "30.43",
            "revenue": 45462
        },
        "2019-09": {
            "month": "2019-09",
            "price": "31.24",
            "revenue": 29958
        },
        "2019-10": {
            "month": "2019-10",
            "price": "31.74",
            "revenue": 24092
        },
        "2019-11": {
            "month": "2019-11",
            "price": "34.45",
            "revenue": 95999
        },
        "2019-12": {
            "month": "2019-12",
            "price": "35.68",
            "revenue": 90414
        },
        "2020-01": {
            "month": "2020-01",
            "price": "37.77",
            "revenue": 34612
        },
        "2020-02": {
            "month": "2020-02",
            "price": "32.32",
            "revenue": 20955
        },
        "2020-03": {
            "month": "2020-03",
            "price": "25.13",
            "revenue": 70954
        },
        "2020-04": {
            "month": "2020-04",
            "price": "26.14",
            "revenue": 51438
        },
        "2020-05": {
            "month": "2020-05",
            "price": "29.21",
            "revenue": 25015
        },
        "2020-06": {
            "month": "2020-06",
            "price": "29.46",
            "revenue": 35386
        },
        "2020-07": {
            "month": "2020-07",
            "price": "28.61",
            "revenue": 28078
        },
        "2020-08": {
            "month": "2020-08",
            "price": "29.54",
            "revenue": 81594
        },
        "2020-09": {
            "month": "2020-09",
            "price": "32.09",
            "revenue": 44365
        },
        "2020-10": {
            "month": "2020-10",
            "price": "33.29",
            "revenue": 5008
        },
        "2020-11": {
            "month": "2020-11",
            "price": "33.25",
            "revenue": 63683
        },
        "2020-12": {
            "month": "2020-12",
            "price": "30.28",
            "revenue": 30113
        },
        "2021-01": {
            "month": "2021-01",
            "price": "30.45",
            "revenue": 29710
        },
        "2021-02": {
            "month": "2021-02",
            "price": "29.36",
            "revenue": 29999
        },
        "2021-03": {
            "month": "2021-03",
            "price": "30.22",
            "revenue": 23483
        },
        "2021-04": {
            "month": "2021-04",
            "price": "29.43",
            "revenue": 10098
        },
        "2021-05": {
            "month": "2021-05",
            "price": "28.32",
            "revenue": 10211
        },
        "2021-06": {
            "month": "2021-06",
            "price": "31.61",
            "revenue": 9574
        },
        "2021-07": {
            "month": "2021-07",
            "price": "31.77",
            "revenue": 13694
        },
        "2021-08": {
            "month": "2021-08",
            "price": "30.78",
            "revenue": 15769
        },
        "2021-09": {
            "month": "2021-09",
            "price": "31.67",
            "revenue": 10204
        },
        "2021-10": {
            "month": "2021-10",
            "price": "31.39",
            "revenue": 8842
        },
        "2021-11": {
            "month": "2021-11",
            "price": "32.41",
            "revenue": 12554
        },
        "2021-12": {
            "month": "2021-12",
            "price": "33.90",
            "revenue": 18881
        },
        "2022-01": {
            "month": "2022-01",
            "price": "32.94",
            "revenue": 12563
        },
        "2022-02": {
            "month": "2022-02",
            "price": "31.53",
            "revenue": 6324
        },
        "2022-03": {
            "month": "2022-03",
            "price": "31.49",
            "revenue": 12271
        },
        "2022-04": {
            "month": "2022-04",
            "price": "32.54",
            "revenue": 11466
        },
        "2022-05": {
            "month": "2022-05",
            "price": "32.45",
            "revenue": 14151
        },
        "2022-06": {
            "month": "2022-06",
            "price": "32.65",
            "revenue": 10419
        },
        "2022-07": {
            "month": "2022-07",
            "price": "31.97",
            "revenue": 20368
        },
        "2022-08": {
            "month": "2022-08",
            "price": "32.60",
            "revenue": 10478
        },
        "2022-09": {
            "month": "2022-09",
            "price": "36.43",
            "revenue": 12108
        },
        "2022-10": {
            "month": "2022-10",
            "price": "29.38",
            "revenue": 16767
        },
        "2022-11": {
            "month": "2022-11",
            "price": "31.10",
            "revenue": 14527
        },
        "2022-12": {
            "month": "2022-12",
            "price": "30.26",
            "revenue": 14263
        },
        "2023-01": {
            "month": "2023-01",
            "price": "31.47",
            "revenue": 7685
        },
        "2023-02": {
            "month": "2023-02",
            "price": "31.82",
            "revenue": 9170
        },
        "2023-03": {
            "month": "2023-03",
            "price": "31.93",
            "revenue": 18729
        },
        "2023-04": {
            "month": "2023-04",
            "price": "31.57",
            "revenue": 10035
        },
        "2023-05": {
            "month": "2023-05",
            "price": "31.00",
            "revenue": 17823
        },
        "2023-06": {
            "month": "2023-06",
            "price": "33.14",
            "revenue": 9012
        },
        "2023-07": {
            "month": "2023-07",
            "price": "36.89",
            "revenue": 9141
        },
        "2023-08": {
            "month": "2023-08",
            "price": "37.77",
            "revenue": 9536
        },
        "2023-09": {
            "month": "2023-09",
            "price": "38.36",
            "revenue": 7358
        },
        "2023-10": {
            "month": "2023-10",
            "price": "37.51",
            "revenue": 10093
        },
        "2023-11": {
            "month": "2023-11",
            "price": "38.51",
            "revenue": 112877
        },
        "2023-12": {
            "month": "2023-12",
            "price": "37.60",
            "revenue": 351835
        }
    }
}
