{
    "summary": {
        "stock_name": "力鵬",
        "stock_id": "1447",
        "category": "紡織纖維",
        "main_business": "特多龍<br>尼龍織布<br>尼龍絲",
        "website_url": "http://www.lipeng.com.tw",
        "ceo": "郭紹儀",
        "pe_ratio": -28,
        "report_year_from": 2001,
        "report_year_to": 2023,
        "age": 22,
        "eps_negative_percentage": 48,
        "eps_growth_avg": {
            "last_all": -49.59,
            "last_2y": -100,
            "last_4y": -100,
            "last_8y": -92.26,
            "last_12y": -56.34,
            "last_16y": -46.11,
            "last_20y": -49.59,
            "at_2006_last_3y": 6.08,
            "at_2007_last_3y": -14.79,
            "at_2008_last_3y": -36.09,
            "at_2009_last_3y": -18.84,
            "at_2010_last_3y": -48.65,
            "at_2011_last_3y": -63.15,
            "at_2012_last_3y": -44.72,
            "at_2013_last_3y": 3.52,
            "at_2014_last_3y": -22.71,
            "at_2015_last_3y": -20.43,
            "at_2016_last_3y": -40.32,
            "at_2017_last_3y": -87.1,
            "at_2018_last_3y": -96.59,
            "at_2019_last_3y": -100,
            "at_2020_last_3y": -100,
            "at_2021_last_3y": -100,
            "at_2022_last_3y": -100,
            "at_2023_last_3y": -100,
            "at_2006_last_all": 6.08,
            "at_2007_last_all": -14.79,
            "at_2008_last_all": -36.09,
            "at_2009_last_all": -36.09,
            "at_2010_last_all": -26.76,
            "at_2011_last_all": -38.97,
            "at_2012_last_all": -38.97,
            "at_2013_last_all": -19.11,
            "at_2014_last_all": -25.24,
            "at_2015_last_all": -32.79,
            "at_2016_last_all": -39.51,
            "at_2017_last_all": -39.51,
            "at_2018_last_all": -39.51,
            "at_2019_last_all": -45.01,
            "at_2020_last_all": -45.01,
            "at_2021_last_all": -45.01,
            "at_2022_last_all": -49.59,
            "at_2023_last_all": -49.59
        },
        "latest_eps": -0.28,
        "latest_price": 7.83,
        "latest_roe": -2.04,
        "latest_gross_margin": 1.23,
        "latest_equity": 10281664,
        "latest_revenue": 8486152,
        "latest_gross_profit": 104266,
        "latest_net_income": -82435,
        "latest_debt_ratio": 47.3,
        "latest_current_ratio": 128.33,
        "latest_account_receivable_turnover_ratio": 3.12,
        "latest_inventory_turnover_ratio": 2.8,
        "latest_reinvestment_rate": null,
        "latest_research_to_sale_ratio": 0.3
    },
    "eps_dividends": {
        "1991": {
            "cash": 0,
            "stock": 2,
            "eps": 0
        },
        "1992": {
            "cash": 0,
            "stock": 2,
            "eps": 0
        },
        "1993": {
            "cash": 0,
            "stock": 2,
            "eps": 0
        },
        "1994": {
            "cash": 0,
            "stock": 1.5,
            "eps": 0
        },
        "1995": {
            "cash": 0,
            "stock": 1,
            "eps": 0
        },
        "1996": {
            "cash": 0,
            "stock": 1,
            "eps": 0
        },
        "1997": {
            "cash": 0,
            "stock": 1.5,
            "eps": 0
        },
        "1998": {
            "cash": 0,
            "stock": 2.5,
            "eps": 0
        },
        "1999": {
            "cash": 0,
            "stock": 1.5,
            "eps": 0
        },
        "2001": {
            "cash": 0,
            "stock": 0,
            "eps": -0.37
        },
        "2002": {
            "cash": 0,
            "stock": 0,
            "eps": -0.17
        },
        "2003": {
            "cash": 0,
            "stock": 0,
            "eps": -0.22
        },
        "2004": {
            "cash": 0,
            "stock": 0,
            "eps": 0.74
        },
        "2005": {
            "cash": 0,
            "stock": 0,
            "eps": 0.09
        },
        "2006": {
            "cash": 0,
            "stock": 0,
            "eps": 0.92
        },
        "2007": {
            "cash": 0,
            "stock": 1,
            "eps": 0.4
        },
        "2008": {
            "cash": 0,
            "stock": 0.4,
            "eps": -3.02
        },
        "2009": {
            "cash": 0,
            "stock": 0,
            "eps": 1.61
        },
        "2010": {
            "cash": 0,
            "stock": 0,
            "eps": 1.78
        },
        "2011": {
            "cash": 0.5,
            "stock": 1.5,
            "eps": -0.34
        },
        "2012": {
            "cash": 0,
            "stock": 0,
            "eps": 0.05
        },
        "2013": {
            "cash": 0,
            "stock": 0.5,
            "eps": 1.38
        },
        "2014": {
            "cash": 0,
            "stock": 1,
            "eps": 0.44
        },
        "2015": {
            "cash": 0,
            "stock": 0.5,
            "eps": 0.03
        },
        "2016": {
            "cash": 0,
            "stock": 0,
            "eps": -0.09
        },
        "2017": {
            "cash": 0,
            "stock": 0,
            "eps": -0.2
        },
        "2018": {
            "cash": 0,
            "stock": 0,
            "eps": 0.17
        },
        "2019": {
            "cash": 0.2,
            "stock": 0,
            "eps": -0.32
        },
        "2020": {
            "cash": 0,
            "stock": 0,
            "eps": -0.47
        },
        "2021": {
            "cash": 0,
            "stock": 0,
            "eps": 0.31
        },
        "2022": {
            "cash": 0,
            "stock": 0,
            "eps": -0.05
        },
        "2023": {
            "cash": 0,
            "stock": 0,
            "eps": -0.1
        }
    },
    "dividends": {
        "1991-04-18": {
            "cash": 0,
            "stock": 2
        },
        "1992-03-23": {
            "cash": 0,
            "stock": 2
        },
        "1993-05-28": {
            "cash": 0,
            "stock": 2
        },
        "1994-04-28": {
            "cash": 0,
            "stock": 1.5
        },
        "1995-05-09": {
            "cash": 0,
            "stock": 1
        },
        "1996-06-06": {
            "cash": 0,
            "stock": 1
        },
        "1997-05-07": {
            "cash": 0,
            "stock": 1.5
        },
        "1998-04-23": {
            "cash": 0,
            "stock": 2.5
        },
        "1999-05-27": {
            "cash": 0,
            "stock": 1.5
        },
        "2007-04-18": {
            "cash": 0,
            "stock": 1
        },
        "2008-04-28": {
            "cash": 0,
            "stock": 0.4
        },
        "2011-01-01": {
            "cash": 0,
            "stock": 0.5
        },
        "2011-04-25": {
            "cash": 0.5,
            "stock": 1
        },
        "2013-04-23": {
            "cash": 0,
            "stock": 0.5
        },
        "2014-06-11": {
            "cash": 0,
            "stock": 1
        },
        "2015-04-28": {
            "cash": 0,
            "stock": 0.5
        },
        "2019-07-26": {
            "cash": 0.2,
            "stock": 0
        }
    },
    "prices": {
        "200101": "4.06",
        "200102": "4.18",
        "200103": "4.04",
        "200104": "4.76",
        "200105": "3.57",
        "200106": "3.23",
        "200107": "2.69",
        "200108": "3.11",
        "200109": "3.12",
        "200110": "2.88",
        "200111": "2.88",
        "200112": "3.10",
        "200201": "3.80",
        "200202": "4.02",
        "200203": "5.50",
        "200204": "7.01",
        "200205": "6.60",
        "200206": "6.21",
        "200207": "6.16",
        "200208": "5.56",
        "200209": "5.00",
        "200210": "4.39",
        "200211": "5.12",
        "200212": "5.44",
        "200301": "7.04",
        "200302": "5.94",
        "200303": "4.85",
        "200304": "4.58",
        "200305": "4.03",
        "200306": "4.68",
        "200307": "5.07",
        "200308": "4.93",
        "200309": "4.58",
        "200310": "5.23",
        "200311": "6.26",
        "200312": "5.93",
        "200401": "6.62",
        "200402": "7.19",
        "200403": "6.80",
        "200404": "6.86",
        "200405": "5.94",
        "200406": "5.84",
        "200407": "5.94",
        "200408": "6.63",
        "200409": "8.83",
        "200410": "8.61",
        "200411": "9.38",
        "200412": "9.78",
        "200501": "9.67",
        "200502": "9.62",
        "200503": "9.68",
        "200504": "8.56",
        "200505": "7.05",
        "200506": "7.15",
        "200507": "7.11",
        "200508": "7.22",
        "200509": "7.41",
        "200510": "7.11",
        "200511": "6.03",
        "200512": "6.17",
        "200601": "6.20",
        "200602": "5.93",
        "200603": "5.31",
        "200604": "5.69",
        "200605": "6.55",
        "200606": "5.91",
        "200607": "5.92",
        "200608": "5.97",
        "200609": "5.94",
        "200610": "6.85",
        "200611": "7.99",
        "200612": "9.46",
        "200701": "9.42",
        "200702": "9.65",
        "200703": "10.87",
        "200704": "12.47",
        "200705": "11.57",
        "200706": "11.43",
        "200707": "12.90",
        "200708": "13.75",
        "200709": "13.54",
        "200710": "12.87",
        "200711": "9.04",
        "200712": "7.71",
        "200801": "8.37",
        "200802": "9.17",
        "200803": "9.74",
        "200804": "10.35",
        "200805": "9.89",
        "200806": "7.91",
        "200807": "6.06",
        "200808": "5.88",
        "200809": "4.30",
        "200810": "3.46",
        "200811": "3.31",
        "200812": "3.27",
        "200901": "3.21",
        "200902": "3.18",
        "200903": "3.84",
        "200904": "4.81",
        "200905": "5.33",
        "200906": "5.53",
        "200907": "7.01",
        "200908": "10.28",
        "200909": "10.31",
        "200910": "12.23",
        "200911": "13.47",
        "200912": "13.49",
        "201001": "14.58",
        "201002": "12.78",
        "201003": "14.97",
        "201004": "16.40",
        "201005": "15.63",
        "201006": "13.91",
        "201007": "13.32",
        "201008": "14.75",
        "201009": "15.47",
        "201010": "16.15",
        "201011": "15.59",
        "201012": "15.69",
        "201101": "15.90",
        "201102": "18.58",
        "201103": "15.63",
        "201104": "15.29",
        "201105": "14.51",
        "201106": "13.97",
        "201107": "14.97",
        "201108": "12.89",
        "201109": "11.46",
        "201110": "10.02",
        "201111": "8.97",
        "201112": "7.76",
        "201201": "10.07",
        "201202": "12.09",
        "201203": "11.52",
        "201204": "9.01",
        "201205": "8.68",
        "201206": "8.64",
        "201207": "8.56",
        "201208": "8.77",
        "201209": "9.05",
        "201210": "9.22",
        "201211": "8.27",
        "201212": "9.44",
        "201301": "10.35",
        "201302": "10.41",
        "201303": "10.33",
        "201304": "10.52",
        "201305": "11.74",
        "201306": "12.75",
        "201307": "12.35",
        "201308": "11.65",
        "201309": "12.96",
        "201310": "15.23",
        "201311": "14.32",
        "201312": "14.80",
        "201401": "14.12",
        "201402": "14.23",
        "201403": "14.05",
        "201404": "14.61",
        "201405": "13.86",
        "201406": "13.41",
        "201407": "13.00",
        "201408": "10.83",
        "201409": "10.29",
        "201410": "10.58",
        "201411": "10.33",
        "201412": "11.09",
        "201501": "11.99",
        "201502": "11.48",
        "201503": "11.37",
        "201504": "10.92",
        "201505": "10.52",
        "201506": "10.12",
        "201507": "9.06",
        "201508": "7.91",
        "201509": "8.42",
        "201510": "9.21",
        "201511": "8.79",
        "201512": "8.23",
        "201601": "7.77",
        "201602": "8.02",
        "201603": "8.61",
        "201604": "8.06",
        "201605": "7.44",
        "201606": "6.97",
        "201607": "7.24",
        "201608": "7.76",
        "201609": "7.64",
        "201610": "7.34",
        "201611": "7.08",
        "201612": "8.25",
        "201701": "8.31",
        "201702": "8.98",
        "201703": "8.52",
        "201704": "8.04",
        "201705": "7.51",
        "201706": "7.92",
        "201707": "8.42",
        "201708": "8.19",
        "201709": "8.27",
        "201710": "8.70",
        "201711": "8.61",
        "201712": "8.78",
        "201801": "8.98",
        "201802": "8.12",
        "201803": "7.99",
        "201804": "8.12",
        "201805": "8.35",
        "201806": "8.38",
        "201807": "7.98",
        "201808": "8.93",
        "201809": "9.12",
        "201810": "8.48",
        "201811": "8.16",
        "201812": "8.06",
        "201901": "7.82",
        "201902": "7.82",
        "201903": "7.81",
        "201904": "7.62",
        "201905": "7.27",
        "201906": "7.48",
        "201907": "7.30",
        "201908": "6.96",
        "201909": "7.04",
        "201910": "7.00",
        "201911": "6.92",
        "201912": "7.03",
        "202001": "6.91",
        "202002": "6.72",
        "202003": "5.54",
        "202004": "5.80",
        "202005": "5.85",
        "202006": "6.44",
        "202007": "6.37",
        "202008": "6.57",
        "202009": "6.83",
        "202010": "7.90",
        "202011": "7.85",
        "202012": "8.51",
        "202101": "8.47",
        "202102": "8.42",
        "202103": "9.57",
        "202104": "11.79",
        "202105": "12.67",
        "202106": "12.69",
        "202107": "12.36",
        "202108": "10.94",
        "202109": "10.64",
        "202110": "10.32",
        "202111": "10.48",
        "202112": "10.19",
        "202201": "9.86",
        "202202": "9.86",
        "202203": "9.30",
        "202204": "8.93",
        "202205": "8.04",
        "202206": "8.07",
        "202207": "7.79",
        "202208": "8.82",
        "202209": "8.88",
        "202210": "7.97",
        "202211": "7.90",
        "202212": "7.82",
        "202301": "7.74",
        "202302": "8.05",
        "202303": "8.09",
        "202304": "8.07",
        "202305": "7.94"
    },
    "quarters": {
        "20011": {
            "year_quarter": 20011,
            "year": 2001,
            "quarter": 1,
            "eps": 0.03,
            "eps_growth_year": -81.25,
            "eps_4q": -0.8,
            "eps_4q_growth_year": -191.42,
            "roe": 0.26,
            "roe_4q": 0.26,
            "gross_profit": 205946,
            "gross_margin": 9.3,
            "gross_margin_4q_avg": 9.3,
            "net_income": 16789,
            "revenue": 2213405,
            "common_shares": 5706875,
            "book_valuer_per_share": 11.42,
            "book_valuer_per_share_4q_avg": 11.42,
            "equity": 6515730,
            "current_ratio": 108.91,
            "debt_ratio": 49.43,
            "inventory_turnover_ratio": 1.57,
            "account_receivable_turnover_ratio": null,
            "reinvestment_rate": null,
            "research_to_sale_ratio": null,
            "price_fair": 0,
            "eps_avg_yearly": 0,
            "eps_latest_yearly": 0,
            "eps_growth_yearly": 0
        },
        "20012": {
            "year_quarter": 20012,
            "year": 2001,
            "quarter": 2,
            "eps": 0.05,
            "eps_growth_year": 150,
            "eps_4q": -0.69,
            "eps_4q_growth_year": -282.83,
            "roe": 0.48,
            "roe_4q": 0.74,
            "gross_profit": 247028,
            "gross_margin": 10.88,
            "gross_margin_4q_avg": 10.09,
            "net_income": 31088,
            "revenue": 2270672,
            "common_shares": 5706875,
            "book_valuer_per_share": 11.4,
            "book_valuer_per_share_4q_avg": 11.41,
            "equity": 6504878,
            "current_ratio": 114.48,
            "debt_ratio": 48.52,
            "inventory_turnover_ratio": 1.5,
            "account_receivable_turnover_ratio": null,
            "reinvestment_rate": null,
            "research_to_sale_ratio": null,
            "price_fair": 0,
            "eps_avg_yearly": 0,
            "eps_latest_yearly": 0,
            "eps_growth_yearly": 0
        },
        "20013": {
            "year_quarter": 20013,
            "year": 2001,
            "quarter": 3,
            "eps": -0.17,
            "eps_growth_year": null,
            "eps_4q": -0.7,
            "eps_4q_growth_year": null,
            "roe": -1.5,
            "roe_4q": -0.76,
            "gross_profit": 188395,
            "gross_margin": 8.79,
            "gross_margin_4q_avg": 9.66,
            "net_income": -97151,
            "revenue": 2142820,
            "common_shares": 5706875,
            "book_valuer_per_share": 11.26,
            "book_valuer_per_share_4q_avg": 11.36,
            "equity": 6427464,
            "current_ratio": 110.38,
            "debt_ratio": 48.31,
            "inventory_turnover_ratio": 1.44,
            "account_receivable_turnover_ratio": null,
            "reinvestment_rate": null,
            "research_to_sale_ratio": null,
            "price_fair": 0,
            "eps_avg_yearly": 0,
            "eps_latest_yearly": 0,
            "eps_growth_yearly": 0
        },
        "20014": {
            "year_quarter": 20014,
            "year": 2001,
            "quarter": 4,
            "eps": -0.28,
            "eps_growth_year": null,
            "eps_4q": -0.36,
            "eps_4q_growth_year": null,
            "roe": -2.46,
            "roe_4q": -3.2199999999999998,
            "gross_profit": 110917,
            "gross_margin": 5.77,
            "gross_margin_4q_avg": 8.69,
            "net_income": -156450,
            "revenue": 1921815,
            "common_shares": 5706875,
            "book_valuer_per_share": 11,
            "book_valuer_per_share_4q_avg": 11.27,
            "equity": 6279703,
            "current_ratio": 111.34,
            "debt_ratio": 45.75,
            "inventory_turnover_ratio": 1.4,
            "account_receivable_turnover_ratio": null,
            "reinvestment_rate": null,
            "research_to_sale_ratio": null,
            "price_fair": 0,
            "eps_avg_yearly": 0,
            "eps_latest_yearly": 0,
            "eps_growth_yearly": 0
        },
        "20021": {
            "year_quarter": 20021,
            "year": 2002,
            "quarter": 1,
            "eps": 0.03,
            "eps_growth_year": 0,
            "eps_4q": -0.42,
            "eps_4q_growth_year": null,
            "roe": 0.24,
            "roe_4q": -3.2399999999999998,
            "gross_profit": 162192,
            "gross_margin": 8.38,
            "gross_margin_4q_avg": 8.46,
            "net_income": 14945,
            "revenue": 1934695,
            "common_shares": 5706875,
            "book_valuer_per_share": 11.26,
            "book_valuer_per_share_4q_avg": 11.23,
            "equity": 6425488,
            "current_ratio": 106.5,
            "debt_ratio": 44.77,
            "inventory_turnover_ratio": 1.41,
            "account_receivable_turnover_ratio": null,
            "reinvestment_rate": null,
            "research_to_sale_ratio": null,
            "price_fair": 0,
            "eps_avg_yearly": 0,
            "eps_latest_yearly": 0,
            "eps_growth_yearly": 0
        },
        "20022": {
            "year_quarter": 20022,
            "year": 2002,
            "quarter": 2,
            "eps": 0.06,
            "eps_growth_year": 20,
            "eps_4q": -0.35,
            "eps_4q_growth_year": null,
            "roe": 0.53,
            "roe_4q": -3.19,
            "gross_profit": 304740,
            "gross_margin": 13.38,
            "gross_margin_4q_avg": 9.08,
            "net_income": 35140,
            "revenue": 2277322,
            "common_shares": 5706875,
            "book_valuer_per_share": 11.95,
            "book_valuer_per_share_4q_avg": 11.37,
            "equity": 6818440,
            "current_ratio": 112.48,
            "debt_ratio": 42.84,
            "inventory_turnover_ratio": 1.56,
            "account_receivable_turnover_ratio": null,
            "reinvestment_rate": null,
            "research_to_sale_ratio": null,
            "price_fair": 8.4,
            "eps_avg_yearly": 0.24,
            "eps_latest_yearly": 0.24,
            "eps_growth_yearly": 400
        },
        "20023": {
            "year_quarter": 20023,
            "year": 2002,
            "quarter": 3,
            "eps": -0.08,
            "eps_growth_year": null,
            "eps_4q": -0.27,
            "eps_4q_growth_year": null,
            "roe": -0.71,
            "roe_4q": -2.4,
            "gross_profit": 90089,
            "gross_margin": 4.71,
            "gross_margin_4q_avg": 8.06,
            "net_income": -47872,
            "revenue": 1914658,
            "common_shares": 5706875,
            "book_valuer_per_share": 11.76,
            "book_valuer_per_share_4q_avg": 11.49,
            "equity": 6712784,
            "current_ratio": 106.61,
            "debt_ratio": 39.3,
            "inventory_turnover_ratio": 1.47,
            "account_receivable_turnover_ratio": null,
            "reinvestment_rate": null,
            "research_to_sale_ratio": null,
            "price_fair": 8.4,
            "eps_avg_yearly": 0.24,
            "eps_latest_yearly": 0.24,
            "eps_growth_yearly": 400
        },
        "20024": {
            "year_quarter": 20024,
            "year": 2002,
            "quarter": 4,
            "eps": -0.18,
            "eps_growth_year": null,
            "eps_4q": -0.17,
            "eps_4q_growth_year": null,
            "roe": -1.52,
            "roe_4q": -1.46,
            "gross_profit": 130199,
            "gross_margin": 7.07,
            "gross_margin_4q_avg": 8.39,
            "net_income": -100702,
            "revenue": 1841659,
            "common_shares": 5706875,
            "book_valuer_per_share": 11.5,
            "book_valuer_per_share_4q_avg": 11.62,
            "equity": 6564182,
            "current_ratio": 109.94,
            "debt_ratio": 39.31,
            "inventory_turnover_ratio": 1.34,
            "account_receivable_turnover_ratio": null,
            "reinvestment_rate": null,
            "research_to_sale_ratio": null,
            "price_fair": 8.4,
            "eps_avg_yearly": 0.24,
            "eps_latest_yearly": 0.24,
            "eps_growth_yearly": 400
        },
        "20031": {
            "year_quarter": 20031,
            "year": 2003,
            "quarter": 1,
            "eps": 0.04,
            "eps_growth_year": 33.33,
            "eps_4q": -0.17,
            "eps_4q_growth_year": null,
            "roe": 0.32,
            "roe_4q": -1.38,
            "gross_profit": 110874,
            "gross_margin": 5.49,
            "gross_margin_4q_avg": 7.66,
            "net_income": 21213,
            "revenue": 2019163,
            "common_shares": 5706875,
            "book_valuer_per_share": 11.54,
            "book_valuer_per_share_4q_avg": 11.69,
            "equity": 6583754,
            "current_ratio": 90.64,
            "debt_ratio": 41.33,
            "inventory_turnover_ratio": 1.3,
            "account_receivable_turnover_ratio": null,
            "reinvestment_rate": null,
            "research_to_sale_ratio": null,
            "price_fair": 8.4,
            "eps_avg_yearly": 0.24,
            "eps_latest_yearly": 0.24,
            "eps_growth_yearly": 400
        },
        "20032": {
            "year_quarter": 20032,
            "year": 2003,
            "quarter": 2,
            "eps": -0.08,
            "eps_growth_year": -233.33,
            "eps_4q": -0.3,
            "eps_4q_growth_year": null,
            "roe": -0.67,
            "roe_4q": -2.58,
            "gross_profit": 107873,
            "gross_margin": 5.14,
            "gross_margin_4q_avg": 5.6,
            "net_income": -43728,
            "revenue": 2099299,
            "common_shares": 5706875,
            "book_valuer_per_share": 11.37,
            "book_valuer_per_share_4q_avg": 11.54,
            "equity": 6487131,
            "current_ratio": 90.93,
            "debt_ratio": 39.29,
            "inventory_turnover_ratio": 1.36,
            "account_receivable_turnover_ratio": null,
            "reinvestment_rate": null,
            "research_to_sale_ratio": null,
            "price_fair": 8.4,
            "eps_avg_yearly": 0.24,
            "eps_latest_yearly": 0.24,
            "eps_growth_yearly": 400
        },
        "20033": {
            "year_quarter": 20033,
            "year": 2003,
            "quarter": 3,
            "eps": -0.09,
            "eps_growth_year": null,
            "eps_4q": -0.31,
            "eps_4q_growth_year": null,
            "roe": -0.81,
            "roe_4q": -2.6799999999999997,
            "gross_profit": 80297,
            "gross_margin": 3.69,
            "gross_margin_4q_avg": 5.35,
            "net_income": -52311,
            "revenue": 2177485,
            "common_shares": 5706875,
            "book_valuer_per_share": 11.31,
            "book_valuer_per_share_4q_avg": 11.43,
            "equity": 6453212,
            "current_ratio": 82.37,
            "debt_ratio": 38.6,
            "inventory_turnover_ratio": 1.68,
            "account_receivable_turnover_ratio": null,
            "reinvestment_rate": null,
            "research_to_sale_ratio": null,
            "price_fair": 8.4,
            "eps_avg_yearly": 0.24,
            "eps_latest_yearly": 0.24,
            "eps_growth_yearly": 400
        },
        "20034": {
            "year_quarter": 20034,
            "year": 2003,
            "quarter": 4,
            "eps": -0.09,
            "eps_growth_year": null,
            "eps_4q": -0.22,
            "eps_4q_growth_year": null,
            "roe": -0.76,
            "roe_4q": -1.9200000000000002,
            "gross_profit": 121114,
            "gross_margin": 6.12,
            "gross_margin_4q_avg": 5.11,
            "net_income": -50014,
            "revenue": 1979912,
            "common_shares": 5706875,
            "book_valuer_per_share": 11.61,
            "book_valuer_per_share_4q_avg": 11.46,
            "equity": 6627171,
            "current_ratio": 108.37,
            "debt_ratio": 41.41,
            "inventory_turnover_ratio": 1.67,
            "account_receivable_turnover_ratio": null,
            "reinvestment_rate": null,
            "research_to_sale_ratio": null,
            "price_fair": 8.4,
            "eps_avg_yearly": 0.24,
            "eps_latest_yearly": 0.24,
            "eps_growth_yearly": 400
        },
        "20041": {
            "year_quarter": 20041,
            "year": 2004,
            "quarter": 1,
            "eps": 0.1,
            "eps_growth_year": 150,
            "eps_4q": -0.15,
            "eps_4q_growth_year": null,
            "roe": 0.88,
            "roe_4q": -1.36,
            "gross_profit": 120790,
            "gross_margin": 5.64,
            "gross_margin_4q_avg": 5.15,
            "net_income": 58446,
            "revenue": 2142311,
            "common_shares": 5706875,
            "book_valuer_per_share": 11.71,
            "book_valuer_per_share_4q_avg": 11.5,
            "equity": 6685322,
            "current_ratio": 112.58,
            "debt_ratio": 40.78,
            "inventory_turnover_ratio": 1.78,
            "account_receivable_turnover_ratio": null,
            "reinvestment_rate": null,
            "research_to_sale_ratio": null,
            "price_fair": 8.4,
            "eps_avg_yearly": 0.24,
            "eps_latest_yearly": 0.24,
            "eps_growth_yearly": 400
        },
        "20042": {
            "year_quarter": 20042,
            "year": 2004,
            "quarter": 2,
            "eps": 0.23,
            "eps_growth_year": null,
            "eps_4q": 0.15,
            "eps_4q_growth_year": null,
            "roe": 1.94,
            "roe_4q": 1.2499999999999996,
            "gross_profit": 266227,
            "gross_margin": 10.79,
            "gross_margin_4q_avg": 6.56,
            "net_income": 129398,
            "revenue": 2466652,
            "common_shares": 5706875,
            "book_valuer_per_share": 11.64,
            "book_valuer_per_share_4q_avg": 11.57,
            "equity": 6644078,
            "current_ratio": 126.54,
            "debt_ratio": 40.71,
            "inventory_turnover_ratio": 1.75,
            "account_receivable_turnover_ratio": null,
            "reinvestment_rate": null,
            "research_to_sale_ratio": null,
            "price_fair": 20.3,
            "eps_avg_yearly": 0.58,
            "eps_latest_yearly": 0.92,
            "eps_growth_yearly": 460
        },
        "20043": {
            "year_quarter": 20043,
            "year": 2004,
            "quarter": 3,
            "eps": 0.28,
            "eps_growth_year": null,
            "eps_4q": 0.52,
            "eps_4q_growth_year": null,
            "roe": 2.34,
            "roe_4q": 4.3999999999999995,
            "gross_profit": 259634,
            "gross_margin": 9.96,
            "gross_margin_4q_avg": 8.13,
            "net_income": 157656,
            "revenue": 2605496,
            "common_shares": 5706875,
            "book_valuer_per_share": 11.98,
            "book_valuer_per_share_4q_avg": 11.74,
            "equity": 6838224,
            "current_ratio": 147.52,
            "debt_ratio": 37.11,
            "inventory_turnover_ratio": 1.81,
            "account_receivable_turnover_ratio": null,
            "reinvestment_rate": null,
            "research_to_sale_ratio": null,
            "price_fair": 26.6,
            "eps_avg_yearly": 0.76,
            "eps_latest_yearly": 1.12,
            "eps_growth_yearly": 335.65
        },
        "20044": {
            "year_quarter": 20044,
            "year": 2004,
            "quarter": 4,
            "eps": 0.13,
            "eps_growth_year": null,
            "eps_4q": 0.75,
            "eps_4q_growth_year": null,
            "roe": 1.03,
            "roe_4q": 6.19,
            "gross_profit": 293955,
            "gross_margin": 10.98,
            "gross_margin_4q_avg": 9.34,
            "net_income": 72266,
            "revenue": 2676270,
            "common_shares": 5706875,
            "book_valuer_per_share": 12.7,
            "book_valuer_per_share_4q_avg": 12.01,
            "equity": 7246668,
            "current_ratio": 130.4,
            "debt_ratio": 39.66,
            "inventory_turnover_ratio": 1.63,
            "account_receivable_turnover_ratio": null,
            "reinvestment_rate": null,
            "research_to_sale_ratio": null,
            "price_fair": 24.5,
            "eps_avg_yearly": 0.7,
            "eps_latest_yearly": 0.52,
            "eps_growth_yearly": 198.17
        },
        "20051": {
            "year_quarter": 20051,
            "year": 2005,
            "quarter": 1,
            "eps": 0.18,
            "eps_growth_year": 80,
            "eps_4q": 0.8,
            "eps_4q_growth_year": null,
            "roe": 1.43,
            "roe_4q": 6.74,
            "gross_profit": 220128,
            "gross_margin": 6.69,
            "gross_margin_4q_avg": 9.61,
            "net_income": 103636,
            "revenue": 3292094,
            "common_shares": 5706875,
            "book_valuer_per_share": 12.79,
            "book_valuer_per_share_4q_avg": 12.28,
            "equity": 7297441,
            "current_ratio": 131.23,
            "debt_ratio": 40.16,
            "inventory_turnover_ratio": 1.92,
            "account_receivable_turnover_ratio": null,
            "reinvestment_rate": -978.09,
            "research_to_sale_ratio": null,
            "price_fair": 24.64,
            "eps_avg_yearly": 0.7,
            "eps_latest_yearly": 0.72,
            "eps_growth_yearly": 189.3
        },
        "20052": {
            "year_quarter": 20052,
            "year": 2005,
            "quarter": 2,
            "eps": 0.17,
            "eps_growth_year": -26.09,
            "eps_4q": 0.75,
            "eps_4q_growth_year": 393.77,
            "roe": 1.36,
            "roe_4q": 6.16,
            "gross_profit": 153432,
            "gross_margin": 4.97,
            "gross_margin_4q_avg": 8.15,
            "net_income": 97671,
            "revenue": 3084497,
            "common_shares": 5706875,
            "book_valuer_per_share": 12.43,
            "book_valuer_per_share_4q_avg": 12.48,
            "equity": 7094089,
            "current_ratio": 120.05,
            "debt_ratio": 44.32,
            "inventory_turnover_ratio": 1.67,
            "account_receivable_turnover_ratio": null,
            "reinvestment_rate": -388.81,
            "research_to_sale_ratio": null,
            "price_fair": 24.5,
            "eps_avg_yearly": 0.7,
            "eps_latest_yearly": 0.68,
            "eps_growth_yearly": 154.05
        },
        "20053": {
            "year_quarter": 20053,
            "year": 2005,
            "quarter": 3,
            "eps": 0.03,
            "eps_growth_year": -89.29,
            "eps_4q": 0.53,
            "eps_4q_growth_year": 1.19,
            "roe": 0.23,
            "roe_4q": 4.05,
            "gross_profit": 102959,
            "gross_margin": 2.61,
            "gross_margin_4q_avg": 6.31,
            "net_income": 16380,
            "revenue": 3942965,
            "common_shares": 5706875,
            "book_valuer_per_share": 12.4,
            "book_valuer_per_share_4q_avg": 12.58,
            "equity": 7078822,
            "current_ratio": 122.08,
            "debt_ratio": 42.56,
            "inventory_turnover_ratio": 2.09,
            "account_receivable_turnover_ratio": null,
            "reinvestment_rate": -207.3,
            "research_to_sale_ratio": null,
            "price_fair": 21.6,
            "eps_avg_yearly": 0.62,
            "eps_latest_yearly": 0.12,
            "eps_growth_yearly": 84.98
        },
        "20054": {
            "year_quarter": 20054,
            "year": 2005,
            "quarter": 4,
            "eps": -0.29,
            "eps_growth_year": -323.08,
            "eps_4q": 0.09,
            "eps_4q_growth_year": -88.02,
            "roe": -2.4,
            "roe_4q": 0.6200000000000001,
            "gross_profit": 14972,
            "gross_margin": 0.48,
            "gross_margin_4q_avg": 3.69,
            "net_income": -166473,
            "revenue": 3105657,
            "common_shares": 5706875,
            "book_valuer_per_share": 11.91,
            "book_valuer_per_share_4q_avg": 12.38,
            "equity": 6795730,
            "current_ratio": 117.79,
            "debt_ratio": 47.23,
            "inventory_turnover_ratio": 1.71,
            "account_receivable_turnover_ratio": null,
            "reinvestment_rate": -192.8,
            "research_to_sale_ratio": null,
            "price_fair": 21.6,
            "eps_avg_yearly": 0.62,
            "eps_latest_yearly": 0.12,
            "eps_growth_yearly": 84.98
        },
        "20061": {
            "year_quarter": 20061,
            "year": 2006,
            "quarter": 1,
            "eps": 0.12,
            "eps_growth_year": -33.33,
            "eps_4q": 0.03,
            "eps_4q_growth_year": -96.29,
            "roe": 1.02,
            "roe_4q": 0.2100000000000002,
            "gross_profit": 205214,
            "gross_margin": 5.25,
            "gross_margin_4q_avg": 3.33,
            "net_income": 69783,
            "revenue": 3906058,
            "common_shares": 5706875,
            "book_valuer_per_share": 11.97,
            "book_valuer_per_share_4q_avg": 12.18,
            "equity": 6828816,
            "current_ratio": 146.67,
            "debt_ratio": 45.95,
            "inventory_turnover_ratio": 2.16,
            "account_receivable_turnover_ratio": null,
            "reinvestment_rate": -127.27,
            "research_to_sale_ratio": null,
            "price_fair": 21.6,
            "eps_avg_yearly": 0.62,
            "eps_latest_yearly": 0.12,
            "eps_growth_yearly": 84.98
        },
        "20062": {
            "year_quarter": 20062,
            "year": 2006,
            "quarter": 2,
            "eps": 0.18,
            "eps_growth_year": 5.88,
            "eps_4q": 0.04,
            "eps_4q_growth_year": -94.5,
            "roe": 1.51,
            "roe_4q": 0.3600000000000003,
            "gross_profit": 236213,
            "gross_margin": 5.75,
            "gross_margin_4q_avg": 3.52,
            "net_income": 104201,
            "revenue": 4105290,
            "common_shares": 5706875,
            "book_valuer_per_share": 12.18,
            "book_valuer_per_share_4q_avg": 12.12,
            "equity": 6951935,
            "current_ratio": 133.54,
            "debt_ratio": 45.72,
            "inventory_turnover_ratio": 2.51,
            "account_receivable_turnover_ratio": null,
            "reinvestment_rate": -12.24,
            "research_to_sale_ratio": null,
            "price_fair": 24,
            "eps_avg_yearly": 0.69,
            "eps_latest_yearly": 0.72,
            "eps_growth_yearly": 56.41
        },
        "20063": {
            "year_quarter": 20063,
            "year": 2006,
            "quarter": 3,
            "eps": 0.4,
            "eps_growth_year": 1233.33,
            "eps_4q": 0.41,
            "eps_4q_growth_year": -22.22,
            "roe": 3.26,
            "roe_4q": 3.3899999999999992,
            "gross_profit": 316153,
            "gross_margin": 7.1,
            "gross_margin_4q_avg": 4.65,
            "net_income": 229874,
            "revenue": 4453226,
            "common_shares": 5706875,
            "book_valuer_per_share": 12.55,
            "book_valuer_per_share_4q_avg": 12.15,
            "equity": 7164540,
            "current_ratio": 138.14,
            "debt_ratio": 44.4,
            "inventory_turnover_ratio": 2.63,
            "account_receivable_turnover_ratio": null,
            "reinvestment_rate": -10.73,
            "research_to_sale_ratio": null,
            "price_fair": 28,
            "eps_avg_yearly": 0.8,
            "eps_latest_yearly": 1.6,
            "eps_growth_yearly": 110.47
        },
        "20064": {
            "year_quarter": 20064,
            "year": 2006,
            "quarter": 4,
            "eps": 0.22,
            "eps_growth_year": null,
            "eps_4q": 0.94,
            "eps_4q_growth_year": 946.59,
            "roe": 1.66,
            "roe_4q": 7.449999999999999,
            "gross_profit": 246376,
            "gross_margin": 5.31,
            "gross_margin_4q_avg": 5.85,
            "net_income": 123071,
            "revenue": 4635844,
            "common_shares": 5706875,
            "book_valuer_per_share": 13.43,
            "book_valuer_per_share_4q_avg": 12.53,
            "equity": 7664784,
            "current_ratio": 125.53,
            "debt_ratio": 45.63,
            "inventory_turnover_ratio": 2.79,
            "account_receivable_turnover_ratio": null,
            "reinvestment_rate": 42.62,
            "research_to_sale_ratio": null,
            "price_fair": 28.31,
            "eps_avg_yearly": 0.81,
            "eps_latest_yearly": 0.88,
            "eps_growth_yearly": 78.2
        },
        "20071": {
            "year_quarter": 20071,
            "year": 2007,
            "quarter": 1,
            "eps": 0.33,
            "eps_growth_year": 175,
            "eps_4q": 1.13,
            "eps_4q_growth_year": 3683.12,
            "roe": 2.42,
            "roe_4q": 8.85,
            "gross_profit": 312867,
            "gross_margin": 6,
            "gross_margin_4q_avg": 6.04,
            "net_income": 188711,
            "revenue": 5218367,
            "common_shares": 5706875,
            "book_valuer_per_share": 13.89,
            "book_valuer_per_share_4q_avg": 13.01,
            "equity": 7927351,
            "current_ratio": 128.17,
            "debt_ratio": 49.07,
            "inventory_turnover_ratio": 3.34,
            "account_receivable_turnover_ratio": null,
            "reinvestment_rate": 21.95,
            "research_to_sale_ratio": null,
            "price_fair": 30.1,
            "eps_avg_yearly": 0.86,
            "eps_latest_yearly": 1.32,
            "eps_growth_yearly": 90.38
        },
        "20072": {
            "year_quarter": 20072,
            "year": 2007,
            "quarter": 2,
            "eps": 0.12,
            "eps_growth_year": -33.33,
            "eps_4q": 1.02,
            "eps_4q_growth_year": 2370.74,
            "roe": 0.89,
            "roe_4q": 8.23,
            "gross_profit": 217613,
            "gross_margin": 4.07,
            "gross_margin_4q_avg": 5.62,
            "net_income": 72247,
            "revenue": 5344773,
            "common_shares": 5706875,
            "book_valuer_per_share": 14.57,
            "book_valuer_per_share_4q_avg": 13.61,
            "equity": 8317646,
            "current_ratio": 131.6,
            "debt_ratio": 47.75,
            "inventory_turnover_ratio": 2.96,
            "account_receivable_turnover_ratio": null,
            "reinvestment_rate": 40.04,
            "research_to_sale_ratio": null,
            "price_fair": 28.89,
            "eps_avg_yearly": 0.83,
            "eps_latest_yearly": 0.48,
            "eps_growth_yearly": 59.02
        },
        "20073": {
            "year_quarter": 20073,
            "year": 2007,
            "quarter": 3,
            "eps": -0.11,
            "eps_growth_year": -127.5,
            "eps_4q": 0.5,
            "eps_4q_growth_year": 21.86,
            "roe": -0.84,
            "roe_4q": 4.13,
            "gross_profit": 156574,
            "gross_margin": 2.56,
            "gross_margin_4q_avg": 4.49,
            "net_income": -68025,
            "revenue": 6118438,
            "common_shares": 6277563,
            "book_valuer_per_share": 12.61,
            "book_valuer_per_share_4q_avg": 13.63,
            "equity": 7912980,
            "current_ratio": 131.55,
            "debt_ratio": 49.82,
            "inventory_turnover_ratio": 2.52,
            "account_receivable_turnover_ratio": null,
            "reinvestment_rate": 50.58,
            "research_to_sale_ratio": null,
            "price_fair": 28.89,
            "eps_avg_yearly": 0.83,
            "eps_latest_yearly": 0.48,
            "eps_growth_yearly": 59.02
        },
        "20074": {
            "year_quarter": 20074,
            "year": 2007,
            "quarter": 4,
            "eps": 0.06,
            "eps_growth_year": -72.73,
            "eps_4q": 0.4,
            "eps_4q_growth_year": -57.75,
            "roe": 0.44,
            "roe_4q": 2.91,
            "gross_profit": 249965,
            "gross_margin": 4.29,
            "gross_margin_4q_avg": 4.23,
            "net_income": 34248,
            "revenue": 5826458,
            "common_shares": 6277563,
            "book_valuer_per_share": 12.1,
            "book_valuer_per_share_4q_avg": 13.29,
            "equity": 7735133,
            "current_ratio": 132.82,
            "debt_ratio": 47.31,
            "inventory_turnover_ratio": 1.9,
            "account_receivable_turnover_ratio": null,
            "reinvestment_rate": 51.58,
            "research_to_sale_ratio": null,
            "price_fair": 28.89,
            "eps_avg_yearly": 0.83,
            "eps_latest_yearly": 0.48,
            "eps_growth_yearly": 59.02
        },
        "20081": {
            "year_quarter": 20081,
            "year": 2008,
            "quarter": 1,
            "eps": -0.16,
            "eps_growth_year": -148.48,
            "eps_4q": -0.1,
            "eps_4q_growth_year": -108.63,
            "roe": -1.16,
            "roe_4q": -0.67,
            "gross_profit": 185516,
            "gross_margin": 3.05,
            "gross_margin_4q_avg": 3.49,
            "net_income": -90759,
            "revenue": 6087698,
            "common_shares": 6277563,
            "book_valuer_per_share": 12.26,
            "book_valuer_per_share_4q_avg": 12.89,
            "equity": 7909267,
            "current_ratio": 124.11,
            "debt_ratio": 50.25,
            "inventory_turnover_ratio": 1.84,
            "account_receivable_turnover_ratio": null,
            "reinvestment_rate": 55.74,
            "research_to_sale_ratio": null,
            "price_fair": 28.89,
            "eps_avg_yearly": 0.83,
            "eps_latest_yearly": 0.48,
            "eps_growth_yearly": 59.02
        },
        "20082": {
            "year_quarter": 20082,
            "year": 2008,
            "quarter": 2,
            "eps": -0.09,
            "eps_growth_year": -175,
            "eps_4q": -0.29,
            "eps_4q_growth_year": -128.27,
            "roe": -0.69,
            "roe_4q": -2.25,
            "gross_profit": 162447,
            "gross_margin": 2.65,
            "gross_margin_4q_avg": 3.14,
            "net_income": -52806,
            "revenue": 6139162,
            "common_shares": 6277563,
            "book_valuer_per_share": 11.59,
            "book_valuer_per_share_4q_avg": 12.14,
            "equity": 7393587,
            "current_ratio": 123.45,
            "debt_ratio": 49.72,
            "inventory_turnover_ratio": 1.94,
            "account_receivable_turnover_ratio": null,
            "reinvestment_rate": 63.83,
            "research_to_sale_ratio": null,
            "price_fair": 18.7,
            "eps_avg_yearly": 0.82,
            "eps_latest_yearly": 0.48,
            "eps_growth_yearly": 12.92
        },
        "20083": {
            "year_quarter": 20083,
            "year": 2008,
            "quarter": 3,
            "eps": -0.43,
            "eps_growth_year": null,
            "eps_4q": -0.57,
            "eps_4q_growth_year": -212.53,
            "roe": -3.61,
            "roe_4q": -5.02,
            "gross_profit": -156093,
            "gross_margin": -2.8,
            "gross_margin_4q_avg": 1.8,
            "net_income": -256935,
            "revenue": 5577384,
            "common_shares": 6528666,
            "book_valuer_per_share": 10.4,
            "book_valuer_per_share_4q_avg": 11.59,
            "equity": 6845887,
            "current_ratio": 113.47,
            "debt_ratio": 56.94,
            "inventory_turnover_ratio": 1.69,
            "account_receivable_turnover_ratio": null,
            "reinvestment_rate": 90.65,
            "research_to_sale_ratio": null,
            "price_fair": 11.5,
            "eps_avg_yearly": 0.78,
            "eps_latest_yearly": 0.48,
            "eps_growth_yearly": 4.7
        },
        "20084": {
            "year_quarter": 20084,
            "year": 2008,
            "quarter": 4,
            "eps": -2.34,
            "eps_growth_year": -4000,
            "eps_4q": -3.01,
            "eps_4q_growth_year": -857.5,
            "roe": -22.92,
            "roe_4q": -28.380000000000003,
            "gross_profit": -1178955,
            "gross_margin": -40.61,
            "gross_margin_4q_avg": -9.43,
            "net_income": -1395564,
            "revenue": 2903394,
            "common_shares": 6528665,
            "book_valuer_per_share": 8.09,
            "book_valuer_per_share_4q_avg": 10.59,
            "equity": 5333616,
            "current_ratio": 62.8,
            "debt_ratio": 53.3,
            "inventory_turnover_ratio": 1.53,
            "account_receivable_turnover_ratio": 4.15,
            "reinvestment_rate": null,
            "research_to_sale_ratio": null,
            "price_fair": 28.53,
            "eps_avg_yearly": 0.82,
            "eps_latest_yearly": 0.48,
            "eps_growth_yearly": 32.07
        },
        "20091": {
            "year_quarter": 20091,
            "year": 2009,
            "quarter": 1,
            "eps": 0.27,
            "eps_growth_year": null,
            "eps_4q": -2.59,
            "eps_4q_growth_year": null,
            "roe": 2.96,
            "roe_4q": -24.26,
            "gross_profit": 284334,
            "gross_margin": 7.46,
            "gross_margin_4q_avg": -8.33,
            "net_income": 160719,
            "revenue": 3810593,
            "common_shares": 6528665,
            "book_valuer_per_share": 8.37,
            "book_valuer_per_share_4q_avg": 9.61,
            "equity": 5528155,
            "current_ratio": 69.75,
            "debt_ratio": 53.8,
            "inventory_turnover_ratio": 2.47,
            "account_receivable_turnover_ratio": 2,
            "reinvestment_rate": null,
            "research_to_sale_ratio": null,
            "price_fair": 20.44,
            "eps_avg_yearly": 0.83,
            "eps_latest_yearly": 0.48,
            "eps_growth_yearly": 14.67
        },
        "20092": {
            "year_quarter": 20092,
            "year": 2009,
            "quarter": 2,
            "eps": 0.54,
            "eps_growth_year": null,
            "eps_4q": -1.94,
            "eps_4q_growth_year": null,
            "roe": 5.57,
            "roe_4q": -18,
            "gross_profit": 459039,
            "gross_margin": 10.98,
            "gross_margin_4q_avg": -6.24,
            "net_income": 323971,
            "revenue": 4180485,
            "common_shares": 6528665,
            "book_valuer_per_share": 9.22,
            "book_valuer_per_share_4q_avg": 9.02,
            "equity": 6107912,
            "current_ratio": 82.84,
            "debt_ratio": 51.43,
            "inventory_turnover_ratio": 2.57,
            "account_receivable_turnover_ratio": 1.66,
            "reinvestment_rate": null,
            "research_to_sale_ratio": null,
            "price_fair": 36.4,
            "eps_avg_yearly": 1.04,
            "eps_latest_yearly": 2.16,
            "eps_growth_yearly": 74.99
        },
        "20093": {
            "year_quarter": 20093,
            "year": 2009,
            "quarter": 3,
            "eps": 0.49,
            "eps_growth_year": null,
            "eps_4q": -1.02,
            "eps_4q_growth_year": null,
            "roe": 4.68,
            "roe_4q": -9.71,
            "gross_profit": 459400,
            "gross_margin": 9.2,
            "gross_margin_4q_avg": -3.24,
            "net_income": 294472,
            "revenue": 4996045,
            "common_shares": 6528665,
            "book_valuer_per_share": 9.77,
            "book_valuer_per_share_4q_avg": 8.86,
            "equity": 6486820,
            "current_ratio": 90.29,
            "debt_ratio": 49.45,
            "inventory_turnover_ratio": 2.48,
            "account_receivable_turnover_ratio": 1.91,
            "reinvestment_rate": null,
            "research_to_sale_ratio": null,
            "price_fair": 45.6,
            "eps_avg_yearly": 1.3,
            "eps_latest_yearly": 1.96,
            "eps_growth_yearly": 116.76
        },
        "20094": {
            "year_quarter": 20094,
            "year": 2009,
            "quarter": 4,
            "eps": 0.31,
            "eps_growth_year": null,
            "eps_4q": 1.77,
            "eps_4q_growth_year": null,
            "roe": 2.72,
            "roe_4q": 15.93,
            "gross_profit": 348749,
            "gross_margin": 6.68,
            "gross_margin_4q_avg": 8.58,
            "net_income": 186463,
            "revenue": 5221327,
            "common_shares": 6528665,
            "book_valuer_per_share": 12.85,
            "book_valuer_per_share_4q_avg": 10.05,
            "equity": 7199680,
            "current_ratio": 112.5,
            "debt_ratio": 49.9,
            "inventory_turnover_ratio": 2.24,
            "account_receivable_turnover_ratio": 3.18,
            "reinvestment_rate": null,
            "research_to_sale_ratio": null,
            "price_fair": 45.33,
            "eps_avg_yearly": 1.3,
            "eps_latest_yearly": 1.24,
            "eps_growth_yearly": 83.8
        },
        "20101": {
            "year_quarter": 20101,
            "year": 2010,
            "quarter": 1,
            "eps": 0.64,
            "eps_growth_year": 137.04,
            "eps_4q": 2.17,
            "eps_4q_growth_year": null,
            "roe": 5.09,
            "roe_4q": 18.060000000000002,
            "gross_profit": 543189,
            "gross_margin": 8.8,
            "gross_margin_4q_avg": 8.92,
            "net_income": 379716,
            "revenue": 6175510,
            "common_shares": 6528665,
            "book_valuer_per_share": 13.76,
            "book_valuer_per_share_4q_avg": 11.4,
            "equity": 7730244,
            "current_ratio": 120.07,
            "debt_ratio": 49.49,
            "inventory_turnover_ratio": 2.49,
            "account_receivable_turnover_ratio": 1.64,
            "reinvestment_rate": 681.77,
            "research_to_sale_ratio": 0.28,
            "price_fair": 50.24,
            "eps_avg_yearly": 1.44,
            "eps_latest_yearly": 2.56,
            "eps_growth_yearly": 121.8
        },
        "20102": {
            "year_quarter": 20102,
            "year": 2010,
            "quarter": 2,
            "eps": 0.3,
            "eps_growth_year": -45.21,
            "eps_4q": 1.86,
            "eps_4q_growth_year": null,
            "roe": 2.21,
            "roe_4q": 14.7,
            "gross_profit": 293028,
            "gross_margin": 5.89,
            "gross_margin_4q_avg": 7.64,
            "net_income": 176084,
            "revenue": 4979103,
            "common_shares": 6528665,
            "book_valuer_per_share": 14.45,
            "book_valuer_per_share_4q_avg": 12.71,
            "equity": 8227627,
            "current_ratio": 137.84,
            "debt_ratio": 42.79,
            "inventory_turnover_ratio": 1.8,
            "account_receivable_turnover_ratio": 1.47,
            "reinvestment_rate": 516.36,
            "research_to_sale_ratio": 0.37,
            "price_fair": 52.11,
            "eps_avg_yearly": 1.49,
            "eps_latest_yearly": 1.2,
            "eps_growth_yearly": 75.96
        },
        "20103": {
            "year_quarter": 20103,
            "year": 2010,
            "quarter": 3,
            "eps": 0.19,
            "eps_growth_year": -60.4,
            "eps_4q": 1.51,
            "eps_4q_growth_year": null,
            "roe": 1.61,
            "roe_4q": 11.63,
            "gross_profit": 123399,
            "gross_margin": 2.04,
            "gross_margin_4q_avg": 5.85,
            "net_income": 139292,
            "revenue": 6036656,
            "common_shares": 6528665,
            "book_valuer_per_share": 15.37,
            "book_valuer_per_share_4q_avg": 14.11,
            "equity": 9023030,
            "current_ratio": 141.49,
            "debt_ratio": 42.89,
            "inventory_turnover_ratio": 2,
            "account_receivable_turnover_ratio": 2.07,
            "reinvestment_rate": 1227.95,
            "research_to_sale_ratio": 0.25,
            "price_fair": 21.42,
            "eps_avg_yearly": 1.4,
            "eps_latest_yearly": 0.76,
            "eps_growth_yearly": 5.35
        },
        "20104": {
            "year_quarter": 20104,
            "year": 2010,
            "quarter": 4,
            "eps": 0.65,
            "eps_growth_year": 111.08,
            "eps_4q": 1.83,
            "eps_4q_growth_year": 3.26,
            "roe": 3.9,
            "roe_4q": 12.809999999999999,
            "gross_profit": 380444,
            "gross_margin": 5.52,
            "gross_margin_4q_avg": 5.56,
            "net_income": 363316,
            "revenue": 6886335,
            "common_shares": 6528665,
            "book_valuer_per_share": 16.4,
            "book_valuer_per_share_4q_avg": 15,
            "equity": 9610290,
            "current_ratio": 161.92,
            "debt_ratio": 39.26,
            "inventory_turnover_ratio": 2.5,
            "account_receivable_turnover_ratio": 1.85,
            "reinvestment_rate": 486.38,
            "research_to_sale_ratio": 0.19,
            "price_fair": 55.53,
            "eps_avg_yearly": 1.59,
            "eps_latest_yearly": 2.6,
            "eps_growth_yearly": 132.95
        },
        "20111": {
            "year_quarter": 20111,
            "year": 2011,
            "quarter": 1,
            "eps": 0.67,
            "eps_growth_year": 4.69,
            "eps_4q": 1.8,
            "eps_4q_growth_year": -17.14,
            "roe": 4.78,
            "roe_4q": 12.5,
            "gross_profit": 577161,
            "gross_margin": 8.93,
            "gross_margin_4q_avg": 5.6,
            "net_income": 477011,
            "revenue": 6464365,
            "common_shares": 6528665,
            "book_valuer_per_share": 16.66,
            "book_valuer_per_share_4q_avg": 15.72,
            "equity": 10329054,
            "current_ratio": 173.56,
            "debt_ratio": 36.97,
            "inventory_turnover_ratio": 2.51,
            "account_receivable_turnover_ratio": 1.55,
            "reinvestment_rate": 247.84,
            "research_to_sale_ratio": 0.23,
            "price_fair": 60.82,
            "eps_avg_yearly": 1.74,
            "eps_latest_yearly": 2.68,
            "eps_growth_yearly": 112.09
        },
        "20112": {
            "year_quarter": 20112,
            "year": 2011,
            "quarter": 2,
            "eps": -0.08,
            "eps_growth_year": -126.86,
            "eps_4q": 1.28,
            "eps_4q_growth_year": -31.04,
            "roe": -0.47,
            "roe_4q": 9.82,
            "gross_profit": 107157,
            "gross_margin": 2,
            "gross_margin_4q_avg": 4.62,
            "net_income": -47655,
            "revenue": 5356033,
            "common_shares": 6528665,
            "book_valuer_per_share": 15.77,
            "book_valuer_per_share_4q_avg": 16.05,
            "equity": 9807636,
            "current_ratio": 146.51,
            "debt_ratio": 42.2,
            "inventory_turnover_ratio": 1.41,
            "account_receivable_turnover_ratio": 1.59,
            "reinvestment_rate": 254.83,
            "research_to_sale_ratio": 0.32,
            "price_fair": 66.33,
            "eps_avg_yearly": 1.9,
            "eps_latest_yearly": 2.68,
            "eps_growth_yearly": 157.92
        },
        "20113": {
            "year_quarter": 20113,
            "year": 2011,
            "quarter": 3,
            "eps": 0.23,
            "eps_growth_year": 17.25,
            "eps_4q": 1.36,
            "eps_4q_growth_year": -10.06,
            "roe": 1.56,
            "roe_4q": 9.77,
            "gross_profit": 202905,
            "gross_margin": 2.39,
            "gross_margin_4q_avg": 4.71,
            "net_income": 151315,
            "revenue": 8483964,
            "common_shares": 7181532,
            "book_valuer_per_share": 14.16,
            "book_valuer_per_share_4q_avg": 15.75,
            "equity": 9633683,
            "current_ratio": 140.15,
            "debt_ratio": 45.9,
            "inventory_turnover_ratio": 1.85,
            "account_receivable_turnover_ratio": 2.6,
            "reinvestment_rate": 142.18,
            "research_to_sale_ratio": 0.25,
            "price_fair": 66.33,
            "eps_avg_yearly": 1.9,
            "eps_latest_yearly": 2.68,
            "eps_growth_yearly": 157.92
        },
        "20114": {
            "year_quarter": 20114,
            "year": 2011,
            "quarter": 4,
            "eps": -1.16,
            "eps_growth_year": -276.97,
            "eps_4q": -0.37,
            "eps_4q_growth_year": -120.1,
            "roe": -7.98,
            "roe_4q": -2.1099999999999994,
            "gross_profit": -535320,
            "gross_margin": -10.45,
            "gross_margin_4q_avg": 0.72,
            "net_income": -739180,
            "revenue": 5121048,
            "common_shares": 7181532,
            "book_valuer_per_share": 13.14,
            "book_valuer_per_share_4q_avg": 14.93,
            "equity": 8899069,
            "current_ratio": 123.76,
            "debt_ratio": 48.58,
            "inventory_turnover_ratio": 1.37,
            "account_receivable_turnover_ratio": 1.51,
            "reinvestment_rate": null,
            "research_to_sale_ratio": 0.39,
            "price_fair": 66.33,
            "eps_avg_yearly": 1.9,
            "eps_latest_yearly": 2.68,
            "eps_growth_yearly": 157.92
        },
        "20121": {
            "year_quarter": 20121,
            "year": 2012,
            "quarter": 1,
            "eps": 0.33,
            "eps_growth_year": -50.75,
            "eps_4q": -0.66,
            "eps_4q_growth_year": -136.58,
            "roe": 2.75,
            "roe_4q": -4.140000000000001,
            "gross_profit": 178011,
            "gross_margin": 2.68,
            "gross_margin_4q_avg": -0.85,
            "net_income": 253491,
            "revenue": 6647253,
            "common_shares": 7181532,
            "book_valuer_per_share": 13.95,
            "book_valuer_per_share_4q_avg": 14.26,
            "equity": 9536003,
            "current_ratio": 125.48,
            "debt_ratio": 48.44,
            "inventory_turnover_ratio": 1.71,
            "account_receivable_turnover_ratio": 1.93,
            "reinvestment_rate": 692.02,
            "research_to_sale_ratio": 0.31,
            "price_fair": 66.33,
            "eps_avg_yearly": 1.9,
            "eps_latest_yearly": 2.68,
            "eps_growth_yearly": 157.92
        },
        "20122": {
            "year_quarter": 20122,
            "year": 2012,
            "quarter": 2,
            "eps": -1.08,
            "eps_growth_year": null,
            "eps_4q": -1.62,
            "eps_4q_growth_year": -226.63,
            "roe": -8.61,
            "roe_4q": -12.28,
            "gross_profit": -195284,
            "gross_margin": -3.32,
            "gross_margin_4q_avg": -2.18,
            "net_income": -778717,
            "revenue": 5879687,
            "common_shares": 7181532,
            "book_valuer_per_share": 12.52,
            "book_valuer_per_share_4q_avg": 13.44,
            "equity": 8550903,
            "current_ratio": 120.64,
            "debt_ratio": 52.3,
            "inventory_turnover_ratio": 1.7,
            "account_receivable_turnover_ratio": 1.52,
            "reinvestment_rate": null,
            "research_to_sale_ratio": 0.33,
            "price_fair": 66.33,
            "eps_avg_yearly": 1.9,
            "eps_latest_yearly": 2.68,
            "eps_growth_yearly": 157.92
        },
        "20123": {
            "year_quarter": 20123,
            "year": 2012,
            "quarter": 3,
            "eps": 0.4,
            "eps_growth_year": 74.99,
            "eps_4q": -1.45,
            "eps_4q_growth_year": -207.15,
            "roe": 3.21,
            "roe_4q": -10.629999999999999,
            "gross_profit": 372820,
            "gross_margin": 5.25,
            "gross_margin_4q_avg": -1.46,
            "net_income": 281680,
            "revenue": 7107461,
            "common_shares": 7540608,
            "book_valuer_per_share": 12.48,
            "book_valuer_per_share_4q_avg": 13.02,
            "equity": 8972975,
            "current_ratio": 128.9,
            "debt_ratio": 45.9,
            "inventory_turnover_ratio": 1.88,
            "account_receivable_turnover_ratio": 2.04,
            "reinvestment_rate": 1695.54,
            "research_to_sale_ratio": 0.25,
            "price_fair": 66.33,
            "eps_avg_yearly": 1.9,
            "eps_latest_yearly": 2.68,
            "eps_growth_yearly": 157.92
        },
        "20124": {
            "year_quarter": 20124,
            "year": 2012,
            "quarter": 4,
            "eps": 0.4,
            "eps_growth_year": null,
            "eps_4q": 0.05,
            "eps_4q_growth_year": null,
            "roe": 2.93,
            "roe_4q": 0.28000000000000114,
            "gross_profit": 379400,
            "gross_margin": 6.14,
            "gross_margin_4q_avg": 2.69,
            "net_income": 268731,
            "revenue": 6175696,
            "common_shares": 7540608,
            "book_valuer_per_share": 13.02,
            "book_valuer_per_share_4q_avg": 12.99,
            "equity": 9353376,
            "current_ratio": 136.89,
            "debt_ratio": 41.12,
            "inventory_turnover_ratio": 1.67,
            "account_receivable_turnover_ratio": 1.88,
            "reinvestment_rate": 121.55,
            "research_to_sale_ratio": 0.31,
            "price_fair": 65.18,
            "eps_avg_yearly": 1.86,
            "eps_latest_yearly": 1.6,
            "eps_growth_yearly": 140.38
        },
        "20131": {
            "year_quarter": 20131,
            "year": 2013,
            "quarter": 1,
            "eps": 0.49,
            "eps_growth_year": 48.48,
            "eps_4q": 0.23,
            "eps_4q_growth_year": null,
            "roe": 3.68,
            "roe_4q": 1.2100000000000009,
            "gross_profit": 494729,
            "gross_margin": 7.28,
            "gross_margin_4q_avg": 3.84,
            "net_income": 346586,
            "revenue": 6799613,
            "common_shares": 7540608,
            "book_valuer_per_share": 13.3,
            "book_valuer_per_share_4q_avg": 12.83,
            "equity": 9492602,
            "current_ratio": 132.03,
            "debt_ratio": 48.12,
            "inventory_turnover_ratio": 1.68,
            "account_receivable_turnover_ratio": 1.68,
            "reinvestment_rate": 106.75,
            "research_to_sale_ratio": 0.31,
            "price_fair": 65.52,
            "eps_avg_yearly": 1.87,
            "eps_latest_yearly": 1.96,
            "eps_growth_yearly": 135.34
        },
        "20132": {
            "year_quarter": 20132,
            "year": 2013,
            "quarter": 2,
            "eps": 0.29,
            "eps_growth_year": null,
            "eps_4q": 1.55,
            "eps_4q_growth_year": null,
            "roe": 2.27,
            "roe_4q": 12.09,
            "gross_profit": 290240,
            "gross_margin": 4.48,
            "gross_margin_4q_avg": 5.79,
            "net_income": 218577,
            "revenue": 6471429,
            "common_shares": 7540608,
            "book_valuer_per_share": 13.72,
            "book_valuer_per_share_4q_avg": 13.13,
            "equity": 9780759,
            "current_ratio": 132.09,
            "debt_ratio": 45.97,
            "inventory_turnover_ratio": 1.49,
            "account_receivable_turnover_ratio": 1.37,
            "reinvestment_rate": 129.12,
            "research_to_sale_ratio": 0.33,
            "price_fair": 62.02,
            "eps_avg_yearly": 1.77,
            "eps_latest_yearly": 1.16,
            "eps_growth_yearly": 79.01
        },
        "20133": {
            "year_quarter": 20133,
            "year": 2013,
            "quarter": 3,
            "eps": 0.34,
            "eps_growth_year": -14.61,
            "eps_4q": 1.54,
            "eps_4q_growth_year": null,
            "roe": 2.8,
            "roe_4q": 11.68,
            "gross_profit": 355241,
            "gross_margin": 5.47,
            "gross_margin_4q_avg": 5.84,
            "net_income": 278436,
            "revenue": 6498079,
            "common_shares": 7917638,
            "book_valuer_per_share": 13.52,
            "book_valuer_per_share_4q_avg": 13.39,
            "equity": 10121752,
            "current_ratio": 137.06,
            "debt_ratio": 43.59,
            "inventory_turnover_ratio": 1.46,
            "account_receivable_turnover_ratio": 1.49,
            "reinvestment_rate": 154.3,
            "research_to_sale_ratio": 0.34,
            "price_fair": 59.92,
            "eps_avg_yearly": 1.71,
            "eps_latest_yearly": 1.36,
            "eps_growth_yearly": 89.61
        },
        "20134": {
            "year_quarter": 20134,
            "year": 2013,
            "quarter": 4,
            "eps": 0.26,
            "eps_growth_year": -34.37,
            "eps_4q": 1.4,
            "eps_4q_growth_year": 2948.57,
            "roe": 2.2,
            "roe_4q": 10.95,
            "gross_profit": 318990,
            "gross_margin": 4.74,
            "gross_margin_4q_avg": 5.49,
            "net_income": 228443,
            "revenue": 6734072,
            "common_shares": 7917638,
            "book_valuer_per_share": 14.05,
            "book_valuer_per_share_4q_avg": 13.65,
            "equity": 10668170,
            "current_ratio": 143.99,
            "debt_ratio": 39.7,
            "inventory_turnover_ratio": 1.71,
            "account_receivable_turnover_ratio": 1.56,
            "reinvestment_rate": 37.87,
            "research_to_sale_ratio": 0.52,
            "price_fair": 59.22,
            "eps_avg_yearly": 1.69,
            "eps_latest_yearly": 1.04,
            "eps_growth_yearly": 94.9
        },
        "20141": {
            "year_quarter": 20141,
            "year": 2014,
            "quarter": 1,
            "eps": 0.3,
            "eps_growth_year": -38.78,
            "eps_4q": 1.23,
            "eps_4q_growth_year": 434.9,
            "roe": 2.08,
            "roe_4q": 9.35,
            "gross_profit": 363461,
            "gross_margin": 6.08,
            "gross_margin_4q_avg": 5.19,
            "net_income": 224226,
            "revenue": 5977016,
            "common_shares": 7917638,
            "book_valuer_per_share": 14.32,
            "book_valuer_per_share_4q_avg": 13.9,
            "equity": 10851784,
            "current_ratio": 133.8,
            "debt_ratio": 47.35,
            "inventory_turnover_ratio": 1.4,
            "account_receivable_turnover_ratio": 1.4,
            "reinvestment_rate": 32.63,
            "research_to_sale_ratio": 0.37,
            "price_fair": 54.46,
            "eps_avg_yearly": 1.56,
            "eps_latest_yearly": 1.2,
            "eps_growth_yearly": 58.47
        },
        "20142": {
            "year_quarter": 20142,
            "year": 2014,
            "quarter": 2,
            "eps": -0.07,
            "eps_growth_year": -124.14,
            "eps_4q": 0.77,
            "eps_4q_growth_year": -50.5,
            "roe": -0.5,
            "roe_4q": 6.58,
            "gross_profit": 177311,
            "gross_margin": 2.92,
            "gross_margin_4q_avg": 4.8,
            "net_income": -53861,
            "revenue": 6082414,
            "common_shares": 7917638,
            "book_valuer_per_share": 14.07,
            "book_valuer_per_share_4q_avg": 13.99,
            "equity": 10747845,
            "current_ratio": 130.85,
            "debt_ratio": 46.85,
            "inventory_turnover_ratio": 1.39,
            "account_receivable_turnover_ratio": 1.45,
            "reinvestment_rate": 36.61,
            "research_to_sale_ratio": 0.41,
            "price_fair": 55.84,
            "eps_avg_yearly": 1.6,
            "eps_latest_yearly": 1.2,
            "eps_growth_yearly": 88.58
        },
        "20143": {
            "year_quarter": 20143,
            "year": 2014,
            "quarter": 3,
            "eps": 0.25,
            "eps_growth_year": -26.47,
            "eps_4q": 0.72,
            "eps_4q_growth_year": -53.52,
            "roe": 1.91,
            "roe_4q": 5.69,
            "gross_profit": 247966,
            "gross_margin": 4.71,
            "gross_margin_4q_avg": 4.61,
            "net_income": 205333,
            "revenue": 5263503,
            "common_shares": 8709402,
            "book_valuer_per_share": 12.81,
            "book_valuer_per_share_4q_avg": 13.81,
            "equity": 10780042,
            "current_ratio": 130.77,
            "debt_ratio": 47.32,
            "inventory_turnover_ratio": 1.31,
            "account_receivable_turnover_ratio": 1.34,
            "reinvestment_rate": 13.91,
            "research_to_sale_ratio": 0.51,
            "price_fair": 59.5,
            "eps_avg_yearly": 1.7,
            "eps_latest_yearly": 1.2,
            "eps_growth_yearly": 117.98
        },
        "20144": {
            "year_quarter": 20144,
            "year": 2014,
            "quarter": 4,
            "eps": -0.04,
            "eps_growth_year": -113.82,
            "eps_4q": 0.44,
            "eps_4q_growth_year": -68.48,
            "roe": -0.26,
            "roe_4q": 3.23,
            "gross_profit": -41511,
            "gross_margin": -0.82,
            "gross_margin_4q_avg": 3.22,
            "net_income": -28416,
            "revenue": 5040255,
            "common_shares": 8709402,
            "book_valuer_per_share": 12.72,
            "book_valuer_per_share_4q_avg": 13.48,
            "equity": 10746695,
            "current_ratio": 136.95,
            "debt_ratio": 38.39,
            "inventory_turnover_ratio": 1.45,
            "account_receivable_turnover_ratio": 1.45,
            "reinvestment_rate": 15.37,
            "research_to_sale_ratio": 0.43,
            "price_fair": 4.71,
            "eps_avg_yearly": 1.57,
            "eps_latest_yearly": 1.2,
            "eps_growth_yearly": -3.51
        },
        "20151": {
            "year_quarter": 20151,
            "year": 2015,
            "quarter": 1,
            "eps": -0.14,
            "eps_growth_year": -146.67,
            "eps_4q": 0.01,
            "eps_4q_growth_year": -99.23,
            "roe": -1.07,
            "roe_4q": 0.07999999999999985,
            "gross_profit": 75084,
            "gross_margin": 1.63,
            "gross_margin_4q_avg": 2.11,
            "net_income": -113866,
            "revenue": 4613017,
            "common_shares": 8709402,
            "book_valuer_per_share": 12.51,
            "book_valuer_per_share_4q_avg": 13.03,
            "equity": 10585631,
            "current_ratio": 123.08,
            "debt_ratio": 47.35,
            "inventory_turnover_ratio": 1.39,
            "account_receivable_turnover_ratio": 1.46,
            "reinvestment_rate": 95.47,
            "research_to_sale_ratio": 0.45,
            "price_fair": 4.16,
            "eps_avg_yearly": 1.39,
            "eps_latest_yearly": 1.2,
            "eps_growth_yearly": -6.15
        },
        "20152": {
            "year_quarter": 20152,
            "year": 2015,
            "quarter": 2,
            "eps": 0.17,
            "eps_growth_year": null,
            "eps_4q": 0.24,
            "eps_4q_growth_year": -68.59,
            "roe": 1.3,
            "roe_4q": 1.88,
            "gross_profit": 392055,
            "gross_margin": 7.81,
            "gross_margin_4q_avg": 3.33,
            "net_income": 140020,
            "revenue": 5021518,
            "common_shares": 8709402,
            "book_valuer_per_share": 12.83,
            "book_valuer_per_share_4q_avg": 12.72,
            "equity": 10884862,
            "current_ratio": 123.1,
            "debt_ratio": 49.11,
            "inventory_turnover_ratio": 1.42,
            "account_receivable_turnover_ratio": 1.6,
            "reinvestment_rate": 157.82,
            "research_to_sale_ratio": 0.43,
            "price_fair": 4.16,
            "eps_avg_yearly": 1.39,
            "eps_latest_yearly": 1.2,
            "eps_growth_yearly": -6.15
        },
        "20153": {
            "year_quarter": 20153,
            "year": 2015,
            "quarter": 3,
            "eps": 0.07,
            "eps_growth_year": -72,
            "eps_4q": 0.06,
            "eps_4q_growth_year": -91,
            "roe": 0.75,
            "roe_4q": 0.7199999999999998,
            "gross_profit": -153302,
            "gross_margin": -4.33,
            "gross_margin_4q_avg": 1.07,
            "net_income": 80994,
            "revenue": 3540428,
            "common_shares": 9144872,
            "book_valuer_per_share": 12.07,
            "book_valuer_per_share_4q_avg": 12.53,
            "equity": 10729135,
            "current_ratio": 128.8,
            "debt_ratio": 48.86,
            "inventory_turnover_ratio": 1.16,
            "account_receivable_turnover_ratio": 1.2,
            "reinvestment_rate": 195.95,
            "research_to_sale_ratio": 0.66,
            "price_fair": 3.69,
            "eps_avg_yearly": 1.23,
            "eps_latest_yearly": 0.28,
            "eps_growth_yearly": -38.88
        },
        "20154": {
            "year_quarter": 20154,
            "year": 2015,
            "quarter": 4,
            "eps": -0.07,
            "eps_growth_year": null,
            "eps_4q": 0.03,
            "eps_4q_growth_year": -94.26,
            "roe": -0.57,
            "roe_4q": 0.4099999999999999,
            "gross_profit": 73698,
            "gross_margin": 2.1,
            "gross_margin_4q_avg": 1.8,
            "net_income": -60958,
            "revenue": 3507035,
            "common_shares": 9144872,
            "book_valuer_per_share": 12.02,
            "book_valuer_per_share_4q_avg": 12.36,
            "equity": 10704564,
            "current_ratio": 123.03,
            "debt_ratio": 50.47,
            "inventory_turnover_ratio": 1.1,
            "account_receivable_turnover_ratio": 1.5,
            "reinvestment_rate": 93.62,
            "research_to_sale_ratio": 0.63,
            "price_fair": 3.69,
            "eps_avg_yearly": 1.23,
            "eps_latest_yearly": 0.28,
            "eps_growth_yearly": -38.88
        },
        "20161": {
            "year_quarter": 20161,
            "year": 2016,
            "quarter": 1,
            "eps": -0.22,
            "eps_growth_year": null,
            "eps_4q": -0.07,
            "eps_4q_growth_year": -806.88,
            "roe": -1.8,
            "roe_4q": -0.32000000000000006,
            "gross_profit": 32982,
            "gross_margin": 1.03,
            "gross_margin_4q_avg": 1.65,
            "net_income": -190719,
            "revenue": 3195263,
            "common_shares": 9144872,
            "book_valuer_per_share": 11.79,
            "book_valuer_per_share_4q_avg": 12.18,
            "equity": 10517240,
            "current_ratio": 122.15,
            "debt_ratio": 51.33,
            "inventory_turnover_ratio": 1.07,
            "account_receivable_turnover_ratio": 1.55,
            "reinvestment_rate": 109.86,
            "research_to_sale_ratio": 0.77,
            "price_fair": 3.69,
            "eps_avg_yearly": 1.23,
            "eps_latest_yearly": 0.28,
            "eps_growth_yearly": -38.88
        },
        "20162": {
            "year_quarter": 20162,
            "year": 2016,
            "quarter": 2,
            "eps": 0.08,
            "eps_growth_year": -52.94,
            "eps_4q": -0.15,
            "eps_4q_growth_year": -164.08,
            "roe": 0.63,
            "roe_4q": -0.9899999999999998,
            "gross_profit": 256579,
            "gross_margin": 7.04,
            "gross_margin_4q_avg": 1.46,
            "net_income": 66144,
            "revenue": 3645297,
            "common_shares": 9144872,
            "book_valuer_per_share": 11.7,
            "book_valuer_per_share_4q_avg": 11.9,
            "equity": 10377547,
            "current_ratio": 127.7,
            "debt_ratio": 53.05,
            "inventory_turnover_ratio": 1.24,
            "account_receivable_turnover_ratio": 1.77,
            "reinvestment_rate": 118.64,
            "research_to_sale_ratio": 0.69,
            "price_fair": 3.69,
            "eps_avg_yearly": 1.23,
            "eps_latest_yearly": 0.28,
            "eps_growth_yearly": -38.88
        },
        "20163": {
            "year_quarter": 20163,
            "year": 2016,
            "quarter": 3,
            "eps": -0.22,
            "eps_growth_year": -414.29,
            "eps_4q": -0.45,
            "eps_4q_growth_year": -800.39,
            "roe": -1.61,
            "roe_4q": -3.35,
            "gross_profit": 97779,
            "gross_margin": 2.75,
            "gross_margin_4q_avg": 3.23,
            "net_income": -165487,
            "revenue": 3552381,
            "common_shares": 9144872,
            "book_valuer_per_share": 11.45,
            "book_valuer_per_share_4q_avg": 11.74,
            "equity": 10179496,
            "current_ratio": 121.88,
            "debt_ratio": 54.09,
            "inventory_turnover_ratio": 1.41,
            "account_receivable_turnover_ratio": 1.72,
            "reinvestment_rate": 148.68,
            "research_to_sale_ratio": 0.85,
            "price_fair": 3.69,
            "eps_avg_yearly": 1.23,
            "eps_latest_yearly": 0.28,
            "eps_growth_yearly": -38.88
        },
        "20164": {
            "year_quarter": 20164,
            "year": 2016,
            "quarter": 4,
            "eps": 0.27,
            "eps_growth_year": null,
            "eps_4q": -0.1,
            "eps_4q_growth_year": -508.69,
            "roe": 2.22,
            "roe_4q": -0.5599999999999998,
            "gross_profit": 269452,
            "gross_margin": 6.93,
            "gross_margin_4q_avg": 4.44,
            "net_income": 228238,
            "revenue": 3889818,
            "common_shares": 9144872,
            "book_valuer_per_share": 11.69,
            "book_valuer_per_share_4q_avg": 11.66,
            "equity": 10368509,
            "current_ratio": 132.05,
            "debt_ratio": 53.82,
            "inventory_turnover_ratio": 1.59,
            "account_receivable_turnover_ratio": 1.85,
            "reinvestment_rate": 145.37,
            "research_to_sale_ratio": 0.8,
            "price_fair": 3.5,
            "eps_avg_yearly": 1.17,
            "eps_latest_yearly": 0.28,
            "eps_growth_yearly": -45.36
        },
        "20171": {
            "year_quarter": 20171,
            "year": 2017,
            "quarter": 1,
            "eps": -0.17,
            "eps_growth_year": null,
            "eps_4q": -0.05,
            "eps_4q_growth_year": null,
            "roe": -1.41,
            "roe_4q": -0.16999999999999982,
            "gross_profit": 387494,
            "gross_margin": 8.73,
            "gross_margin_4q_avg": 6.36,
            "net_income": -144780,
            "revenue": 4438964,
            "common_shares": 9144872,
            "book_valuer_per_share": 11.52,
            "book_valuer_per_share_4q_avg": 11.59,
            "equity": 10227520,
            "current_ratio": 132.03,
            "debt_ratio": 54.91,
            "inventory_turnover_ratio": 1.68,
            "account_receivable_turnover_ratio": 1.98,
            "reinvestment_rate": 292.79,
            "research_to_sale_ratio": 0.65,
            "price_fair": 3.02,
            "eps_avg_yearly": 1.01,
            "eps_latest_yearly": 0.28,
            "eps_growth_yearly": -72.43
        },
        "20172": {
            "year_quarter": 20172,
            "year": 2017,
            "quarter": 2,
            "eps": -0.22,
            "eps_growth_year": -375,
            "eps_4q": -0.36,
            "eps_4q_growth_year": null,
            "roe": -1.95,
            "roe_4q": -2.75,
            "gross_profit": -129958,
            "gross_margin": -3.72,
            "gross_margin_4q_avg": 3.67,
            "net_income": -197258,
            "revenue": 3492379,
            "common_shares": 9144872,
            "book_valuer_per_share": 11.3,
            "book_valuer_per_share_4q_avg": 11.49,
            "equity": 10049774,
            "current_ratio": 130.11,
            "debt_ratio": 55.51,
            "inventory_turnover_ratio": 1.36,
            "account_receivable_turnover_ratio": 1.72,
            "reinvestment_rate": 540.48,
            "research_to_sale_ratio": 0.91,
            "price_fair": 2.91,
            "eps_avg_yearly": 0.97,
            "eps_latest_yearly": 0.28,
            "eps_growth_yearly": -49.73
        },
        "20173": {
            "year_quarter": 20173,
            "year": 2017,
            "quarter": 3,
            "eps": 0.05,
            "eps_growth_year": null,
            "eps_4q": -0.09,
            "eps_4q_growth_year": null,
            "roe": 0.41,
            "roe_4q": -0.73,
            "gross_profit": 216007,
            "gross_margin": 5.25,
            "gross_margin_4q_avg": 4.3,
            "net_income": 42474,
            "revenue": 4114727,
            "common_shares": 9144872,
            "book_valuer_per_share": 11.7,
            "book_valuer_per_share_4q_avg": 11.55,
            "equity": 10479019,
            "current_ratio": 125.44,
            "debt_ratio": 55.65,
            "inventory_turnover_ratio": 1.31,
            "account_receivable_turnover_ratio": 1.94,
            "reinvestment_rate": 1293.49,
            "research_to_sale_ratio": 0.69,
            "price_fair": 2.52,
            "eps_avg_yearly": 0.84,
            "eps_latest_yearly": 0.28,
            "eps_growth_yearly": -89.29
        },
        "20174": {
            "year_quarter": 20174,
            "year": 2017,
            "quarter": 4,
            "eps": 0.14,
            "eps_growth_year": -50.51,
            "eps_4q": -0.22,
            "eps_4q_growth_year": null,
            "roe": 1.06,
            "roe_4q": -1.89,
            "gross_profit": 415075,
            "gross_margin": 9.13,
            "gross_margin_4q_avg": 4.85,
            "net_income": 113071,
            "revenue": 4545636,
            "common_shares": 9144872,
            "book_valuer_per_share": 12.07,
            "book_valuer_per_share_4q_avg": 11.65,
            "equity": 10849627,
            "current_ratio": 146.72,
            "debt_ratio": 46.8,
            "inventory_turnover_ratio": 1.34,
            "account_receivable_turnover_ratio": 1.65,
            "reinvestment_rate": 2472.67,
            "research_to_sale_ratio": 0.63,
            "price_fair": 23.8,
            "eps_avg_yearly": 0.68,
            "eps_latest_yearly": 0.56,
            "eps_growth_yearly": 182.08
        },
        "20181": {
            "year_quarter": 20181,
            "year": 2018,
            "quarter": 1,
            "eps": -0.02,
            "eps_growth_year": null,
            "eps_4q": -0.07,
            "eps_4q_growth_year": null,
            "roe": -0.17,
            "roe_4q": -0.6499999999999999,
            "gross_profit": 235072,
            "gross_margin": 4.89,
            "gross_margin_4q_avg": 3.89,
            "net_income": -18348,
            "revenue": 4803791,
            "common_shares": 9144872,
            "book_valuer_per_share": 11.94,
            "book_valuer_per_share_4q_avg": 11.75,
            "equity": 10725758,
            "current_ratio": 142.97,
            "debt_ratio": 47.4,
            "inventory_turnover_ratio": 1.53,
            "account_receivable_turnover_ratio": 1.56,
            "reinvestment_rate": null,
            "research_to_sale_ratio": 0.53,
            "price_fair": 14.7,
            "eps_avg_yearly": 0.42,
            "eps_latest_yearly": 0.56,
            "eps_growth_yearly": 242.35
        },
        "20182": {
            "year_quarter": 20182,
            "year": 2018,
            "quarter": 2,
            "eps": 0.44,
            "eps_growth_year": null,
            "eps_4q": 0.63,
            "eps_4q_growth_year": null,
            "roe": 3.54,
            "roe_4q": 4.84,
            "gross_profit": 255949,
            "gross_margin": 5.5,
            "gross_margin_4q_avg": 6.19,
            "net_income": 384785,
            "revenue": 4653615,
            "common_shares": 9144872,
            "book_valuer_per_share": 12.31,
            "book_valuer_per_share_4q_avg": 12.01,
            "equity": 11004493,
            "current_ratio": 159.25,
            "debt_ratio": 43.57,
            "inventory_turnover_ratio": 1.59,
            "account_receivable_turnover_ratio": 1.55,
            "reinvestment_rate": 22.32,
            "research_to_sale_ratio": 0.55,
            "price_fair": 14.7,
            "eps_avg_yearly": 0.42,
            "eps_latest_yearly": 0.56,
            "eps_growth_yearly": 242.35
        },
        "20183": {
            "year_quarter": 20183,
            "year": 2018,
            "quarter": 3,
            "eps": 0.11,
            "eps_growth_year": 120,
            "eps_4q": 0.7,
            "eps_4q_growth_year": null,
            "roe": 1.08,
            "roe_4q": 5.51,
            "gross_profit": 193825,
            "gross_margin": 4.25,
            "gross_margin_4q_avg": 5.94,
            "net_income": 119339,
            "revenue": 4555824,
            "common_shares": 9144872,
            "book_valuer_per_share": 12.55,
            "book_valuer_per_share_4q_avg": 12.22,
            "equity": 11136387,
            "current_ratio": 144.91,
            "debt_ratio": 46.88,
            "inventory_turnover_ratio": 1.52,
            "account_receivable_turnover_ratio": 1.57,
            "reinvestment_rate": -72.55,
            "research_to_sale_ratio": 0.74,
            "price_fair": 14.93,
            "eps_avg_yearly": 0.43,
            "eps_latest_yearly": 0.44,
            "eps_growth_yearly": 61.57
        },
        "20184": {
            "year_quarter": 20184,
            "year": 2018,
            "quarter": 4,
            "eps": -0.36,
            "eps_growth_year": -367.3,
            "eps_4q": 0.2,
            "eps_4q_growth_year": null,
            "roe": -2.76,
            "roe_4q": 1.6900000000000004,
            "gross_profit": -349097,
            "gross_margin": -9.73,
            "gross_margin_4q_avg": 1.23,
            "net_income": -299338,
            "revenue": 3586037,
            "common_shares": 9144872,
            "book_valuer_per_share": 11.9,
            "book_valuer_per_share_4q_avg": 12.18,
            "equity": 10539520,
            "current_ratio": 150.94,
            "debt_ratio": 43.98,
            "inventory_turnover_ratio": 1.19,
            "account_receivable_turnover_ratio": 1.42,
            "reinvestment_rate": null,
            "research_to_sale_ratio": 0.79,
            "price_fair": 14.93,
            "eps_avg_yearly": 0.43,
            "eps_latest_yearly": 0.44,
            "eps_growth_yearly": 61.57
        },
        "20191": {
            "year_quarter": 20191,
            "year": 2019,
            "quarter": 1,
            "eps": 0.14,
            "eps_growth_year": null,
            "eps_4q": 0.37,
            "eps_4q_growth_year": null,
            "roe": 1.14,
            "roe_4q": 3,
            "gross_profit": 251497,
            "gross_margin": 6.57,
            "gross_margin_4q_avg": 1.65,
            "net_income": 121113,
            "revenue": 3825342,
            "common_shares": 9144872,
            "book_valuer_per_share": 12.1,
            "book_valuer_per_share_4q_avg": 12.22,
            "equity": 10725750,
            "current_ratio": 148.64,
            "debt_ratio": 41.6,
            "inventory_turnover_ratio": 1.04,
            "account_receivable_turnover_ratio": 1.66,
            "reinvestment_rate": -465.98,
            "research_to_sale_ratio": 0.67,
            "price_fair": 14.93,
            "eps_avg_yearly": 0.43,
            "eps_latest_yearly": 0.44,
            "eps_growth_yearly": 61.57
        },
        "20192": {
            "year_quarter": 20192,
            "year": 2019,
            "quarter": 2,
            "eps": 0.02,
            "eps_growth_year": -95.45,
            "eps_4q": -0.08,
            "eps_4q_growth_year": -112.68,
            "roe": 0.42,
            "roe_4q": -0.11999999999999988,
            "gross_profit": -18502,
            "gross_margin": -0.47,
            "gross_margin_4q_avg": 0.16,
            "net_income": 44432,
            "revenue": 3932583,
            "common_shares": 9144872,
            "book_valuer_per_share": 11.81,
            "book_valuer_per_share_4q_avg": 12.09,
            "equity": 10483538,
            "current_ratio": 133.33,
            "debt_ratio": 45.49,
            "inventory_turnover_ratio": 1.15,
            "account_receivable_turnover_ratio": 1.66,
            "reinvestment_rate": -4592.56,
            "research_to_sale_ratio": 0.73,
            "price_fair": 1.02,
            "eps_avg_yearly": 0.34,
            "eps_latest_yearly": 0.08,
            "eps_growth_yearly": -39.54
        },
        "20193": {
            "year_quarter": 20193,
            "year": 2019,
            "quarter": 3,
            "eps": 0,
            "eps_growth_year": -100,
            "eps_4q": -0.19,
            "eps_4q_growth_year": -127.17,
            "roe": 0.03,
            "roe_4q": -1.17,
            "gross_profit": 162752,
            "gross_margin": 4.6,
            "gross_margin_4q_avg": 0.24,
            "net_income": 3014,
            "revenue": 3538628,
            "common_shares": 9144872,
            "book_valuer_per_share": 11.7,
            "book_valuer_per_share_4q_avg": 11.88,
            "equity": 10369208,
            "current_ratio": 131.51,
            "debt_ratio": 45.75,
            "inventory_turnover_ratio": 1.01,
            "account_receivable_turnover_ratio": 1.53,
            "reinvestment_rate": null,
            "research_to_sale_ratio": 1.05,
            "price_fair": 12.6,
            "eps_avg_yearly": 0.36,
            "eps_latest_yearly": 0.08,
            "eps_growth_yearly": 25.71
        },
        "20194": {
            "year_quarter": 20194,
            "year": 2019,
            "quarter": 4,
            "eps": -0.48,
            "eps_growth_year": null,
            "eps_4q": -0.3,
            "eps_4q_growth_year": -253.97,
            "roe": -4.05,
            "roe_4q": -2.46,
            "gross_profit": -17582,
            "gross_margin": -0.54,
            "gross_margin_4q_avg": 2.54,
            "net_income": -412610,
            "revenue": 3282794,
            "common_shares": 9144872,
            "book_valuer_per_share": 11.26,
            "book_valuer_per_share_4q_avg": 11.72,
            "equity": 10000535,
            "current_ratio": 123.68,
            "debt_ratio": 44.17,
            "inventory_turnover_ratio": 1.15,
            "account_receivable_turnover_ratio": 1.52,
            "reinvestment_rate": null,
            "research_to_sale_ratio": 0.75,
            "price_fair": 12.6,
            "eps_avg_yearly": 0.36,
            "eps_latest_yearly": 0.08,
            "eps_growth_yearly": 25.71
        },
        "20201": {
            "year_quarter": 20201,
            "year": 2020,
            "quarter": 1,
            "eps": -0.16,
            "eps_growth_year": -214.29,
            "eps_4q": -0.62,
            "eps_4q_growth_year": -268.54,
            "roe": -1.46,
            "roe_4q": -5.06,
            "gross_profit": -73840,
            "gross_margin": -2.55,
            "gross_margin_4q_avg": 0.26,
            "net_income": -140096,
            "revenue": 2890561,
            "common_shares": 9144872,
            "book_valuer_per_share": 10.47,
            "book_valuer_per_share_4q_avg": 11.31,
            "equity": 9184046,
            "current_ratio": 106.89,
            "debt_ratio": 47.26,
            "inventory_turnover_ratio": 1.12,
            "account_receivable_turnover_ratio": 1.54,
            "reinvestment_rate": null,
            "research_to_sale_ratio": 0.99,
            "price_fair": 12.6,
            "eps_avg_yearly": 0.36,
            "eps_latest_yearly": 0.08,
            "eps_growth_yearly": 25.71
        },
        "20202": {
            "year_quarter": 20202,
            "year": 2020,
            "quarter": 2,
            "eps": -0.25,
            "eps_growth_year": -1350,
            "eps_4q": -0.9,
            "eps_4q_growth_year": null,
            "roe": -2.34,
            "roe_4q": -7.819999999999999,
            "gross_profit": -13884,
            "gross_margin": -0.67,
            "gross_margin_4q_avg": 0.21,
            "net_income": -215466,
            "revenue": 2058544,
            "common_shares": 9144872,
            "book_valuer_per_share": 10.45,
            "book_valuer_per_share_4q_avg": 10.97,
            "equity": 9220353,
            "current_ratio": 93.85,
            "debt_ratio": 46.33,
            "inventory_turnover_ratio": 0.8,
            "account_receivable_turnover_ratio": 1.4,
            "reinvestment_rate": null,
            "research_to_sale_ratio": 1.46,
            "price_fair": 12.6,
            "eps_avg_yearly": 0.36,
            "eps_latest_yearly": 0.08,
            "eps_growth_yearly": 25.71
        },
        "20203": {
            "year_quarter": 20203,
            "year": 2020,
            "quarter": 3,
            "eps": -0.11,
            "eps_growth_year": null,
            "eps_4q": -1.02,
            "eps_4q_growth_year": null,
            "roe": -1.03,
            "roe_4q": -8.879999999999999,
            "gross_profit": 63125,
            "gross_margin": 1.78,
            "gross_margin_4q_avg": -0.5,
            "net_income": -98966,
            "revenue": 3556147,
            "common_shares": 9144872,
            "book_valuer_per_share": 11.1,
            "book_valuer_per_share_4q_avg": 10.82,
            "equity": 10018293,
            "current_ratio": 108.27,
            "debt_ratio": 45.45,
            "inventory_turnover_ratio": 1.51,
            "account_receivable_turnover_ratio": 2.25,
            "reinvestment_rate": null,
            "research_to_sale_ratio": 0.86,
            "price_fair": 12.6,
            "eps_avg_yearly": 0.36,
            "eps_latest_yearly": 0.08,
            "eps_growth_yearly": 25.71
        },
        "20204": {
            "year_quarter": 20204,
            "year": 2020,
            "quarter": 4,
            "eps": 0.05,
            "eps_growth_year": null,
            "eps_4q": -0.5,
            "eps_4q_growth_year": null,
            "roe": 0.39,
            "roe_4q": -4.4399999999999995,
            "gross_profit": 259408,
            "gross_margin": 5.13,
            "gross_margin_4q_avg": 0.92,
            "net_income": 40195,
            "revenue": 5054209,
            "common_shares": 9144872,
            "book_valuer_per_share": 11.51,
            "book_valuer_per_share_4q_avg": 10.88,
            "equity": 10429215,
            "current_ratio": 130.94,
            "debt_ratio": 41.56,
            "inventory_turnover_ratio": 2.23,
            "account_receivable_turnover_ratio": 2.49,
            "reinvestment_rate": null,
            "research_to_sale_ratio": 0.45,
            "price_fair": 12.6,
            "eps_avg_yearly": 0.36,
            "eps_latest_yearly": 0.08,
            "eps_growth_yearly": 25.71
        },
        "20211": {
            "year_quarter": 20211,
            "year": 2021,
            "quarter": 1,
            "eps": 0.18,
            "eps_growth_year": null,
            "eps_4q": -0.15,
            "eps_4q_growth_year": null,
            "roe": 1.48,
            "roe_4q": -1.4999999999999998,
            "gross_profit": 386440,
            "gross_margin": 6.57,
            "gross_margin_4q_avg": 3.2,
            "net_income": 153997,
            "revenue": 5878346,
            "common_shares": 9144872,
            "book_valuer_per_share": 11.48,
            "book_valuer_per_share_4q_avg": 11.14,
            "equity": 10337212,
            "current_ratio": 139.15,
            "debt_ratio": 40.81,
            "inventory_turnover_ratio": 2.49,
            "account_receivable_turnover_ratio": 2.82,
            "reinvestment_rate": null,
            "research_to_sale_ratio": 0.43,
            "price_fair": 15.75,
            "eps_avg_yearly": 0.45,
            "eps_latest_yearly": 0.72,
            "eps_growth_yearly": 279.29
        },
        "20212": {
            "year_quarter": 20212,
            "year": 2021,
            "quarter": 2,
            "eps": 0.13,
            "eps_growth_year": null,
            "eps_4q": 0.24,
            "eps_4q_growth_year": null,
            "roe": 1.02,
            "roe_4q": 1.86,
            "gross_profit": 368877,
            "gross_margin": 6.02,
            "gross_margin_4q_avg": 4.88,
            "net_income": 110161,
            "revenue": 6128858,
            "common_shares": 9144872,
            "book_valuer_per_share": 11.99,
            "book_valuer_per_share_4q_avg": 11.52,
            "equity": 11181216,
            "current_ratio": 137.3,
            "debt_ratio": 40.44,
            "inventory_turnover_ratio": 2.33,
            "account_receivable_turnover_ratio": 2.52,
            "reinvestment_rate": null,
            "research_to_sale_ratio": 0.52,
            "price_fair": 16.24,
            "eps_avg_yearly": 0.46,
            "eps_latest_yearly": 0.52,
            "eps_growth_yearly": 201.21
        },
        "20213": {
            "year_quarter": 20213,
            "year": 2021,
            "quarter": 3,
            "eps": 0.01,
            "eps_growth_year": null,
            "eps_4q": 0.37,
            "eps_4q_growth_year": null,
            "roe": 0.11,
            "roe_4q": 3.0000000000000004,
            "gross_profit": 175896,
            "gross_margin": 3.15,
            "gross_margin_4q_avg": 5.22,
            "net_income": 11676,
            "revenue": 5589132,
            "common_shares": 9144872,
            "book_valuer_per_share": 11.77,
            "book_valuer_per_share_4q_avg": 11.69,
            "equity": 10947739,
            "current_ratio": 139.74,
            "debt_ratio": 40.58,
            "inventory_turnover_ratio": 1.84,
            "account_receivable_turnover_ratio": 2.38,
            "reinvestment_rate": null,
            "research_to_sale_ratio": 0.45,
            "price_fair": 13.77,
            "eps_avg_yearly": 0.39,
            "eps_latest_yearly": 0.04,
            "eps_growth_yearly": 106.13
        },
        "20214": {
            "year_quarter": 20214,
            "year": 2021,
            "quarter": 4,
            "eps": -0.01,
            "eps_growth_year": -111.04,
            "eps_4q": 0.32,
            "eps_4q_growth_year": null,
            "roe": -0,
            "roe_4q": 2.6100000000000003,
            "gross_profit": 210108,
            "gross_margin": 3.16,
            "gross_margin_4q_avg": 4.73,
            "net_income": -66,
            "revenue": 6656100,
            "common_shares": 9144872,
            "book_valuer_per_share": 11.45,
            "book_valuer_per_share_4q_avg": 11.67,
            "equity": 10603522,
            "current_ratio": 128.99,
            "debt_ratio": 46.33,
            "inventory_turnover_ratio": 2,
            "account_receivable_turnover_ratio": 2.68,
            "reinvestment_rate": null,
            "research_to_sale_ratio": 0.42,
            "price_fair": 1.08,
            "eps_avg_yearly": 0.36,
            "eps_latest_yearly": 0.04,
            "eps_growth_yearly": -16.64
        },
        "20221": {
            "year_quarter": 20221,
            "year": 2022,
            "quarter": 1,
            "eps": 0.13,
            "eps_growth_year": -27.78,
            "eps_4q": 0.27,
            "eps_4q_growth_year": null,
            "roe": 1.06,
            "roe_4q": 2.1900000000000004,
            "gross_profit": 271435,
            "gross_margin": 4.26,
            "gross_margin_4q_avg": 4.15,
            "net_income": 113400,
            "revenue": 6366948,
            "common_shares": 9144872,
            "book_valuer_per_share": 11.54,
            "book_valuer_per_share_4q_avg": 11.69,
            "equity": 10718621,
            "current_ratio": 129.08,
            "debt_ratio": 46.22,
            "inventory_turnover_ratio": 1.81,
            "account_receivable_turnover_ratio": 2.06,
            "reinvestment_rate": null,
            "research_to_sale_ratio": 0.35,
            "price_fair": 1.08,
            "eps_avg_yearly": 0.36,
            "eps_latest_yearly": 0.04,
            "eps_growth_yearly": -16.64
        },
        "20222": {
            "year_quarter": 20222,
            "year": 2022,
            "quarter": 2,
            "eps": 0.22,
            "eps_growth_year": 69.23,
            "eps_4q": 0.37,
            "eps_4q_growth_year": 52,
            "roe": 1.79,
            "roe_4q": 2.96,
            "gross_profit": 341531,
            "gross_margin": 4.41,
            "gross_margin_4q_avg": 3.75,
            "net_income": 191969,
            "revenue": 7742554,
            "common_shares": 9144872,
            "book_valuer_per_share": 11.55,
            "book_valuer_per_share_4q_avg": 11.58,
            "equity": 10681254,
            "current_ratio": 132.86,
            "debt_ratio": 49.04,
            "inventory_turnover_ratio": 1.93,
            "account_receivable_turnover_ratio": 2.89,
            "reinvestment_rate": null,
            "research_to_sale_ratio": 0.27,
            "price_fair": 15.63,
            "eps_avg_yearly": 0.45,
            "eps_latest_yearly": 0.88,
            "eps_growth_yearly": 32.29
        },
        "20223": {
            "year_quarter": 20223,
            "year": 2022,
            "quarter": 3,
            "eps": -0.06,
            "eps_growth_year": -700,
            "eps_4q": 0.29,
            "eps_4q_growth_year": -21.47,
            "roe": -0.31,
            "roe_4q": 2.54,
            "gross_profit": -140392,
            "gross_margin": -1.93,
            "gross_margin_4q_avg": 2.48,
            "net_income": -33203,
            "revenue": 7274214,
            "common_shares": 9144872,
            "book_valuer_per_share": 11.61,
            "book_valuer_per_share_4q_avg": 11.54,
            "equity": 10775727,
            "current_ratio": 134.14,
            "debt_ratio": 45.09,
            "inventory_turnover_ratio": 1.91,
            "account_receivable_turnover_ratio": 4.31,
            "reinvestment_rate": null,
            "research_to_sale_ratio": 0.35,
            "price_fair": 15.68,
            "eps_avg_yearly": 0.45,
            "eps_latest_yearly": 0.88,
            "eps_growth_yearly": 98.74
        },
        "20224": {
            "year_quarter": 20224,
            "year": 2022,
            "quarter": 4,
            "eps": -0.34,
            "eps_growth_year": null,
            "eps_4q": -0.04,
            "eps_4q_growth_year": -113.75,
            "roe": -2.75,
            "roe_4q": -0.20999999999999996,
            "gross_profit": 33623,
            "gross_margin": 0.47,
            "gross_margin_4q_avg": 1.8,
            "net_income": -290082,
            "revenue": 7117677,
            "common_shares": 9144872,
            "book_valuer_per_share": 11.1,
            "book_valuer_per_share_4q_avg": 11.45,
            "equity": 10296633,
            "current_ratio": 126.88,
            "debt_ratio": 47.74,
            "inventory_turnover_ratio": 2.06,
            "account_receivable_turnover_ratio": 3.82,
            "reinvestment_rate": null,
            "research_to_sale_ratio": 0.36,
            "price_fair": 15.68,
            "eps_avg_yearly": 0.45,
            "eps_latest_yearly": 0.88,
            "eps_growth_yearly": 98.74
        },
        "20231": {
            "year_quarter": 20231,
            "year": 2023,
            "quarter": 1,
            "eps": -0.1,
            "eps_growth_year": -176.92,
            "eps_4q": -0.28,
            "eps_4q_growth_year": -203.03,
            "roe": -0.8,
            "roe_4q": -2.07,
            "gross_profit": 104266,
            "gross_margin": 1.23,
            "gross_margin_4q_avg": 1.05,
            "net_income": -82435,
            "revenue": 8486152,
            "common_shares": 9144872,
            "book_valuer_per_share": 11.07,
            "book_valuer_per_share_4q_avg": 11.33,
            "equity": 10281664,
            "current_ratio": 128.33,
            "debt_ratio": 47.3,
            "inventory_turnover_ratio": 2.8,
            "account_receivable_turnover_ratio": 3.12,
            "reinvestment_rate": null,
            "research_to_sale_ratio": 0.3,
            "price_fair": 15.68,
            "eps_avg_yearly": 0.45,
            "eps_latest_yearly": 0.88,
            "eps_growth_yearly": 98.74
        }
    },
    "months": {
        "2001-06": {
            "month": "2001-06",
            "price": "3.23",
            "revenue": 721726
        },
        "2001-07": {
            "month": "2001-07",
            "price": "2.69",
            "revenue": 724113
        },
        "2001-08": {
            "month": "2001-08",
            "price": "3.11",
            "revenue": 794772
        },
        "2001-09": {
            "month": "2001-09",
            "price": "3.12",
            "revenue": 626747
        },
        "2001-10": {
            "month": "2001-10",
            "price": "2.88",
            "revenue": 687864
        },
        "2001-11": {
            "month": "2001-11",
            "price": "2.88",
            "revenue": 662321
        },
        "2001-12": {
            "month": "2001-12",
            "price": "3.10",
            "revenue": 571597
        },
        "2002-01": {
            "month": "2002-01",
            "price": "3.80",
            "revenue": 683360
        },
        "2002-02": {
            "month": "2002-02",
            "price": "4.02",
            "revenue": 511077
        },
        "2002-03": {
            "month": "2002-03",
            "price": "5.50",
            "revenue": 740382
        },
        "2002-04": {
            "month": "2002-04",
            "price": "7.01",
            "revenue": 795327
        },
        "2002-05": {
            "month": "2002-05",
            "price": "6.60",
            "revenue": 823283
        },
        "2002-06": {
            "month": "2002-06",
            "price": "6.21",
            "revenue": 658587
        },
        "2002-07": {
            "month": "2002-07",
            "price": "6.16",
            "revenue": 626767
        },
        "2002-08": {
            "month": "2002-08",
            "price": "5.56",
            "revenue": 622901
        },
        "2002-09": {
            "month": "2002-09",
            "price": "5.00",
            "revenue": 664990
        },
        "2002-10": {
            "month": "2002-10",
            "price": "4.39",
            "revenue": 650639
        },
        "2002-11": {
            "month": "2002-11",
            "price": "5.12",
            "revenue": 591636
        },
        "2002-12": {
            "month": "2002-12",
            "price": "5.44",
            "revenue": 599384
        },
        "2003-01": {
            "month": "2003-01",
            "price": "7.04",
            "revenue": 720424
        },
        "2003-02": {
            "month": "2003-02",
            "price": "5.94",
            "revenue": 633715
        },
        "2003-03": {
            "month": "2003-03",
            "price": "4.85",
            "revenue": 665024
        },
        "2003-04": {
            "month": "2003-04",
            "price": "4.58",
            "revenue": 642108
        },
        "2003-05": {
            "month": "2003-05",
            "price": "4.03",
            "revenue": 736637
        },
        "2003-06": {
            "month": "2003-06",
            "price": "4.68",
            "revenue": 720554
        },
        "2003-07": {
            "month": "2003-07",
            "price": "5.07",
            "revenue": 807284
        },
        "2003-08": {
            "month": "2003-08",
            "price": "4.93",
            "revenue": 706508
        },
        "2003-09": {
            "month": "2003-09",
            "price": "4.58",
            "revenue": 663694
        },
        "2003-10": {
            "month": "2003-10",
            "price": "5.23",
            "revenue": 597666
        },
        "2003-11": {
            "month": "2003-11",
            "price": "6.26",
            "revenue": 595905
        },
        "2003-12": {
            "month": "2003-12",
            "price": "5.93",
            "revenue": 786341
        },
        "2004-01": {
            "month": "2004-01",
            "price": "6.62",
            "revenue": 677202
        },
        "2004-02": {
            "month": "2004-02",
            "price": "7.19",
            "revenue": 707116
        },
        "2004-03": {
            "month": "2004-03",
            "price": "6.80",
            "revenue": 757993
        },
        "2004-04": {
            "month": "2004-04",
            "price": "6.86",
            "revenue": 728462
        },
        "2004-05": {
            "month": "2004-05",
            "price": "5.94",
            "revenue": 822949
        },
        "2004-06": {
            "month": "2004-06",
            "price": "5.84",
            "revenue": 915241
        },
        "2004-07": {
            "month": "2004-07",
            "price": "5.94",
            "revenue": 903234
        },
        "2004-08": {
            "month": "2004-08",
            "price": "6.63",
            "revenue": 859459
        },
        "2004-09": {
            "month": "2004-09",
            "price": "8.83",
            "revenue": 842803
        },
        "2004-10": {
            "month": "2004-10",
            "price": "8.61",
            "revenue": 987663
        },
        "2004-11": {
            "month": "2004-11",
            "price": "9.38",
            "revenue": 947904
        },
        "2004-12": {
            "month": "2004-12",
            "price": "9.78",
            "revenue": 740702
        },
        "2005-01": {
            "month": "2005-01",
            "price": "9.67",
            "revenue": 983491
        },
        "2005-02": {
            "month": "2005-02",
            "price": "9.62",
            "revenue": 1002197
        },
        "2005-03": {
            "month": "2005-03",
            "price": "9.68",
            "revenue": 1306406
        },
        "2005-04": {
            "month": "2005-04",
            "price": "8.56",
            "revenue": 927162
        },
        "2005-05": {
            "month": "2005-05",
            "price": "7.05",
            "revenue": 837150
        },
        "2005-06": {
            "month": "2005-06",
            "price": "7.15",
            "revenue": 1320185
        },
        "2005-07": {
            "month": "2005-07",
            "price": "7.11",
            "revenue": 1351835
        },
        "2005-08": {
            "month": "2005-08",
            "price": "7.22",
            "revenue": 1268503
        },
        "2005-09": {
            "month": "2005-09",
            "price": "7.41",
            "revenue": 1322626
        },
        "2005-10": {
            "month": "2005-10",
            "price": "7.11",
            "revenue": 871081
        },
        "2005-11": {
            "month": "2005-11",
            "price": "6.03",
            "revenue": 880871
        },
        "2005-12": {
            "month": "2005-12",
            "price": "6.17",
            "revenue": 1353705
        },
        "2006-01": {
            "month": "2006-01",
            "price": "6.20",
            "revenue": 1273090
        },
        "2006-02": {
            "month": "2006-02",
            "price": "5.93",
            "revenue": 1288284
        },
        "2006-03": {
            "month": "2006-03",
            "price": "5.31",
            "revenue": 1344684
        },
        "2006-04": {
            "month": "2006-04",
            "price": "5.69",
            "revenue": 1274805
        },
        "2006-05": {
            "month": "2006-05",
            "price": "6.55",
            "revenue": 1333441
        },
        "2006-06": {
            "month": "2006-06",
            "price": "5.91",
            "revenue": 1497044
        },
        "2006-07": {
            "month": "2006-07",
            "price": "5.92",
            "revenue": 1554587
        },
        "2006-08": {
            "month": "2006-08",
            "price": "5.97",
            "revenue": 1592288
        },
        "2006-09": {
            "month": "2006-09",
            "price": "5.94",
            "revenue": 1306351
        },
        "2006-10": {
            "month": "2006-10",
            "price": "6.85",
            "revenue": 1326046
        },
        "2006-11": {
            "month": "2006-11",
            "price": "7.99",
            "revenue": 1629943
        },
        "2006-12": {
            "month": "2006-12",
            "price": "9.46",
            "revenue": 1679854
        },
        "2007-01": {
            "month": "2007-01",
            "price": "9.42",
            "revenue": 1807752
        },
        "2007-02": {
            "month": "2007-02",
            "price": "9.65",
            "revenue": 1444762
        },
        "2007-03": {
            "month": "2007-03",
            "price": "10.87",
            "revenue": 1965853
        },
        "2007-04": {
            "month": "2007-04",
            "price": "12.47",
            "revenue": 1613839
        },
        "2007-05": {
            "month": "2007-05",
            "price": "11.57",
            "revenue": 1852732
        },
        "2007-06": {
            "month": "2007-06",
            "price": "11.43",
            "revenue": 1878202
        },
        "2007-07": {
            "month": "2007-07",
            "price": "12.90",
            "revenue": 1742050
        },
        "2007-08": {
            "month": "2007-08",
            "price": "13.75",
            "revenue": 2106357
        },
        "2007-09": {
            "month": "2007-09",
            "price": "13.54",
            "revenue": 2270032
        },
        "2007-10": {
            "month": "2007-10",
            "price": "12.87",
            "revenue": 2163839
        },
        "2007-11": {
            "month": "2007-11",
            "price": "9.04",
            "revenue": 1954436
        },
        "2007-12": {
            "month": "2007-12",
            "price": "7.71",
            "revenue": 1708183
        },
        "2008-01": {
            "month": "2008-01",
            "price": "8.37",
            "revenue": 2036910
        },
        "2008-02": {
            "month": "2008-02",
            "price": "9.17",
            "revenue": 1415371
        },
        "2008-03": {
            "month": "2008-03",
            "price": "9.74",
            "revenue": 2705596
        },
        "2008-04": {
            "month": "2008-04",
            "price": "10.35",
            "revenue": 2040028
        },
        "2008-05": {
            "month": "2008-05",
            "price": "9.89",
            "revenue": 2023067
        },
        "2008-06": {
            "month": "2008-06",
            "price": "7.91",
            "revenue": 2021769
        },
        "2008-07": {
            "month": "2008-07",
            "price": "6.06",
            "revenue": 2215775
        },
        "2008-08": {
            "month": "2008-08",
            "price": "5.88",
            "revenue": 1790745
        },
        "2008-09": {
            "month": "2008-09",
            "price": "4.30",
            "revenue": 1432246
        },
        "2008-10": {
            "month": "2008-10",
            "price": "3.46",
            "revenue": 965402
        },
        "2008-11": {
            "month": "2008-11",
            "price": "3.31",
            "revenue": 591302
        },
        "2008-12": {
            "month": "2008-12",
            "price": "3.27",
            "revenue": 1234387
        },
        "2009-01": {
            "month": "2009-01",
            "price": "3.21",
            "revenue": 833338
        },
        "2009-02": {
            "month": "2009-02",
            "price": "3.18",
            "revenue": 1369410
        },
        "2009-03": {
            "month": "2009-03",
            "price": "3.84",
            "revenue": 1607632
        },
        "2009-04": {
            "month": "2009-04",
            "price": "4.81",
            "revenue": 1303826
        },
        "2009-05": {
            "month": "2009-05",
            "price": "5.33",
            "revenue": 1303022
        },
        "2009-06": {
            "month": "2009-06",
            "price": "5.53",
            "revenue": 1574513
        },
        "2009-07": {
            "month": "2009-07",
            "price": "7.01",
            "revenue": 1641970
        },
        "2009-08": {
            "month": "2009-08",
            "price": "10.28",
            "revenue": 1685923
        },
        "2009-09": {
            "month": "2009-09",
            "price": "10.31",
            "revenue": 1666079
        },
        "2009-10": {
            "month": "2009-10",
            "price": "12.23",
            "revenue": 1236121
        },
        "2009-11": {
            "month": "2009-11",
            "price": "13.47",
            "revenue": 1804883
        },
        "2009-12": {
            "month": "2009-12",
            "price": "13.49",
            "revenue": 2180004
        },
        "2010-01": {
            "month": "2010-01",
            "price": "14.58",
            "revenue": 2081496
        },
        "2010-02": {
            "month": "2010-02",
            "price": "12.78",
            "revenue": 1501757
        },
        "2010-03": {
            "month": "2010-03",
            "price": "14.97",
            "revenue": 2589575
        },
        "2010-04": {
            "month": "2010-04",
            "price": "16.40",
            "revenue": 2296089
        },
        "2010-05": {
            "month": "2010-05",
            "price": "15.63",
            "revenue": 1554343
        },
        "2010-06": {
            "month": "2010-06",
            "price": "13.91",
            "revenue": 1128028
        },
        "2010-07": {
            "month": "2010-07",
            "price": "13.32",
            "revenue": 1426489
        },
        "2010-08": {
            "month": "2010-08",
            "price": "14.75",
            "revenue": 2364273
        },
        "2010-09": {
            "month": "2010-09",
            "price": "15.47",
            "revenue": 2247993
        },
        "2010-10": {
            "month": "2010-10",
            "price": "16.15",
            "revenue": 2481949
        },
        "2010-11": {
            "month": "2010-11",
            "price": "15.59",
            "revenue": 2340295
        },
        "2010-12": {
            "month": "2010-12",
            "price": "15.69",
            "revenue": 2061361
        },
        "2011-01": {
            "month": "2011-01",
            "price": "15.90",
            "revenue": 2031995
        },
        "2011-02": {
            "month": "2011-02",
            "price": "18.58",
            "revenue": 1473527
        },
        "2011-03": {
            "month": "2011-03",
            "price": "15.63",
            "revenue": 2958764
        },
        "2011-04": {
            "month": "2011-04",
            "price": "15.29",
            "revenue": 1827268
        },
        "2011-05": {
            "month": "2011-05",
            "price": "14.51",
            "revenue": 1365317
        },
        "2011-06": {
            "month": "2011-06",
            "price": "13.97",
            "revenue": 2173134
        },
        "2011-07": {
            "month": "2011-07",
            "price": "14.97",
            "revenue": 2771343
        },
        "2011-08": {
            "month": "2011-08",
            "price": "12.89",
            "revenue": 3097630
        },
        "2011-09": {
            "month": "2011-09",
            "price": "11.46",
            "revenue": 2633904
        },
        "2011-10": {
            "month": "2011-10",
            "price": "10.02",
            "revenue": 961328
        },
        "2011-11": {
            "month": "2011-11",
            "price": "8.97",
            "revenue": 1867862
        },
        "2011-12": {
            "month": "2011-12",
            "price": "7.76",
            "revenue": 2239308
        },
        "2012-01": {
            "month": "2012-01",
            "price": "10.07",
            "revenue": 2225463
        },
        "2012-02": {
            "month": "2012-02",
            "price": "12.09",
            "revenue": 2514013
        },
        "2012-03": {
            "month": "2012-03",
            "price": "11.52",
            "revenue": 1929129
        },
        "2012-04": {
            "month": "2012-04",
            "price": "9.01",
            "revenue": 1722757
        },
        "2012-05": {
            "month": "2012-05",
            "price": "8.68",
            "revenue": 2358604
        },
        "2012-06": {
            "month": "2012-06",
            "price": "8.64",
            "revenue": 1764258
        },
        "2012-07": {
            "month": "2012-07",
            "price": "8.56",
            "revenue": 2312160
        },
        "2012-08": {
            "month": "2012-08",
            "price": "8.77",
            "revenue": 2345493
        },
        "2012-09": {
            "month": "2012-09",
            "price": "9.05",
            "revenue": 2463718
        },
        "2012-10": {
            "month": "2012-10",
            "price": "9.22",
            "revenue": 2132355
        },
        "2012-11": {
            "month": "2012-11",
            "price": "8.27",
            "revenue": 1602200
        },
        "2012-12": {
            "month": "2012-12",
            "price": "9.44",
            "revenue": 2408260
        },
        "2013-01": {
            "month": "2013-01",
            "price": "10.35",
            "revenue": 2510288
        },
        "2013-02": {
            "month": "2013-02",
            "price": "10.41",
            "revenue": 2087232
        },
        "2013-03": {
            "month": "2013-03",
            "price": "10.33",
            "revenue": 2202433
        },
        "2013-04": {
            "month": "2013-04",
            "price": "10.52",
            "revenue": 1352337
        },
        "2013-05": {
            "month": "2013-05",
            "price": "11.74",
            "revenue": 2576586
        },
        "2013-06": {
            "month": "2013-06",
            "price": "12.75",
            "revenue": 2542300
        },
        "2013-07": {
            "month": "2013-07",
            "price": "12.35",
            "revenue": 2089900
        },
        "2013-08": {
            "month": "2013-08",
            "price": "11.65",
            "revenue": 2054085
        },
        "2013-09": {
            "month": "2013-09",
            "price": "12.96",
            "revenue": 2354607
        },
        "2013-10": {
            "month": "2013-10",
            "price": "15.23",
            "revenue": 2450843
        },
        "2013-11": {
            "month": "2013-11",
            "price": "14.32",
            "revenue": 2142516
        },
        "2013-12": {
            "month": "2013-12",
            "price": "14.80",
            "revenue": 2140551
        },
        "2014-01": {
            "month": "2014-01",
            "price": "14.12",
            "revenue": 2300243
        },
        "2014-02": {
            "month": "2014-02",
            "price": "14.23",
            "revenue": 1684451
        },
        "2014-03": {
            "month": "2014-03",
            "price": "14.05",
            "revenue": 1992260
        },
        "2014-04": {
            "month": "2014-04",
            "price": "14.61",
            "revenue": 2102664
        },
        "2014-05": {
            "month": "2014-05",
            "price": "13.86",
            "revenue": 2176599
        },
        "2014-06": {
            "month": "2014-06",
            "price": "13.41",
            "revenue": 1802963
        },
        "2014-07": {
            "month": "2014-07",
            "price": "13.00",
            "revenue": 1876370
        },
        "2014-08": {
            "month": "2014-08",
            "price": "10.83",
            "revenue": 1733307
        },
        "2014-09": {
            "month": "2014-09",
            "price": "10.29",
            "revenue": 1653927
        },
        "2014-10": {
            "month": "2014-10",
            "price": "10.58",
            "revenue": 1734514
        },
        "2014-11": {
            "month": "2014-11",
            "price": "10.33",
            "revenue": 1642771
        },
        "2014-12": {
            "month": "2014-12",
            "price": "11.09",
            "revenue": 1662591
        },
        "2015-01": {
            "month": "2015-01",
            "price": "11.99",
            "revenue": 1501206
        },
        "2015-02": {
            "month": "2015-02",
            "price": "11.48",
            "revenue": 1201921
        },
        "2015-03": {
            "month": "2015-03",
            "price": "11.37",
            "revenue": 1909876
        },
        "2015-04": {
            "month": "2015-04",
            "price": "10.92",
            "revenue": 1887494
        },
        "2015-05": {
            "month": "2015-05",
            "price": "10.52",
            "revenue": 1635353
        },
        "2015-06": {
            "month": "2015-06",
            "price": "10.12",
            "revenue": 1497168
        },
        "2015-07": {
            "month": "2015-07",
            "price": "9.06",
            "revenue": 1122588
        },
        "2015-08": {
            "month": "2015-08",
            "price": "7.91",
            "revenue": 1116019
        },
        "2015-09": {
            "month": "2015-09",
            "price": "8.42",
            "revenue": 1303340
        },
        "2015-10": {
            "month": "2015-10",
            "price": "9.21",
            "revenue": 1322172
        },
        "2015-11": {
            "month": "2015-11",
            "price": "8.79",
            "revenue": 1158887
        },
        "2015-12": {
            "month": "2015-12",
            "price": "8.23",
            "revenue": 1026066
        },
        "2016-01": {
            "month": "2016-01",
            "price": "7.77",
            "revenue": 962897
        },
        "2016-02": {
            "month": "2016-02",
            "price": "8.02",
            "revenue": 873174
        },
        "2016-03": {
            "month": "2016-03",
            "price": "8.61",
            "revenue": 1359182
        },
        "2016-04": {
            "month": "2016-04",
            "price": "8.06",
            "revenue": 1391017
        },
        "2016-05": {
            "month": "2016-05",
            "price": "7.44",
            "revenue": 1119019
        },
        "2016-06": {
            "month": "2016-06",
            "price": "6.97",
            "revenue": 1135185
        },
        "2016-07": {
            "month": "2016-07",
            "price": "7.24",
            "revenue": 1143447
        },
        "2016-08": {
            "month": "2016-08",
            "price": "7.76",
            "revenue": 1339542
        },
        "2016-09": {
            "month": "2016-09",
            "price": "7.64",
            "revenue": 1069477
        },
        "2016-10": {
            "month": "2016-10",
            "price": "7.34",
            "revenue": 1197465
        },
        "2016-11": {
            "month": "2016-11",
            "price": "7.08",
            "revenue": 1233921
        },
        "2016-12": {
            "month": "2016-12",
            "price": "8.25",
            "revenue": 1458432
        },
        "2017-01": {
            "month": "2017-01",
            "price": "8.31",
            "revenue": 1336833
        },
        "2017-02": {
            "month": "2017-02",
            "price": "8.98",
            "revenue": 1549027
        },
        "2017-03": {
            "month": "2017-03",
            "price": "8.52",
            "revenue": 1553152
        },
        "2017-04": {
            "month": "2017-04",
            "price": "8.04",
            "revenue": 1060877
        },
        "2017-05": {
            "month": "2017-05",
            "price": "7.51",
            "revenue": 1080660
        },
        "2017-06": {
            "month": "2017-06",
            "price": "7.92",
            "revenue": 1352873
        },
        "2017-07": {
            "month": "2017-07",
            "price": "8.42",
            "revenue": 1223377
        },
        "2017-08": {
            "month": "2017-08",
            "price": "8.19",
            "revenue": 1489509
        },
        "2017-09": {
            "month": "2017-09",
            "price": "8.27",
            "revenue": 1399184
        },
        "2017-10": {
            "month": "2017-10",
            "price": "8.70",
            "revenue": 1758395
        },
        "2017-11": {
            "month": "2017-11",
            "price": "8.61",
            "revenue": 1500975
        },
        "2017-12": {
            "month": "2017-12",
            "price": "8.78",
            "revenue": 1286847
        },
        "2018-01": {
            "month": "2018-01",
            "price": "8.98",
            "revenue": 1640770
        },
        "2018-02": {
            "month": "2018-02",
            "price": "8.12",
            "revenue": 1289730
        },
        "2018-03": {
            "month": "2018-03",
            "price": "7.99",
            "revenue": 1869899
        },
        "2018-04": {
            "month": "2018-04",
            "price": "8.12",
            "revenue": 1583088
        },
        "2018-05": {
            "month": "2018-05",
            "price": "8.35",
            "revenue": 1651811
        },
        "2018-06": {
            "month": "2018-06",
            "price": "8.38",
            "revenue": 1421013
        },
        "2018-07": {
            "month": "2018-07",
            "price": "7.98",
            "revenue": 1464842
        },
        "2018-08": {
            "month": "2018-08",
            "price": "8.93",
            "revenue": 1507242
        },
        "2018-09": {
            "month": "2018-09",
            "price": "9.12",
            "revenue": 1584835
        },
        "2018-10": {
            "month": "2018-10",
            "price": "8.48",
            "revenue": 1518404
        },
        "2018-11": {
            "month": "2018-11",
            "price": "8.16",
            "revenue": 1062116
        },
        "2018-12": {
            "month": "2018-12",
            "price": "8.06",
            "revenue": 1005482
        },
        "2019-01": {
            "month": "2019-01",
            "price": "7.82",
            "revenue": 1262287
        },
        "2019-02": {
            "month": "2019-02",
            "price": "7.82",
            "revenue": 1143378
        },
        "2019-03": {
            "month": "2019-03",
            "price": "7.81",
            "revenue": 1419677
        },
        "2019-04": {
            "month": "2019-04",
            "price": "7.62",
            "revenue": 1422954
        },
        "2019-05": {
            "month": "2019-05",
            "price": "7.27",
            "revenue": 1423554
        },
        "2019-06": {
            "month": "2019-06",
            "price": "7.48",
            "revenue": 1086075
        },
        "2019-07": {
            "month": "2019-07",
            "price": "7.30",
            "revenue": 1332260
        },
        "2019-08": {
            "month": "2019-08",
            "price": "6.96",
            "revenue": 1074439
        },
        "2019-09": {
            "month": "2019-09",
            "price": "7.04",
            "revenue": 1131932
        },
        "2019-10": {
            "month": "2019-10",
            "price": "7.00",
            "revenue": 1143626
        },
        "2019-11": {
            "month": "2019-11",
            "price": "6.92",
            "revenue": 964471
        },
        "2019-12": {
            "month": "2019-12",
            "price": "7.03",
            "revenue": 1174694
        },
        "2020-01": {
            "month": "2020-01",
            "price": "6.91",
            "revenue": 879978
        },
        "2020-02": {
            "month": "2020-02",
            "price": "6.72",
            "revenue": 1043140
        },
        "2020-03": {
            "month": "2020-03",
            "price": "5.54",
            "revenue": 967469
        },
        "2020-04": {
            "month": "2020-04",
            "price": "5.80",
            "revenue": 652727
        },
        "2020-05": {
            "month": "2020-05",
            "price": "5.85",
            "revenue": 674463
        },
        "2020-06": {
            "month": "2020-06",
            "price": "6.44",
            "revenue": 731202
        },
        "2020-07": {
            "month": "2020-07",
            "price": "6.37",
            "revenue": 622904
        },
        "2020-08": {
            "month": "2020-08",
            "price": "6.57",
            "revenue": 960407
        },
        "2020-09": {
            "month": "2020-09",
            "price": "6.83",
            "revenue": 1972834
        },
        "2020-10": {
            "month": "2020-10",
            "price": "7.90",
            "revenue": 1880469
        },
        "2020-11": {
            "month": "2020-11",
            "price": "7.85",
            "revenue": 1736512
        },
        "2020-12": {
            "month": "2020-12",
            "price": "8.51",
            "revenue": 1437353
        },
        "2021-01": {
            "month": "2021-01",
            "price": "8.47",
            "revenue": 1703830
        },
        "2021-02": {
            "month": "2021-02",
            "price": "8.42",
            "revenue": 1875926
        },
        "2021-03": {
            "month": "2021-03",
            "price": "9.57",
            "revenue": 2298590
        },
        "2021-04": {
            "month": "2021-04",
            "price": "11.79",
            "revenue": 1910183
        },
        "2021-05": {
            "month": "2021-05",
            "price": "12.67",
            "revenue": 2263198
        },
        "2021-06": {
            "month": "2021-06",
            "price": "12.69",
            "revenue": 1955590
        },
        "2021-07": {
            "month": "2021-07",
            "price": "12.36",
            "revenue": 2046479
        },
        "2021-08": {
            "month": "2021-08",
            "price": "10.94",
            "revenue": 1980684
        },
        "2021-09": {
            "month": "2021-09",
            "price": "10.64",
            "revenue": 1561857
        },
        "2021-10": {
            "month": "2021-10",
            "price": "10.32",
            "revenue": 2288069
        },
        "2021-11": {
            "month": "2021-11",
            "price": "10.48",
            "revenue": 2376394
        },
        "2021-12": {
            "month": "2021-12",
            "price": "10.19",
            "revenue": 1991636
        },
        "2022-01": {
            "month": "2022-01",
            "price": "9.86",
            "revenue": 1567857
        },
        "2022-02": {
            "month": "2022-02",
            "price": "9.86",
            "revenue": 1813420
        },
        "2022-03": {
            "month": "2022-03",
            "price": "9.30",
            "revenue": 2981959
        },
        "2022-04": {
            "month": "2022-04",
            "price": "8.93",
            "revenue": 1749634
        },
        "2022-05": {
            "month": "2022-05",
            "price": "8.04",
            "revenue": 2998495
        },
        "2022-06": {
            "month": "2022-06",
            "price": "8.07",
            "revenue": 2998409
        },
        "2022-07": {
            "month": "2022-07",
            "price": "7.79",
            "revenue": 3157856
        },
        "2022-08": {
            "month": "2022-08",
            "price": "8.82",
            "revenue": 2719435
        },
        "2022-09": {
            "month": "2022-09",
            "price": "8.88",
            "revenue": 1396651
        },
        "2022-10": {
            "month": "2022-10",
            "price": "7.97",
            "revenue": 2721596
        },
        "2022-11": {
            "month": "2022-11",
            "price": "7.90",
            "revenue": 2184186
        },
        "2022-12": {
            "month": "2022-12",
            "price": "7.82",
            "revenue": 2211894
        },
        "2023-01": {
            "month": "2023-01",
            "price": "7.74",
            "revenue": 3246032
        },
        "2023-02": {
            "month": "2023-02",
            "price": "8.05",
            "revenue": 2132592
        },
        "2023-03": {
            "month": "2023-03",
            "price": "8.09",
            "revenue": 3107529
        },
        "2023-04": {
            "month": "2023-04",
            "price": "8.07",
            "revenue": 1139542
        }
    }
}
