{
    "summary": {
        "stock_name": "佳和",
        "stock_id": "1449",
        "category": "紡織纖維",
        "main_business": "纖維紡織品之加工及買賣<br>紡織品及機械之進出口及買賣<br>委託興建商業大樓等",
        "website_url": "http://www.chgtex.com",
        "ceo": "吳建東",
        "pe_ratio": 13,
        "report_year_from": 2001,
        "report_year_to": 2023,
        "age": 22,
        "eps_negative_percentage": 78,
        "eps_growth_avg": {
            "last_all": -69.17,
            "last_2y": -7.5,
            "last_4y": -53.75,
            "last_8y": -69.17,
            "last_12y": -69.17,
            "last_16y": -69.17,
            "last_20y": -69.17,
            "at_2006_last_3y": null,
            "at_2007_last_3y": null,
            "at_2008_last_3y": null,
            "at_2009_last_3y": null,
            "at_2010_last_3y": null,
            "at_2011_last_3y": null,
            "at_2012_last_3y": null,
            "at_2013_last_3y": null,
            "at_2014_last_3y": null,
            "at_2015_last_3y": -100,
            "at_2016_last_3y": -100,
            "at_2017_last_3y": -100,
            "at_2018_last_3y": -100,
            "at_2019_last_3y": -100,
            "at_2020_last_3y": -100,
            "at_2021_last_3y": -100,
            "at_2022_last_3y": -7.5,
            "at_2023_last_3y": -7.5,
            "at_2006_last_all": null,
            "at_2007_last_all": null,
            "at_2008_last_all": null,
            "at_2009_last_all": null,
            "at_2010_last_all": null,
            "at_2011_last_all": null,
            "at_2012_last_all": null,
            "at_2013_last_all": null,
            "at_2014_last_all": null,
            "at_2015_last_all": -100,
            "at_2016_last_all": -100,
            "at_2017_last_all": -100,
            "at_2018_last_all": -100,
            "at_2019_last_all": -100,
            "at_2020_last_all": -100,
            "at_2021_last_all": -100,
            "at_2022_last_all": -69.17,
            "at_2023_last_all": -69.17
        },
        "latest_eps": 1.15,
        "latest_price": 15,
        "latest_roe": 7.13,
        "latest_gross_margin": 14.19,
        "latest_equity": 1610507,
        "latest_revenue": 615222,
        "latest_gross_profit": 87309,
        "latest_net_income": 19927,
        "latest_debt_ratio": 73.59,
        "latest_current_ratio": 109.16,
        "latest_account_receivable_turnover_ratio": 4.9,
        "latest_inventory_turnover_ratio": 0.3,
        "latest_reinvestment_rate": null,
        "latest_research_to_sale_ratio": 2.95
    },
    "eps_dividends": {
        "1990": {
            "cash": 1,
            "stock": 0,
            "eps": 0
        },
        "1991": {
            "cash": 1,
            "stock": 5,
            "eps": 0
        },
        "1992": {
            "cash": 0,
            "stock": 2,
            "eps": 0
        },
        "1993": {
            "cash": 0,
            "stock": 2,
            "eps": 0
        },
        "1995": {
            "cash": 0,
            "stock": 1,
            "eps": 0
        },
        "2001": {
            "cash": 0,
            "stock": 0,
            "eps": -0.4
        },
        "2002": {
            "cash": 0,
            "stock": 0,
            "eps": -1.04
        },
        "2003": {
            "cash": 0,
            "stock": 0,
            "eps": -0.21
        },
        "2004": {
            "cash": 0,
            "stock": 0,
            "eps": -1.62
        },
        "2005": {
            "cash": 0,
            "stock": 0,
            "eps": -2
        },
        "2006": {
            "cash": 0,
            "stock": 0,
            "eps": -1.84
        },
        "2007": {
            "cash": 0,
            "stock": 0,
            "eps": -1.67
        },
        "2008": {
            "cash": 0,
            "stock": 0,
            "eps": -3.06
        },
        "2009": {
            "cash": 0,
            "stock": 0,
            "eps": -2.58
        },
        "2010": {
            "cash": 0,
            "stock": 0,
            "eps": -1.95
        },
        "2011": {
            "cash": 0,
            "stock": 0,
            "eps": -1.3
        },
        "2012": {
            "cash": 0,
            "stock": 0,
            "eps": -1.86
        },
        "2013": {
            "cash": 0,
            "stock": 0,
            "eps": -0.83
        },
        "2014": {
            "cash": 0,
            "stock": 0,
            "eps": 1.06
        },
        "2015": {
            "cash": 0,
            "stock": 0,
            "eps": -2.25
        },
        "2016": {
            "cash": 0,
            "stock": 0,
            "eps": -1.56
        },
        "2017": {
            "cash": 0,
            "stock": 0,
            "eps": 0.47
        },
        "2018": {
            "cash": 0,
            "stock": 0,
            "eps": -0.86
        },
        "2019": {
            "cash": 0,
            "stock": 0,
            "eps": -0.7
        },
        "2020": {
            "cash": 0,
            "stock": 0,
            "eps": -0.77
        },
        "2021": {
            "cash": 0,
            "stock": 0,
            "eps": 0.8
        },
        "2022": {
            "cash": 0,
            "stock": 0,
            "eps": 0.74
        },
        "2023": {
            "cash": 0,
            "stock": 0,
            "eps": 0.21
        }
    },
    "dividends": {
        "1990-05-25": {
            "cash": 1,
            "stock": 0
        },
        "1991-04-27": {
            "cash": 1,
            "stock": 5
        },
        "1992-04-08": {
            "cash": 0,
            "stock": 2
        },
        "1993-05-14": {
            "cash": 0,
            "stock": 2
        },
        "1995-05-30": {
            "cash": 0,
            "stock": 1
        },
        "2023-03-29": {
            "cash": 0,
            "stock": 0.3
        }
    },
    "prices": {
        "200101": "4.09",
        "200102": "4.40",
        "200103": "4.15",
        "200104": "4.11",
        "200105": "3.43",
        "200106": "3.22",
        "200107": "2.80",
        "200108": "2.90",
        "200109": "2.76",
        "200110": "2.45",
        "200111": "2.41",
        "200112": "2.67",
        "200201": "2.99",
        "200202": "3.02",
        "200203": "3.84",
        "200204": "4.43",
        "200205": "3.81",
        "200206": "4.04",
        "200207": "5.45",
        "200208": "5.09",
        "200209": "4.41",
        "200210": "3.29",
        "200211": "3.38",
        "200212": "3.28",
        "200301": "3.83",
        "200302": "3.59",
        "200303": "3.12",
        "200304": "2.99",
        "200305": "2.89",
        "200306": "3.39",
        "200307": "3.78",
        "200308": "3.71",
        "200309": "3.13",
        "200310": "3.18",
        "200311": "3.46",
        "200312": "3.87",
        "200401": "5.74",
        "200402": "6.42",
        "200403": "5.56",
        "200404": "5.40",
        "200405": "4.30",
        "200406": "3.92",
        "200407": "3.36",
        "200408": "3.21",
        "200409": "3.88",
        "200410": "3.42",
        "200411": "3.25",
        "200412": "3.37",
        "200501": "3.43",
        "200502": "3.19",
        "200503": "2.92",
        "200504": "2.35",
        "200505": "2.14",
        "200506": "2.38",
        "200507": "2.23",
        "200508": "1.93",
        "200509": "1.43",
        "200510": "1.27",
        "200511": "1.21",
        "200512": "無",
        "200601": "1.81",
        "200602": "2.31",
        "200603": "3.46",
        "200604": "4.06",
        "200605": "4.25",
        "200606": "3.73",
        "200607": "3.45",
        "200608": "3.13",
        "200609": "2.99",
        "200610": "2.99",
        "200611": "3.16",
        "200612": "4.11",
        "200701": "3.81",
        "200702": "3.55",
        "200703": "3.58",
        "200704": "3.95",
        "200705": "3.40",
        "200706": "3.33",
        "200707": "4.34",
        "200708": "3.54",
        "200709": "3.29",
        "200710": "3.29",
        "200711": "2.97",
        "200712": "2.60",
        "200801": "2.46",
        "200802": "2.53",
        "200803": "2.97",
        "200804": "3.29",
        "200805": "3.23",
        "200806": "2.61",
        "200807": "2.27",
        "200808": "1.98",
        "200809": "1.48",
        "200810": "1.13",
        "200811": "0.79",
        "200812": "0.86",
        "200901": "0.82",
        "200902": "0.78",
        "200903": "1.33",
        "200904": "1.95",
        "200905": "1.78",
        "200906": "1.67",
        "200907": "1.80",
        "200908": "1.68",
        "200909": "1.79",
        "200910": "1.89",
        "200911": "1.91",
        "200912": "2.58",
        "201001": "3.15",
        "201002": "2.98",
        "201003": "3.03",
        "201004": "3.19",
        "201005": "2.79",
        "201006": "2.67",
        "201007": "2.66",
        "201008": "4.10",
        "201009": "4.13",
        "201010": "4.71",
        "201011": "3.29",
        "201012": "3.62",
        "201101": "3.55",
        "201102": "3.51",
        "201103": "3.32",
        "201104": "3.40",
        "201105": "2.91",
        "201106": "2.98",
        "201107": "3.59",
        "201108": "3.32",
        "201109": "2.79",
        "201110": "2.62",
        "201111": "2.55",
        "201112": "2.27",
        "201201": "2.27",
        "201202": "2.57",
        "201203": "1.96",
        "201204": "1.78",
        "201205": "1.69",
        "201206": "1.79",
        "201207": "1.76",
        "201208": "1.71",
        "201209": "2.41",
        "201210": "2.47",
        "201211": "2.48",
        "201212": "1.94",
        "201301": "1.97",
        "201302": "1.86",
        "201303": "1.85",
        "201304": "2.23",
        "201305": "2.17",
        "201306": "1.87",
        "201307": "1.79",
        "201308": "2.00",
        "201309": "1.80",
        "201310": "1.84",
        "201311": "1.71",
        "201312": "1.64",
        "201401": "1.74",
        "201402": "1.59",
        "201403": "1.53",
        "201404": "1.57",
        "201405": "1.54",
        "201406": "1.53",
        "201407": "1.53",
        "201408": "1.49",
        "201409": "1.47",
        "201410": "1.42",
        "201411": "3.03",
        "201412": "3.91",
        "201501": "3.89",
        "201502": "3.88",
        "201503": "3.96",
        "201504": "5.87",
        "201505": "6.90",
        "201506": "7.17",
        "201507": "7.04",
        "201508": "5.83",
        "201509": "7.00",
        "201510": "7.06",
        "201511": "6.77",
        "201512": "5.99",
        "201601": "5.50",
        "201602": "5.51",
        "201603": "5.14",
        "201604": "4.75",
        "201605": "3.95",
        "201606": "3.65",
        "201607": "4.55",
        "201608": "4.23",
        "201609": "4.07",
        "201610": "4.20",
        "201611": "4.00",
        "201612": "4.09",
        "201701": "4.38",
        "201702": "5.81",
        "201703": "5.30",
        "201704": "5.18",
        "201705": "5.17",
        "201706": "5.51",
        "201707": "5.66",
        "201708": "5.48",
        "201709": "5.34",
        "201710": "5.23",
        "201711": "5.57",
        "201712": "5.48",
        "201801": "5.42",
        "201802": "5.06",
        "201803": "5.45",
        "201804": "6.28",
        "201805": "5.82",
        "201806": "5.56",
        "201807": "5.22",
        "201808": "5.10",
        "201809": "4.93",
        "201810": "4.68",
        "201811": "4.76",
        "201812": "5.00",
        "201901": "4.88",
        "201902": "4.89",
        "201903": "4.82",
        "201904": "4.59",
        "201905": "4.47",
        "201906": "4.48",
        "201907": "4.97",
        "201908": "4.84",
        "201909": "4.70",
        "201910": "5.10",
        "201911": "8.21",
        "201912": "12.24",
        "202001": "11.80",
        "202002": "11.56",
        "202003": "10.80",
        "202004": "11.06",
        "202005": "15.22",
        "202006": "17.32",
        "202007": "17.14",
        "202008": "17.79",
        "202009": "17.48",
        "202010": "15.03",
        "202011": "15.42",
        "202012": "29.46",
        "202101": "24.35",
        "202102": "22.05",
        "202103": "22.07",
        "202104": "22.54",
        "202105": "17.06",
        "202106": "16.19",
        "202107": "16.37",
        "202108": "16.36",
        "202109": "15.64",
        "202110": "15.42",
        "202111": "15.20",
        "202112": "15.03",
        "202201": "14.74",
        "202202": "13.97",
        "202203": "13.58",
        "202204": "13.82",
        "202205": "12.46",
        "202206": "10.75",
        "202207": "9.22",
        "202208": "11.34",
        "202209": "13.35",
        "202210": "13.64",
        "202211": "12.98",
        "202212": "15.86",
        "202301": "15.62",
        "202302": "15.19",
        "202303": "15.36",
        "202304": "15.32",
        "202305": "14.97"
    },
    "quarters": {
        "20011": {
            "year_quarter": 20011,
            "year": 2001,
            "quarter": 1,
            "eps": 0.03,
            "eps_growth_year": -76.92,
            "eps_4q": -0.58,
            "eps_4q_growth_year": null,
            "roe": 0.33,
            "roe_4q": 0.33,
            "gross_profit": 178382,
            "gross_margin": 17.07,
            "gross_margin_4q_avg": 17.07,
            "net_income": 19568,
            "revenue": 1044852,
            "common_shares": 6350991,
            "book_valuer_per_share": 9.11,
            "book_valuer_per_share_4q_avg": 9.11,
            "equity": 5788395,
            "current_ratio": 92.54,
            "debt_ratio": 50.96,
            "inventory_turnover_ratio": 0.51,
            "account_receivable_turnover_ratio": null,
            "reinvestment_rate": null,
            "research_to_sale_ratio": null,
            "price_fair": 0,
            "eps_avg_yearly": 0,
            "eps_latest_yearly": 0,
            "eps_growth_yearly": 0
        },
        "20012": {
            "year_quarter": 20012,
            "year": 2001,
            "quarter": 2,
            "eps": -0.11,
            "eps_growth_year": -150,
            "eps_4q": -0.93,
            "eps_4q_growth_year": null,
            "roe": -1.23,
            "roe_4q": -0.8999999999999999,
            "gross_profit": 249935,
            "gross_margin": 18.67,
            "gross_margin_4q_avg": 17.87,
            "net_income": -68606,
            "revenue": 1338393,
            "common_shares": 6350991,
            "book_valuer_per_share": 8.45,
            "book_valuer_per_share_4q_avg": 8.78,
            "equity": 5369226,
            "current_ratio": 96.67,
            "debt_ratio": 52.29,
            "inventory_turnover_ratio": 0.71,
            "account_receivable_turnover_ratio": null,
            "reinvestment_rate": null,
            "research_to_sale_ratio": null,
            "price_fair": 0,
            "eps_avg_yearly": 0,
            "eps_latest_yearly": 0,
            "eps_growth_yearly": 0
        },
        "20013": {
            "year_quarter": 20013,
            "year": 2001,
            "quarter": 3,
            "eps": 0.03,
            "eps_growth_year": null,
            "eps_4q": -0.83,
            "eps_4q_growth_year": null,
            "roe": 0.34,
            "roe_4q": -0.5599999999999998,
            "gross_profit": 180207,
            "gross_margin": 15.61,
            "gross_margin_4q_avg": 17.12,
            "net_income": 17874,
            "revenue": 1154508,
            "common_shares": 6350991,
            "book_valuer_per_share": 8.32,
            "book_valuer_per_share_4q_avg": 8.63,
            "equity": 5281681,
            "current_ratio": 84.63,
            "debt_ratio": 52.66,
            "inventory_turnover_ratio": 0.65,
            "account_receivable_turnover_ratio": null,
            "reinvestment_rate": null,
            "research_to_sale_ratio": null,
            "price_fair": 0,
            "eps_avg_yearly": 0,
            "eps_latest_yearly": 0,
            "eps_growth_yearly": 0
        },
        "20014": {
            "year_quarter": 20014,
            "year": 2001,
            "quarter": 4,
            "eps": -0.35,
            "eps_growth_year": null,
            "eps_4q": -0.46,
            "eps_4q_growth_year": null,
            "roe": -3.97,
            "roe_4q": -4.53,
            "gross_profit": 218103,
            "gross_margin": 18.33,
            "gross_margin_4q_avg": 17.42,
            "net_income": -222742,
            "revenue": 1189877,
            "common_shares": 6350991,
            "book_valuer_per_share": 8.33,
            "book_valuer_per_share_4q_avg": 8.55,
            "equity": 5949517,
            "current_ratio": 93.22,
            "debt_ratio": 51.17,
            "inventory_turnover_ratio": 0.57,
            "account_receivable_turnover_ratio": null,
            "reinvestment_rate": null,
            "research_to_sale_ratio": null,
            "price_fair": 0,
            "eps_avg_yearly": 0,
            "eps_latest_yearly": 0,
            "eps_growth_yearly": 0
        },
        "20021": {
            "year_quarter": 20021,
            "year": 2002,
            "quarter": 1,
            "eps": -0.07,
            "eps_growth_year": -333.33,
            "eps_4q": -0.61,
            "eps_4q_growth_year": null,
            "roe": -0.65,
            "roe_4q": -5.51,
            "gross_profit": 121741,
            "gross_margin": 13.21,
            "gross_margin_4q_avg": 16.46,
            "net_income": -35303,
            "revenue": 921689,
            "common_shares": 6350991,
            "book_valuer_per_share": 7.79,
            "book_valuer_per_share_4q_avg": 8.22,
            "equity": 4949275,
            "current_ratio": 79.62,
            "debt_ratio": 53.59,
            "inventory_turnover_ratio": 0.46,
            "account_receivable_turnover_ratio": null,
            "reinvestment_rate": null,
            "research_to_sale_ratio": null,
            "price_fair": 0,
            "eps_avg_yearly": 0,
            "eps_latest_yearly": 0,
            "eps_growth_yearly": 0
        },
        "20022": {
            "year_quarter": 20022,
            "year": 2002,
            "quarter": 2,
            "eps": -0.37,
            "eps_growth_year": null,
            "eps_4q": -0.65,
            "eps_4q_growth_year": null,
            "roe": -3.59,
            "roe_4q": -7.870000000000001,
            "gross_profit": 225219,
            "gross_margin": 15.88,
            "gross_margin_4q_avg": 15.76,
            "net_income": -173660,
            "revenue": 1418073,
            "common_shares": 6350991,
            "book_valuer_per_share": 7.44,
            "book_valuer_per_share_4q_avg": 7.97,
            "equity": 4728211,
            "current_ratio": 79.08,
            "debt_ratio": 54.96,
            "inventory_turnover_ratio": 0.76,
            "account_receivable_turnover_ratio": null,
            "reinvestment_rate": null,
            "research_to_sale_ratio": null,
            "price_fair": 0,
            "eps_avg_yearly": 0,
            "eps_latest_yearly": 0,
            "eps_growth_yearly": 0
        },
        "20023": {
            "year_quarter": 20023,
            "year": 2002,
            "quarter": 3,
            "eps": -0.35,
            "eps_growth_year": -1266.67,
            "eps_4q": -0.94,
            "eps_4q_growth_year": null,
            "roe": -3.51,
            "roe_4q": -11.72,
            "gross_profit": 122691,
            "gross_margin": 10.26,
            "gross_margin_4q_avg": 14.42,
            "net_income": -163749,
            "revenue": 1196156,
            "common_shares": 6350991,
            "book_valuer_per_share": 7.26,
            "book_valuer_per_share_4q_avg": 7.71,
            "equity": 4608550,
            "current_ratio": 69.25,
            "debt_ratio": 55.41,
            "inventory_turnover_ratio": 0.68,
            "account_receivable_turnover_ratio": null,
            "reinvestment_rate": null,
            "research_to_sale_ratio": null,
            "price_fair": 0,
            "eps_avg_yearly": 0,
            "eps_latest_yearly": 0,
            "eps_growth_yearly": 0
        },
        "20024": {
            "year_quarter": 20024,
            "year": 2002,
            "quarter": 4,
            "eps": -0.25,
            "eps_growth_year": null,
            "eps_4q": -0.72,
            "eps_4q_growth_year": null,
            "roe": -2.32,
            "roe_4q": -10.07,
            "gross_profit": 224910,
            "gross_margin": 15.39,
            "gross_margin_4q_avg": 13.69,
            "net_income": -119837,
            "revenue": 1461665,
            "common_shares": 6350991,
            "book_valuer_per_share": 7.05,
            "book_valuer_per_share_4q_avg": 7.39,
            "equity": 5703458,
            "current_ratio": 99.17,
            "debt_ratio": 55.59,
            "inventory_turnover_ratio": 0.54,
            "account_receivable_turnover_ratio": null,
            "reinvestment_rate": null,
            "research_to_sale_ratio": null,
            "price_fair": 0,
            "eps_avg_yearly": 0,
            "eps_latest_yearly": 0,
            "eps_growth_yearly": 0
        },
        "20031": {
            "year_quarter": 20031,
            "year": 2003,
            "quarter": 1,
            "eps": 0.22,
            "eps_growth_year": null,
            "eps_4q": -0.7,
            "eps_4q_growth_year": null,
            "roe": 2.12,
            "roe_4q": -7.299999999999999,
            "gross_profit": 133894,
            "gross_margin": 12.61,
            "gross_margin_4q_avg": 13.54,
            "net_income": 109241,
            "revenue": 1061943,
            "common_shares": 6350991,
            "book_valuer_per_share": 7.26,
            "book_valuer_per_share_4q_avg": 7.25,
            "equity": 4612468,
            "current_ratio": 70.45,
            "debt_ratio": 55.34,
            "inventory_turnover_ratio": 0.41,
            "account_receivable_turnover_ratio": null,
            "reinvestment_rate": null,
            "research_to_sale_ratio": null,
            "price_fair": 0,
            "eps_avg_yearly": 0,
            "eps_latest_yearly": 0,
            "eps_growth_yearly": 0
        },
        "20032": {
            "year_quarter": 20032,
            "year": 2003,
            "quarter": 2,
            "eps": -0.47,
            "eps_growth_year": null,
            "eps_4q": -0.64,
            "eps_4q_growth_year": null,
            "roe": -5.21,
            "roe_4q": -8.92,
            "gross_profit": 182667,
            "gross_margin": 13.46,
            "gross_margin_4q_avg": 12.93,
            "net_income": -235144,
            "revenue": 1357271,
            "common_shares": 6350991,
            "book_valuer_per_share": 6.94,
            "book_valuer_per_share_4q_avg": 7.13,
            "equity": 4407976,
            "current_ratio": 130.62,
            "debt_ratio": 55.64,
            "inventory_turnover_ratio": 0.76,
            "account_receivable_turnover_ratio": null,
            "reinvestment_rate": null,
            "research_to_sale_ratio": null,
            "price_fair": 0,
            "eps_avg_yearly": 0,
            "eps_latest_yearly": 0,
            "eps_growth_yearly": 0
        },
        "20033": {
            "year_quarter": 20033,
            "year": 2003,
            "quarter": 3,
            "eps": -0.13,
            "eps_growth_year": null,
            "eps_4q": -0.5,
            "eps_4q_growth_year": null,
            "roe": -1.52,
            "roe_4q": -6.93,
            "gross_profit": 121770,
            "gross_margin": 11.42,
            "gross_margin_4q_avg": 13.22,
            "net_income": -66408,
            "revenue": 1065849,
            "common_shares": 6302831,
            "book_valuer_per_share": 6.91,
            "book_valuer_per_share_4q_avg": 7.04,
            "equity": 4354885,
            "current_ratio": 141.5,
            "debt_ratio": 55.23,
            "inventory_turnover_ratio": 0.64,
            "account_receivable_turnover_ratio": null,
            "reinvestment_rate": null,
            "research_to_sale_ratio": null,
            "price_fair": 0,
            "eps_avg_yearly": 0,
            "eps_latest_yearly": 0,
            "eps_growth_yearly": 0
        },
        "20034": {
            "year_quarter": 20034,
            "year": 2003,
            "quarter": 4,
            "eps": 0.17,
            "eps_growth_year": null,
            "eps_4q": -0.22,
            "eps_4q_growth_year": null,
            "roe": 1.7,
            "roe_4q": -2.91,
            "gross_profit": 158419,
            "gross_margin": 12.84,
            "gross_margin_4q_avg": 12.58,
            "net_income": 84699,
            "revenue": 1234122,
            "common_shares": 6302831,
            "book_valuer_per_share": 7.1,
            "book_valuer_per_share_4q_avg": 7.05,
            "equity": 5581825,
            "current_ratio": 167.15,
            "debt_ratio": 53.72,
            "inventory_turnover_ratio": 0.5,
            "account_receivable_turnover_ratio": null,
            "reinvestment_rate": null,
            "research_to_sale_ratio": null,
            "price_fair": 0,
            "eps_avg_yearly": 0,
            "eps_latest_yearly": 0,
            "eps_growth_yearly": 0
        },
        "20041": {
            "year_quarter": 20041,
            "year": 2004,
            "quarter": 1,
            "eps": -0.13,
            "eps_growth_year": -159.09,
            "eps_4q": -0.53,
            "eps_4q_growth_year": null,
            "roe": -1.35,
            "roe_4q": -6.38,
            "gross_profit": 158309,
            "gross_margin": 14.73,
            "gross_margin_4q_avg": 13.11,
            "net_income": -69793,
            "revenue": 1075014,
            "common_shares": 6302831,
            "book_valuer_per_share": 7.51,
            "book_valuer_per_share_4q_avg": 7.12,
            "equity": 4735636,
            "current_ratio": 209.12,
            "debt_ratio": 52.61,
            "inventory_turnover_ratio": 0.41,
            "account_receivable_turnover_ratio": null,
            "reinvestment_rate": null,
            "research_to_sale_ratio": null,
            "price_fair": 0,
            "eps_avg_yearly": 0,
            "eps_latest_yearly": 0,
            "eps_growth_yearly": 0
        },
        "20042": {
            "year_quarter": 20042,
            "year": 2004,
            "quarter": 2,
            "eps": -0.39,
            "eps_growth_year": null,
            "eps_4q": -0.41,
            "eps_4q_growth_year": null,
            "roe": -4.47,
            "roe_4q": -5.640000000000001,
            "gross_profit": 183183,
            "gross_margin": 12.09,
            "gross_margin_4q_avg": 12.77,
            "net_income": -207792,
            "revenue": 1515281,
            "common_shares": 6302831,
            "book_valuer_per_share": 7.25,
            "book_valuer_per_share_4q_avg": 7.19,
            "equity": 4569810,
            "current_ratio": 161.7,
            "debt_ratio": 54,
            "inventory_turnover_ratio": 0.85,
            "account_receivable_turnover_ratio": null,
            "reinvestment_rate": null,
            "research_to_sale_ratio": null,
            "price_fair": 0,
            "eps_avg_yearly": 0,
            "eps_latest_yearly": 0,
            "eps_growth_yearly": 0
        },
        "20043": {
            "year_quarter": 20043,
            "year": 2004,
            "quarter": 3,
            "eps": -0.07,
            "eps_growth_year": null,
            "eps_4q": -0.36,
            "eps_4q_growth_year": null,
            "roe": -0.8,
            "roe_4q": -4.919999999999999,
            "gross_profit": 150282,
            "gross_margin": 11.48,
            "gross_margin_4q_avg": 12.79,
            "net_income": -36262,
            "revenue": 1308908,
            "common_shares": 6302831,
            "book_valuer_per_share": 7.2,
            "book_valuer_per_share_4q_avg": 7.27,
            "equity": 4536193,
            "current_ratio": 202.59,
            "debt_ratio": 52.03,
            "inventory_turnover_ratio": 0.73,
            "account_receivable_turnover_ratio": null,
            "reinvestment_rate": null,
            "research_to_sale_ratio": null,
            "price_fair": 0,
            "eps_avg_yearly": 0,
            "eps_latest_yearly": 0,
            "eps_growth_yearly": 0
        },
        "20044": {
            "year_quarter": 20044,
            "year": 2004,
            "quarter": 4,
            "eps": -1.03,
            "eps_growth_year": -705.88,
            "eps_4q": -1.44,
            "eps_4q_growth_year": null,
            "roe": -11.38,
            "roe_4q": -18.000000000000004,
            "gross_profit": 137248,
            "gross_margin": 10.17,
            "gross_margin_4q_avg": 12.12,
            "net_income": -541596,
            "revenue": 1349392,
            "common_shares": 6302831,
            "book_valuer_per_share": 6.31,
            "book_valuer_per_share_4q_avg": 7.07,
            "equity": 4982371,
            "current_ratio": 161.98,
            "debt_ratio": 56.42,
            "inventory_turnover_ratio": 0.52,
            "account_receivable_turnover_ratio": null,
            "reinvestment_rate": null,
            "research_to_sale_ratio": null,
            "price_fair": 0,
            "eps_avg_yearly": 0,
            "eps_latest_yearly": 0,
            "eps_growth_yearly": 0
        },
        "20051": {
            "year_quarter": 20051,
            "year": 2005,
            "quarter": 1,
            "eps": -1.3,
            "eps_growth_year": null,
            "eps_4q": -2.79,
            "eps_4q_growth_year": null,
            "roe": -16.25,
            "roe_4q": -32.900000000000006,
            "gross_profit": 32610,
            "gross_margin": 3.33,
            "gross_margin_4q_avg": 9.27,
            "net_income": -687343,
            "revenue": 978472,
            "common_shares": 6302831,
            "book_valuer_per_share": 5.52,
            "book_valuer_per_share_4q_avg": 6.57,
            "equity": 3479678,
            "current_ratio": 169.88,
            "debt_ratio": 57.21,
            "inventory_turnover_ratio": 0.4,
            "account_receivable_turnover_ratio": null,
            "reinvestment_rate": null,
            "research_to_sale_ratio": null,
            "price_fair": 0,
            "eps_avg_yearly": 0,
            "eps_latest_yearly": 0,
            "eps_growth_yearly": 0
        },
        "20052": {
            "year_quarter": 20052,
            "year": 2005,
            "quarter": 2,
            "eps": -0.27,
            "eps_growth_year": null,
            "eps_4q": -2.2,
            "eps_4q_growth_year": null,
            "roe": -3.49,
            "roe_4q": -31.920000000000005,
            "gross_profit": 69785,
            "gross_margin": 5.6,
            "gross_margin_4q_avg": 7.65,
            "net_income": -119412,
            "revenue": 1245399,
            "common_shares": 6302831,
            "book_valuer_per_share": 5.34,
            "book_valuer_per_share_4q_avg": 6.09,
            "equity": 3363797,
            "current_ratio": 80.45,
            "debt_ratio": 56.79,
            "inventory_turnover_ratio": 0.74,
            "account_receivable_turnover_ratio": null,
            "reinvestment_rate": null,
            "research_to_sale_ratio": null,
            "price_fair": 0,
            "eps_avg_yearly": 0,
            "eps_latest_yearly": 0,
            "eps_growth_yearly": 0
        },
        "20053": {
            "year_quarter": 20053,
            "year": 2005,
            "quarter": 3,
            "eps": -0.47,
            "eps_growth_year": null,
            "eps_4q": -3.58,
            "eps_4q_growth_year": null,
            "roe": -4.24,
            "roe_4q": -35.36,
            "gross_profit": -12399,
            "gross_margin": -1.17,
            "gross_margin_4q_avg": 4.48,
            "net_income": -140152,
            "revenue": 1060673,
            "common_shares": 4159869,
            "book_valuer_per_share": 7.81,
            "book_valuer_per_share_4q_avg": 6.25,
            "equity": 3249980,
            "current_ratio": 169.77,
            "debt_ratio": 57,
            "inventory_turnover_ratio": 0.72,
            "account_receivable_turnover_ratio": null,
            "reinvestment_rate": null,
            "research_to_sale_ratio": null,
            "price_fair": 0,
            "eps_avg_yearly": 0,
            "eps_latest_yearly": 0,
            "eps_growth_yearly": 0
        },
        "20054": {
            "year_quarter": 20054,
            "year": 2005,
            "quarter": 4,
            "eps": 0.04,
            "eps_growth_year": null,
            "eps_4q": -3.46,
            "eps_4q_growth_year": null,
            "roe": 0.29,
            "roe_4q": -23.69,
            "gross_profit": 109062,
            "gross_margin": 11.21,
            "gross_margin_4q_avg": 4.74,
            "net_income": 10808,
            "revenue": 972555,
            "common_shares": 4159869,
            "book_valuer_per_share": 7.6,
            "book_valuer_per_share_4q_avg": 6.57,
            "equity": 4320434,
            "current_ratio": 120.71,
            "debt_ratio": 68.45,
            "inventory_turnover_ratio": 0.34,
            "account_receivable_turnover_ratio": null,
            "reinvestment_rate": null,
            "research_to_sale_ratio": null,
            "price_fair": 0,
            "eps_avg_yearly": 0,
            "eps_latest_yearly": 0,
            "eps_growth_yearly": 0
        },
        "20061": {
            "year_quarter": 20061,
            "year": 2006,
            "quarter": 1,
            "eps": -0.62,
            "eps_growth_year": null,
            "eps_4q": -1.46,
            "eps_4q_growth_year": null,
            "roe": -5.05,
            "roe_4q": -12.49,
            "gross_profit": -50102,
            "gross_margin": -6.55,
            "gross_margin_4q_avg": 2.27,
            "net_income": -184221,
            "revenue": 764518,
            "common_shares": 4159869,
            "book_valuer_per_share": 7.16,
            "book_valuer_per_share_4q_avg": 6.98,
            "equity": 2979764,
            "current_ratio": 171.58,
            "debt_ratio": 54.22,
            "inventory_turnover_ratio": 0.32,
            "account_receivable_turnover_ratio": null,
            "reinvestment_rate": null,
            "research_to_sale_ratio": null,
            "price_fair": 0,
            "eps_avg_yearly": 0,
            "eps_latest_yearly": 0,
            "eps_growth_yearly": 0
        },
        "20062": {
            "year_quarter": 20062,
            "year": 2006,
            "quarter": 2,
            "eps": -0.72,
            "eps_growth_year": null,
            "eps_4q": -1.27,
            "eps_4q_growth_year": null,
            "roe": -7.52,
            "roe_4q": -16.520000000000003,
            "gross_profit": -38294,
            "gross_margin": -4.04,
            "gross_margin_4q_avg": -0.14,
            "net_income": -216816,
            "revenue": 948659,
            "common_shares": 4159869,
            "book_valuer_per_share": 6.7,
            "book_valuer_per_share_4q_avg": 7.32,
            "equity": 2788400,
            "current_ratio": 163.71,
            "debt_ratio": 55.65,
            "inventory_turnover_ratio": 0.72,
            "account_receivable_turnover_ratio": null,
            "reinvestment_rate": null,
            "research_to_sale_ratio": null,
            "price_fair": 0,
            "eps_avg_yearly": 0,
            "eps_latest_yearly": 0,
            "eps_growth_yearly": 0
        },
        "20063": {
            "year_quarter": 20063,
            "year": 2006,
            "quarter": 3,
            "eps": -0.41,
            "eps_growth_year": null,
            "eps_4q": -1.24,
            "eps_4q_growth_year": null,
            "roe": -4.56,
            "roe_4q": -16.84,
            "gross_profit": -51280,
            "gross_margin": -5.18,
            "gross_margin_4q_avg": -1.14,
            "net_income": -124675,
            "revenue": 989861,
            "common_shares": 4159869,
            "book_valuer_per_share": 6.43,
            "book_valuer_per_share_4q_avg": 6.97,
            "equity": 2675363,
            "current_ratio": 158.79,
            "debt_ratio": 57.25,
            "inventory_turnover_ratio": 0.78,
            "account_receivable_turnover_ratio": null,
            "reinvestment_rate": null,
            "research_to_sale_ratio": null,
            "price_fair": 0,
            "eps_avg_yearly": 0,
            "eps_latest_yearly": 0,
            "eps_growth_yearly": 0
        },
        "20064": {
            "year_quarter": 20064,
            "year": 2006,
            "quarter": 4,
            "eps": -0.09,
            "eps_growth_year": -325,
            "eps_4q": -1.43,
            "eps_4q_growth_year": null,
            "roe": -0.83,
            "roe_4q": -17.96,
            "gross_profit": 13497,
            "gross_margin": 1.42,
            "gross_margin_4q_avg": -3.59,
            "net_income": -26223,
            "revenue": 949330,
            "common_shares": 4159869,
            "book_valuer_per_share": 6.33,
            "book_valuer_per_share_4q_avg": 6.66,
            "equity": 3638241,
            "current_ratio": 127.35,
            "debt_ratio": 70.82,
            "inventory_turnover_ratio": 0.4,
            "account_receivable_turnover_ratio": null,
            "reinvestment_rate": null,
            "research_to_sale_ratio": null,
            "price_fair": 0,
            "eps_avg_yearly": 0,
            "eps_latest_yearly": 0,
            "eps_growth_yearly": 0
        },
        "20071": {
            "year_quarter": 20071,
            "year": 2007,
            "quarter": 1,
            "eps": -0.47,
            "eps_growth_year": null,
            "eps_4q": -1.67,
            "eps_4q_growth_year": null,
            "roe": -4.7,
            "roe_4q": -17.61,
            "gross_profit": -11219,
            "gross_margin": -1.41,
            "gross_margin_4q_avg": -2.3,
            "net_income": -144099,
            "revenue": 794223,
            "common_shares": 4159869,
            "book_valuer_per_share": 5.99,
            "book_valuer_per_share_4q_avg": 6.36,
            "equity": 2493625,
            "current_ratio": 210.48,
            "debt_ratio": 58.75,
            "inventory_turnover_ratio": 0.34,
            "account_receivable_turnover_ratio": null,
            "reinvestment_rate": null,
            "research_to_sale_ratio": null,
            "price_fair": 0,
            "eps_avg_yearly": 0,
            "eps_latest_yearly": 0,
            "eps_growth_yearly": 0
        },
        "20072": {
            "year_quarter": 20072,
            "year": 2007,
            "quarter": 2,
            "eps": -0.26,
            "eps_growth_year": null,
            "eps_4q": -0.9,
            "eps_4q_growth_year": null,
            "roe": -3.22,
            "roe_4q": -13.309999999999999,
            "gross_profit": -40205,
            "gross_margin": -4.54,
            "gross_margin_4q_avg": -2.43,
            "net_income": -79189,
            "revenue": 886497,
            "common_shares": 4159869,
            "book_valuer_per_share": 5.82,
            "book_valuer_per_share_4q_avg": 6.14,
            "equity": 2421298,
            "current_ratio": 92.41,
            "debt_ratio": 57.85,
            "inventory_turnover_ratio": 0.69,
            "account_receivable_turnover_ratio": null,
            "reinvestment_rate": null,
            "research_to_sale_ratio": null,
            "price_fair": 0,
            "eps_avg_yearly": 0,
            "eps_latest_yearly": 0,
            "eps_growth_yearly": 0
        },
        "20073": {
            "year_quarter": 20073,
            "year": 2007,
            "quarter": 3,
            "eps": -0.02,
            "eps_growth_year": null,
            "eps_4q": -0.62,
            "eps_4q_growth_year": null,
            "roe": -0.28,
            "roe_4q": -9.03,
            "gross_profit": -17653,
            "gross_margin": -2.16,
            "gross_margin_4q_avg": -1.67,
            "net_income": -6820,
            "revenue": 815421,
            "common_shares": 4159869,
            "book_valuer_per_share": 5.8,
            "book_valuer_per_share_4q_avg": 5.99,
            "equity": 2412224,
            "current_ratio": 215.51,
            "debt_ratio": 58.7,
            "inventory_turnover_ratio": 0.63,
            "account_receivable_turnover_ratio": null,
            "reinvestment_rate": null,
            "research_to_sale_ratio": null,
            "price_fair": 0,
            "eps_avg_yearly": 0,
            "eps_latest_yearly": 0,
            "eps_growth_yearly": 0
        },
        "20074": {
            "year_quarter": 20074,
            "year": 2007,
            "quarter": 4,
            "eps": -0.92,
            "eps_growth_year": null,
            "eps_4q": -1.64,
            "eps_4q_growth_year": null,
            "roe": -10.29,
            "roe_4q": -18.49,
            "gross_profit": -25311,
            "gross_margin": -2.72,
            "gross_margin_4q_avg": -2.71,
            "net_income": -283190,
            "revenue": 929120,
            "common_shares": 4159869,
            "book_valuer_per_share": 5.17,
            "book_valuer_per_share_4q_avg": 5.7,
            "equity": 3089735,
            "current_ratio": 136.73,
            "debt_ratio": 71.85,
            "inventory_turnover_ratio": 0.45,
            "account_receivable_turnover_ratio": null,
            "reinvestment_rate": null,
            "research_to_sale_ratio": null,
            "price_fair": 0,
            "eps_avg_yearly": 0,
            "eps_latest_yearly": 0,
            "eps_growth_yearly": 0
        },
        "20081": {
            "year_quarter": 20081,
            "year": 2008,
            "quarter": 1,
            "eps": -0.04,
            "eps_growth_year": null,
            "eps_4q": -0.72,
            "eps_4q_growth_year": null,
            "roe": 0.7,
            "roe_4q": -13.09,
            "gross_profit": -64664,
            "gross_margin": -4,
            "gross_margin_4q_avg": -3.36,
            "net_income": 21170,
            "revenue": 1615019,
            "common_shares": 4159869,
            "book_valuer_per_share": 5.02,
            "book_valuer_per_share_4q_avg": 5.45,
            "equity": 2979892,
            "current_ratio": 130.79,
            "debt_ratio": 72.13,
            "inventory_turnover_ratio": 0.59,
            "account_receivable_turnover_ratio": null,
            "reinvestment_rate": null,
            "research_to_sale_ratio": null,
            "price_fair": 0,
            "eps_avg_yearly": 0,
            "eps_latest_yearly": 0,
            "eps_growth_yearly": 0
        },
        "20082": {
            "year_quarter": 20082,
            "year": 2008,
            "quarter": 2,
            "eps": -0.75,
            "eps_growth_year": null,
            "eps_4q": -1.29,
            "eps_4q_growth_year": null,
            "roe": -3.45,
            "roe_4q": -13.319999999999999,
            "gross_profit": 11834,
            "gross_margin": 0.59,
            "gross_margin_4q_avg": -2.07,
            "net_income": -99552,
            "revenue": 2016341,
            "common_shares": 4159869,
            "book_valuer_per_share": 4.39,
            "book_valuer_per_share_4q_avg": 5.1,
            "equity": 2789438,
            "current_ratio": 132.77,
            "debt_ratio": 71.18,
            "inventory_turnover_ratio": 0.73,
            "account_receivable_turnover_ratio": null,
            "reinvestment_rate": null,
            "research_to_sale_ratio": null,
            "price_fair": 0,
            "eps_avg_yearly": 0,
            "eps_latest_yearly": 0,
            "eps_growth_yearly": 0
        },
        "20083": {
            "year_quarter": 20083,
            "year": 2008,
            "quarter": 3,
            "eps": -0.57,
            "eps_growth_year": null,
            "eps_4q": -1.69,
            "eps_4q_growth_year": null,
            "roe": -10.39,
            "roe_4q": -23.43,
            "gross_profit": -83753,
            "gross_margin": -4.5,
            "gross_margin_4q_avg": -2.66,
            "net_income": -271280,
            "revenue": 1861584,
            "common_shares": 4159869,
            "book_valuer_per_share": 3.75,
            "book_valuer_per_share_4q_avg": 4.58,
            "equity": 2430747,
            "current_ratio": 119.98,
            "debt_ratio": 73.61,
            "inventory_turnover_ratio": 0.77,
            "account_receivable_turnover_ratio": null,
            "reinvestment_rate": null,
            "research_to_sale_ratio": null,
            "price_fair": 0,
            "eps_avg_yearly": 0,
            "eps_latest_yearly": 0,
            "eps_growth_yearly": 0
        },
        "20084": {
            "year_quarter": 20084,
            "year": 2008,
            "quarter": 4,
            "eps": -1.7,
            "eps_growth_year": null,
            "eps_4q": -3.86,
            "eps_4q_growth_year": null,
            "roe": -18.28,
            "roe_4q": -31.420000000000005,
            "gross_profit": 33879,
            "gross_margin": 3.5,
            "gross_margin_4q_avg": -1.1,
            "net_income": -407443,
            "revenue": 967879,
            "common_shares": 2495921,
            "book_valuer_per_share": 4.95,
            "book_valuer_per_share_4q_avg": 4.53,
            "equity": 2028163,
            "current_ratio": 84.36,
            "debt_ratio": 76.01,
            "inventory_turnover_ratio": 0.4,
            "account_receivable_turnover_ratio": 4.09,
            "reinvestment_rate": null,
            "research_to_sale_ratio": null,
            "price_fair": 0,
            "eps_avg_yearly": 0,
            "eps_latest_yearly": 0,
            "eps_growth_yearly": 0
        },
        "20091": {
            "year_quarter": 20091,
            "year": 2009,
            "quarter": 1,
            "eps": -1.44,
            "eps_growth_year": null,
            "eps_4q": -3.97,
            "eps_4q_growth_year": null,
            "roe": -19.86,
            "roe_4q": -51.980000000000004,
            "gross_profit": -195607,
            "gross_margin": -16.43,
            "gross_margin_4q_avg": -4.21,
            "net_income": -367054,
            "revenue": 1190628,
            "common_shares": 2495921,
            "book_valuer_per_share": 3.89,
            "book_valuer_per_share_4q_avg": 4.25,
            "equity": 1669006,
            "current_ratio": 113.18,
            "debt_ratio": 78.94,
            "inventory_turnover_ratio": 0.68,
            "account_receivable_turnover_ratio": 2.8,
            "reinvestment_rate": null,
            "research_to_sale_ratio": null,
            "price_fair": 0,
            "eps_avg_yearly": 0,
            "eps_latest_yearly": 0,
            "eps_growth_yearly": 0
        },
        "20092": {
            "year_quarter": 20092,
            "year": 2009,
            "quarter": 2,
            "eps": 0.18,
            "eps_growth_year": null,
            "eps_4q": -12,
            "eps_4q_growth_year": null,
            "roe": 0.66,
            "roe_4q": -47.870000000000005,
            "gross_profit": 166993,
            "gross_margin": 13.06,
            "gross_margin_4q_avg": -1.09,
            "net_income": 10868,
            "revenue": 1278574,
            "common_shares": 2495921,
            "book_valuer_per_share": 4.1,
            "book_valuer_per_share_4q_avg": 4.17,
            "equity": 1639505,
            "current_ratio": 124.82,
            "debt_ratio": 78.28,
            "inventory_turnover_ratio": 0.6,
            "account_receivable_turnover_ratio": 3.67,
            "reinvestment_rate": null,
            "research_to_sale_ratio": null,
            "price_fair": 0,
            "eps_avg_yearly": 0,
            "eps_latest_yearly": 0,
            "eps_growth_yearly": 0
        },
        "20093": {
            "year_quarter": 20093,
            "year": 2009,
            "quarter": 3,
            "eps": -0.67,
            "eps_growth_year": null,
            "eps_4q": -3.43,
            "eps_4q_growth_year": null,
            "roe": -8.25,
            "roe_4q": -45.730000000000004,
            "gross_profit": 59825,
            "gross_margin": 5.01,
            "gross_margin_4q_avg": 1.29,
            "net_income": -126624,
            "revenue": 1193288,
            "common_shares": 1871941,
            "book_valuer_per_share": 4.67,
            "book_valuer_per_share_4q_avg": 4.4,
            "equity": 1428367,
            "current_ratio": 117.57,
            "debt_ratio": 79.32,
            "inventory_turnover_ratio": 0.63,
            "account_receivable_turnover_ratio": 3.49,
            "reinvestment_rate": null,
            "research_to_sale_ratio": null,
            "price_fair": 0,
            "eps_avg_yearly": 0,
            "eps_latest_yearly": 0,
            "eps_growth_yearly": 0
        },
        "20094": {
            "year_quarter": 20094,
            "year": 2009,
            "quarter": 4,
            "eps": -0.65,
            "eps_growth_year": null,
            "eps_4q": -3,
            "eps_4q_growth_year": null,
            "roe": -9.92,
            "roe_4q": -37.370000000000005,
            "gross_profit": -1011,
            "gross_margin": -0.08,
            "gross_margin_4q_avg": 0.39,
            "net_income": -138408,
            "revenue": 1264341,
            "common_shares": 1871941,
            "book_valuer_per_share": 6.12,
            "book_valuer_per_share_4q_avg": 4.7,
            "equity": 1363053,
            "current_ratio": 119.41,
            "debt_ratio": 79.71,
            "inventory_turnover_ratio": 0.74,
            "account_receivable_turnover_ratio": 7.15,
            "reinvestment_rate": null,
            "research_to_sale_ratio": null,
            "price_fair": 0,
            "eps_avg_yearly": 0,
            "eps_latest_yearly": 0,
            "eps_growth_yearly": 0
        },
        "20101": {
            "year_quarter": 20101,
            "year": 2010,
            "quarter": 1,
            "eps": -0.51,
            "eps_growth_year": null,
            "eps_4q": -1.59,
            "eps_4q_growth_year": null,
            "roe": -6.88,
            "roe_4q": -24.39,
            "gross_profit": 37535,
            "gross_margin": 3.75,
            "gross_margin_4q_avg": 5.44,
            "net_income": -89753,
            "revenue": 1001232,
            "common_shares": 1871941,
            "book_valuer_per_share": 5.42,
            "book_valuer_per_share_4q_avg": 5.08,
            "equity": 1245581,
            "current_ratio": 124.77,
            "debt_ratio": 81.05,
            "inventory_turnover_ratio": 0.6,
            "account_receivable_turnover_ratio": 2.93,
            "reinvestment_rate": null,
            "research_to_sale_ratio": 1.14,
            "price_fair": 0,
            "eps_avg_yearly": 0,
            "eps_latest_yearly": 0,
            "eps_growth_yearly": 0
        },
        "20102": {
            "year_quarter": 20102,
            "year": 2010,
            "quarter": 2,
            "eps": -0.03,
            "eps_growth_year": -117.75,
            "eps_4q": -1.86,
            "eps_4q_growth_year": null,
            "roe": -2.68,
            "roe_4q": -27.73,
            "gross_profit": 69440,
            "gross_margin": 5.87,
            "gross_margin_4q_avg": 3.64,
            "net_income": -31945,
            "revenue": 1182610,
            "common_shares": 1871941,
            "book_valuer_per_share": 5,
            "book_valuer_per_share_4q_avg": 5.3,
            "equity": 1134518,
            "current_ratio": 111.92,
            "debt_ratio": 82.71,
            "inventory_turnover_ratio": 0.72,
            "account_receivable_turnover_ratio": 2.81,
            "reinvestment_rate": null,
            "research_to_sale_ratio": 1.1,
            "price_fair": 0,
            "eps_avg_yearly": 0,
            "eps_latest_yearly": 0,
            "eps_growth_yearly": 0
        },
        "20103": {
            "year_quarter": 20103,
            "year": 2010,
            "quarter": 3,
            "eps": -0.65,
            "eps_growth_year": null,
            "eps_4q": -1.8,
            "eps_4q_growth_year": null,
            "roe": -11.84,
            "roe_4q": -31.32,
            "gross_profit": 30127,
            "gross_margin": 2.76,
            "gross_margin_4q_avg": 3.08,
            "net_income": -129658,
            "revenue": 1091967,
            "common_shares": 1871941,
            "book_valuer_per_share": 4.5,
            "book_valuer_per_share_4q_avg": 5.26,
            "equity": 1055877,
            "current_ratio": 99.62,
            "debt_ratio": 83.49,
            "inventory_turnover_ratio": 0.74,
            "account_receivable_turnover_ratio": 2.45,
            "reinvestment_rate": null,
            "research_to_sale_ratio": 1.19,
            "price_fair": 0,
            "eps_avg_yearly": 0,
            "eps_latest_yearly": 0,
            "eps_growth_yearly": 0
        },
        "20104": {
            "year_quarter": 20104,
            "year": 2010,
            "quarter": 4,
            "eps": -0.76,
            "eps_growth_year": null,
            "eps_4q": -1.93,
            "eps_4q_growth_year": null,
            "roe": -12.25,
            "roe_4q": -33.65,
            "gross_profit": 6577,
            "gross_margin": 0.56,
            "gross_margin_4q_avg": 3.24,
            "net_income": -120147,
            "revenue": 1173888,
            "common_shares": 1871941,
            "book_valuer_per_share": 3.55,
            "book_valuer_per_share_4q_avg": 4.62,
            "equity": 905172,
            "current_ratio": 73.02,
            "debt_ratio": 85.71,
            "inventory_turnover_ratio": 0.87,
            "account_receivable_turnover_ratio": 3.25,
            "reinvestment_rate": null,
            "research_to_sale_ratio": 1.06,
            "price_fair": 0,
            "eps_avg_yearly": 0,
            "eps_latest_yearly": 0,
            "eps_growth_yearly": 0
        },
        "20111": {
            "year_quarter": 20111,
            "year": 2011,
            "quarter": 1,
            "eps": -0.29,
            "eps_growth_year": null,
            "eps_4q": -1.73,
            "eps_4q_growth_year": null,
            "roe": -5.92,
            "roe_4q": -32.690000000000005,
            "gross_profit": 67908,
            "gross_margin": 6.84,
            "gross_margin_4q_avg": 4.01,
            "net_income": -51552,
            "revenue": 993145,
            "common_shares": 1871941,
            "book_valuer_per_share": 3.13,
            "book_valuer_per_share_4q_avg": 4.05,
            "equity": 836271,
            "current_ratio": 70.63,
            "debt_ratio": 86.55,
            "inventory_turnover_ratio": 0.68,
            "account_receivable_turnover_ratio": 2.77,
            "reinvestment_rate": null,
            "research_to_sale_ratio": 1.15,
            "price_fair": 0,
            "eps_avg_yearly": 0,
            "eps_latest_yearly": 0,
            "eps_growth_yearly": 0
        },
        "20112": {
            "year_quarter": 20112,
            "year": 2011,
            "quarter": 2,
            "eps": -0.27,
            "eps_growth_year": null,
            "eps_4q": -1.88,
            "eps_4q_growth_year": null,
            "roe": -10.31,
            "roe_4q": -40.32,
            "gross_profit": 50881,
            "gross_margin": 4.72,
            "gross_margin_4q_avg": 3.72,
            "net_income": -81198,
            "revenue": 1077011,
            "common_shares": 1871941,
            "book_valuer_per_share": 2.8,
            "book_valuer_per_share_4q_avg": 3.5,
            "equity": 738884,
            "current_ratio": 70.94,
            "debt_ratio": 88.51,
            "inventory_turnover_ratio": 0.75,
            "account_receivable_turnover_ratio": 2.73,
            "reinvestment_rate": null,
            "research_to_sale_ratio": 1.16,
            "price_fair": 0,
            "eps_avg_yearly": 0,
            "eps_latest_yearly": 0,
            "eps_growth_yearly": 0
        },
        "20113": {
            "year_quarter": 20113,
            "year": 2011,
            "quarter": 3,
            "eps": -0.67,
            "eps_growth_year": null,
            "eps_4q": -1.92,
            "eps_4q_growth_year": null,
            "roe": -23.71,
            "roe_4q": -52.190000000000005,
            "gross_profit": -1767,
            "gross_margin": -0.16,
            "gross_margin_4q_avg": 2.99,
            "net_income": -147640,
            "revenue": 1102801,
            "common_shares": 1871941,
            "book_valuer_per_share": 1.57,
            "book_valuer_per_share_4q_avg": 2.76,
            "equity": 506657,
            "current_ratio": 63.36,
            "debt_ratio": 91.76,
            "inventory_turnover_ratio": 0.84,
            "account_receivable_turnover_ratio": 2.75,
            "reinvestment_rate": null,
            "research_to_sale_ratio": 1.04,
            "price_fair": 0,
            "eps_avg_yearly": 0,
            "eps_latest_yearly": 0,
            "eps_growth_yearly": 0
        },
        "20114": {
            "year_quarter": 20114,
            "year": 2011,
            "quarter": 4,
            "eps": -0.07,
            "eps_growth_year": null,
            "eps_4q": -1.27,
            "eps_4q_growth_year": null,
            "roe": -2.18,
            "roe_4q": -42.120000000000005,
            "gross_profit": 103082,
            "gross_margin": 7.09,
            "gross_margin_4q_avg": 4.62,
            "net_income": -10802,
            "revenue": 1452901,
            "common_shares": 1871941,
            "book_valuer_per_share": 1.43,
            "book_valuer_per_share_4q_avg": 2.23,
            "equity": 483568,
            "current_ratio": 92.21,
            "debt_ratio": 91.7,
            "inventory_turnover_ratio": 1.09,
            "account_receivable_turnover_ratio": 3.81,
            "reinvestment_rate": null,
            "research_to_sale_ratio": 0.96,
            "price_fair": 0,
            "eps_avg_yearly": 0,
            "eps_latest_yearly": 0,
            "eps_growth_yearly": 0
        },
        "20121": {
            "year_quarter": 20121,
            "year": 2012,
            "quarter": 1,
            "eps": -0.12,
            "eps_growth_year": null,
            "eps_4q": -1.12,
            "eps_4q_growth_year": null,
            "roe": -3.6,
            "roe_4q": -39.800000000000004,
            "gross_profit": 38412,
            "gross_margin": 4.25,
            "gross_margin_4q_avg": 3.98,
            "net_income": -18500,
            "revenue": 903021,
            "common_shares": 1871941,
            "book_valuer_per_share": 1.86,
            "book_valuer_per_share_4q_avg": 1.92,
            "equity": 543713,
            "current_ratio": 93.63,
            "debt_ratio": 90.67,
            "inventory_turnover_ratio": 0.71,
            "account_receivable_turnover_ratio": 2.55,
            "reinvestment_rate": null,
            "research_to_sale_ratio": 1.25,
            "price_fair": 0,
            "eps_avg_yearly": 0,
            "eps_latest_yearly": 0,
            "eps_growth_yearly": 0
        },
        "20122": {
            "year_quarter": 20122,
            "year": 2012,
            "quarter": 2,
            "eps": -0.04,
            "eps_growth_year": null,
            "eps_4q": -0.89,
            "eps_4q_growth_year": null,
            "roe": -7.36,
            "roe_4q": -36.85,
            "gross_profit": 47128,
            "gross_margin": 4.52,
            "gross_margin_4q_avg": 3.93,
            "net_income": -36604,
            "revenue": 1043501,
            "common_shares": 1871941,
            "book_valuer_per_share": 1.58,
            "book_valuer_per_share_4q_avg": 1.61,
            "equity": 450774,
            "current_ratio": 89.54,
            "debt_ratio": 92.25,
            "inventory_turnover_ratio": 0.82,
            "account_receivable_turnover_ratio": 2.77,
            "reinvestment_rate": null,
            "research_to_sale_ratio": 1.19,
            "price_fair": 0,
            "eps_avg_yearly": 0,
            "eps_latest_yearly": 0,
            "eps_growth_yearly": 0
        },
        "20123": {
            "year_quarter": 20123,
            "year": 2012,
            "quarter": 3,
            "eps": -1.26,
            "eps_growth_year": null,
            "eps_4q": -1.46,
            "eps_4q_growth_year": null,
            "roe": -50.8,
            "roe_4q": -63.94,
            "gross_profit": -8461,
            "gross_margin": -1.07,
            "gross_margin_4q_avg": 3.7,
            "net_income": -258570,
            "revenue": 788117,
            "common_shares": 1871941,
            "book_valuer_per_share": 1.65,
            "book_valuer_per_share_4q_avg": 1.63,
            "equity": 567178,
            "current_ratio": 178.48,
            "debt_ratio": 85.02,
            "inventory_turnover_ratio": 0.83,
            "account_receivable_turnover_ratio": 2.62,
            "reinvestment_rate": null,
            "research_to_sale_ratio": 1.5,
            "price_fair": 0,
            "eps_avg_yearly": 0,
            "eps_latest_yearly": 0,
            "eps_growth_yearly": 0
        },
        "20124": {
            "year_quarter": 20124,
            "year": 2012,
            "quarter": 4,
            "eps": -0.44,
            "eps_growth_year": null,
            "eps_4q": -1.84,
            "eps_4q_growth_year": null,
            "roe": -10.15,
            "roe_4q": -71.91,
            "gross_profit": 33611,
            "gross_margin": 2.62,
            "gross_margin_4q_avg": 2.58,
            "net_income": -53635,
            "revenue": 1281813,
            "common_shares": 1871941,
            "book_valuer_per_share": 1.07,
            "book_valuer_per_share_4q_avg": 1.54,
            "equity": 489584,
            "current_ratio": 159.63,
            "debt_ratio": 87.65,
            "inventory_turnover_ratio": 1.64,
            "account_receivable_turnover_ratio": 4.82,
            "reinvestment_rate": null,
            "research_to_sale_ratio": 0.98,
            "price_fair": 0,
            "eps_avg_yearly": 0,
            "eps_latest_yearly": 0,
            "eps_growth_yearly": 0
        },
        "20131": {
            "year_quarter": 20131,
            "year": 2013,
            "quarter": 1,
            "eps": -0.29,
            "eps_growth_year": null,
            "eps_4q": -2.02,
            "eps_4q_growth_year": null,
            "roe": -13.51,
            "roe_4q": -81.82,
            "gross_profit": 20810,
            "gross_margin": 2.64,
            "gross_margin_4q_avg": 2.18,
            "net_income": -57969,
            "revenue": 788657,
            "common_shares": 1871941,
            "book_valuer_per_share": 0.44,
            "book_valuer_per_share_4q_avg": 1.19,
            "equity": 368397,
            "current_ratio": 150.29,
            "debt_ratio": 90.83,
            "inventory_turnover_ratio": 0.92,
            "account_receivable_turnover_ratio": 2.17,
            "reinvestment_rate": null,
            "research_to_sale_ratio": 2.05,
            "price_fair": 0,
            "eps_avg_yearly": 0,
            "eps_latest_yearly": 0,
            "eps_growth_yearly": 0
        },
        "20132": {
            "year_quarter": 20132,
            "year": 2013,
            "quarter": 2,
            "eps": -0.18,
            "eps_growth_year": null,
            "eps_4q": -2.17,
            "eps_4q_growth_year": null,
            "roe": -3.07,
            "roe_4q": -77.53,
            "gross_profit": 79023,
            "gross_margin": 7.69,
            "gross_margin_4q_avg": 2.97,
            "net_income": -11355,
            "revenue": 1027377,
            "common_shares": 1871941,
            "book_valuer_per_share": 0.41,
            "book_valuer_per_share_4q_avg": 0.89,
            "equity": 371440,
            "current_ratio": 154.86,
            "debt_ratio": 90.53,
            "inventory_turnover_ratio": 1.12,
            "account_receivable_turnover_ratio": 2.74,
            "reinvestment_rate": null,
            "research_to_sale_ratio": 1.21,
            "price_fair": 0,
            "eps_avg_yearly": 0,
            "eps_latest_yearly": 0,
            "eps_growth_yearly": 0
        },
        "20133": {
            "year_quarter": 20133,
            "year": 2013,
            "quarter": 3,
            "eps": -0.26,
            "eps_growth_year": null,
            "eps_4q": -0.83,
            "eps_4q_growth_year": null,
            "roe": -17.49,
            "roe_4q": -44.22,
            "gross_profit": 24963,
            "gross_margin": 2.89,
            "gross_margin_4q_avg": 3.96,
            "net_income": -69354,
            "revenue": 863891,
            "common_shares": 2762941,
            "book_valuer_per_share": 0.48,
            "book_valuer_per_share_4q_avg": 0.6,
            "equity": 421698,
            "current_ratio": 161.02,
            "debt_ratio": 89.02,
            "inventory_turnover_ratio": 0.95,
            "account_receivable_turnover_ratio": 2.75,
            "reinvestment_rate": null,
            "research_to_sale_ratio": 1.76,
            "price_fair": 0,
            "eps_avg_yearly": 0,
            "eps_latest_yearly": 0,
            "eps_growth_yearly": 0
        },
        "20134": {
            "year_quarter": 20134,
            "year": 2013,
            "quarter": 4,
            "eps": -0.1,
            "eps_growth_year": null,
            "eps_4q": -0.64,
            "eps_4q_growth_year": null,
            "roe": -5.16,
            "roe_4q": -39.23,
            "gross_profit": 62188,
            "gross_margin": 5.97,
            "gross_margin_4q_avg": 4.8,
            "net_income": -22634,
            "revenue": 1041211,
            "common_shares": 2762941,
            "book_valuer_per_share": 0.56,
            "book_valuer_per_share_4q_avg": 0.47,
            "equity": 455548,
            "current_ratio": 77.94,
            "debt_ratio": 88.53,
            "inventory_turnover_ratio": 1.09,
            "account_receivable_turnover_ratio": 3.4,
            "reinvestment_rate": null,
            "research_to_sale_ratio": 1.28,
            "price_fair": 0,
            "eps_avg_yearly": 0,
            "eps_latest_yearly": 0,
            "eps_growth_yearly": 0
        },
        "20141": {
            "year_quarter": 20141,
            "year": 2014,
            "quarter": 1,
            "eps": -0.32,
            "eps_growth_year": null,
            "eps_4q": -0.71,
            "eps_4q_growth_year": null,
            "roe": -24.89,
            "roe_4q": -50.61,
            "gross_profit": -5707,
            "gross_margin": -0.74,
            "gross_margin_4q_avg": 3.95,
            "net_income": -104812,
            "revenue": 769981,
            "common_shares": 3062941,
            "book_valuer_per_share": 0.32,
            "book_valuer_per_share_4q_avg": 0.44,
            "equity": 386665,
            "current_ratio": 75.24,
            "debt_ratio": 89.97,
            "inventory_turnover_ratio": 0.92,
            "account_receivable_turnover_ratio": 2.29,
            "reinvestment_rate": null,
            "research_to_sale_ratio": 1.75,
            "price_fair": 0,
            "eps_avg_yearly": 0,
            "eps_latest_yearly": 0,
            "eps_growth_yearly": 0
        },
        "20142": {
            "year_quarter": 20142,
            "year": 2014,
            "quarter": 2,
            "eps": -0.11,
            "eps_growth_year": null,
            "eps_4q": -0.66,
            "eps_4q_growth_year": null,
            "roe": -4.71,
            "roe_4q": -52.25,
            "gross_profit": 27220,
            "gross_margin": 3.2,
            "gross_margin_4q_avg": 2.83,
            "net_income": -38480,
            "revenue": 851060,
            "common_shares": 3371941,
            "book_valuer_per_share": 2.88,
            "book_valuer_per_share_4q_avg": 1.06,
            "equity": 1247429,
            "current_ratio": 73.58,
            "debt_ratio": 73.6,
            "inventory_turnover_ratio": 1.04,
            "account_receivable_turnover_ratio": 2.81,
            "reinvestment_rate": null,
            "research_to_sale_ratio": 1.52,
            "price_fair": 0,
            "eps_avg_yearly": 0,
            "eps_latest_yearly": 0,
            "eps_growth_yearly": 0
        },
        "20143": {
            "year_quarter": 20143,
            "year": 2014,
            "quarter": 3,
            "eps": -0.5,
            "eps_growth_year": null,
            "eps_4q": -1.81,
            "eps_4q_growth_year": null,
            "roe": -4.8,
            "roe_4q": -39.56,
            "gross_profit": 28304,
            "gross_margin": 2.85,
            "gross_margin_4q_avg": 2.82,
            "net_income": -58137,
            "revenue": 993014,
            "common_shares": 1200000,
            "book_valuer_per_share": 7.47,
            "book_valuer_per_share_4q_avg": 2.81,
            "equity": 1174298,
            "current_ratio": 70.99,
            "debt_ratio": 75.74,
            "inventory_turnover_ratio": 1.21,
            "account_receivable_turnover_ratio": 3.23,
            "reinvestment_rate": null,
            "research_to_sale_ratio": 1.28,
            "price_fair": 0,
            "eps_avg_yearly": 0,
            "eps_latest_yearly": 0,
            "eps_growth_yearly": 0
        },
        "20144": {
            "year_quarter": 20144,
            "year": 2014,
            "quarter": 4,
            "eps": 1.99,
            "eps_growth_year": null,
            "eps_4q": 0.39,
            "eps_4q_growth_year": null,
            "roe": 14.83,
            "roe_4q": -19.57,
            "gross_profit": -41484,
            "gross_margin": -4.93,
            "gross_margin_4q_avg": 0.1,
            "net_income": 189331,
            "revenue": 841740,
            "common_shares": 1200000,
            "book_valuer_per_share": 9.55,
            "book_valuer_per_share_4q_avg": 5.06,
            "equity": 1378526,
            "current_ratio": 121.9,
            "debt_ratio": 73.06,
            "inventory_turnover_ratio": 1.06,
            "account_receivable_turnover_ratio": 2.57,
            "reinvestment_rate": null,
            "research_to_sale_ratio": 1.03,
            "price_fair": 0,
            "eps_avg_yearly": 0,
            "eps_latest_yearly": 0,
            "eps_growth_yearly": 0
        },
        "20151": {
            "year_quarter": 20151,
            "year": 2015,
            "quarter": 1,
            "eps": -0.52,
            "eps_growth_year": null,
            "eps_4q": 0.65,
            "eps_4q_growth_year": null,
            "roe": -5.07,
            "roe_4q": 0.25,
            "gross_profit": 30928,
            "gross_margin": 4.76,
            "gross_margin_4q_avg": 1.47,
            "net_income": -68561,
            "revenue": 649528,
            "common_shares": 1200000,
            "book_valuer_per_share": 9.14,
            "book_valuer_per_share_4q_avg": 7.26,
            "equity": 1323775,
            "current_ratio": 119.07,
            "debt_ratio": 73.53,
            "inventory_turnover_ratio": 0.71,
            "account_receivable_turnover_ratio": 2.25,
            "reinvestment_rate": null,
            "research_to_sale_ratio": 1.95,
            "price_fair": 0,
            "eps_avg_yearly": 0,
            "eps_latest_yearly": 0,
            "eps_growth_yearly": 0
        },
        "20152": {
            "year_quarter": 20152,
            "year": 2015,
            "quarter": 2,
            "eps": -1.07,
            "eps_growth_year": null,
            "eps_4q": -0.11,
            "eps_4q_growth_year": null,
            "roe": -9.83,
            "roe_4q": -4.87,
            "gross_profit": -54254,
            "gross_margin": -6.77,
            "gross_margin_4q_avg": -1.02,
            "net_income": -123745,
            "revenue": 801589,
            "common_shares": 1200000,
            "book_valuer_per_share": 8.01,
            "book_valuer_per_share_4q_avg": 8.54,
            "equity": 1193056,
            "current_ratio": 108.46,
            "debt_ratio": 76.28,
            "inventory_turnover_ratio": 1.02,
            "account_receivable_turnover_ratio": 2.76,
            "reinvestment_rate": null,
            "research_to_sale_ratio": 1.61,
            "price_fair": 0,
            "eps_avg_yearly": 0,
            "eps_latest_yearly": 0,
            "eps_growth_yearly": 0
        },
        "20153": {
            "year_quarter": 20153,
            "year": 2015,
            "quarter": 3,
            "eps": -0.55,
            "eps_growth_year": null,
            "eps_4q": -0.16,
            "eps_4q_growth_year": null,
            "roe": -5.74,
            "roe_4q": -5.8100000000000005,
            "gross_profit": 40974,
            "gross_margin": 5.43,
            "gross_margin_4q_avg": -0.38,
            "net_income": -65955,
            "revenue": 754915,
            "common_shares": 1200000,
            "book_valuer_per_share": 7.17,
            "book_valuer_per_share_4q_avg": 8.47,
            "equity": 1103807,
            "current_ratio": 114.59,
            "debt_ratio": 79.61,
            "inventory_turnover_ratio": 0.89,
            "account_receivable_turnover_ratio": 2.34,
            "reinvestment_rate": null,
            "research_to_sale_ratio": 1.98,
            "price_fair": 0,
            "eps_avg_yearly": 0,
            "eps_latest_yearly": 0,
            "eps_growth_yearly": 0
        },
        "20154": {
            "year_quarter": 20154,
            "year": 2015,
            "quarter": 4,
            "eps": -0.11,
            "eps_growth_year": -105.53,
            "eps_4q": -2.23,
            "eps_4q_growth_year": -664.66,
            "roe": -1.13,
            "roe_4q": -21.77,
            "gross_profit": 32086,
            "gross_margin": 3.58,
            "gross_margin_4q_avg": 1.75,
            "net_income": -12477,
            "revenue": 896859,
            "common_shares": 1200000,
            "book_valuer_per_share": 7.23,
            "book_valuer_per_share_4q_avg": 7.89,
            "equity": 1110136,
            "current_ratio": 117.76,
            "debt_ratio": 79.17,
            "inventory_turnover_ratio": 1.06,
            "account_receivable_turnover_ratio": 2.89,
            "reinvestment_rate": null,
            "research_to_sale_ratio": 1.56,
            "price_fair": 0,
            "eps_avg_yearly": 0,
            "eps_latest_yearly": 0,
            "eps_growth_yearly": 0
        },
        "20161": {
            "year_quarter": 20161,
            "year": 2016,
            "quarter": 1,
            "eps": -0.82,
            "eps_growth_year": null,
            "eps_4q": -2.54,
            "eps_4q_growth_year": -489.48,
            "roe": -10.54,
            "roe_4q": -27.239999999999995,
            "gross_profit": -4513,
            "gross_margin": -0.7,
            "gross_margin_4q_avg": 0.39,
            "net_income": -110848,
            "revenue": 647448,
            "common_shares": 1200000,
            "book_valuer_per_share": 6.36,
            "book_valuer_per_share_4q_avg": 7.19,
            "equity": 993844,
            "current_ratio": 113.26,
            "debt_ratio": 80.8,
            "inventory_turnover_ratio": 0.8,
            "account_receivable_turnover_ratio": 2.06,
            "reinvestment_rate": null,
            "research_to_sale_ratio": 2.2,
            "price_fair": 0,
            "eps_avg_yearly": 0,
            "eps_latest_yearly": 0,
            "eps_growth_yearly": 0
        },
        "20162": {
            "year_quarter": 20162,
            "year": 2016,
            "quarter": 2,
            "eps": -0.53,
            "eps_growth_year": null,
            "eps_4q": -2.01,
            "eps_4q_growth_year": null,
            "roe": -5.34,
            "roe_4q": -22.75,
            "gross_profit": 46417,
            "gross_margin": 6.05,
            "gross_margin_4q_avg": 3.59,
            "net_income": -51226,
            "revenue": 766693,
            "common_shares": 1200000,
            "book_valuer_per_share": 5.68,
            "book_valuer_per_share_4q_avg": 6.61,
            "equity": 924239,
            "current_ratio": 111.08,
            "debt_ratio": 82.06,
            "inventory_turnover_ratio": 0.9,
            "account_receivable_turnover_ratio": 2.26,
            "reinvestment_rate": null,
            "research_to_sale_ratio": 1.86,
            "price_fair": 0,
            "eps_avg_yearly": 0,
            "eps_latest_yearly": 0,
            "eps_growth_yearly": 0
        },
        "20163": {
            "year_quarter": 20163,
            "year": 2016,
            "quarter": 3,
            "eps": -0.19,
            "eps_growth_year": null,
            "eps_4q": -1.66,
            "eps_4q_growth_year": null,
            "roe": -1.82,
            "roe_4q": -18.83,
            "gross_profit": 76584,
            "gross_margin": 9.27,
            "gross_margin_4q_avg": 4.55,
            "net_income": -16670,
            "revenue": 826352,
            "common_shares": 1200000,
            "book_valuer_per_share": 5.5,
            "book_valuer_per_share_4q_avg": 6.19,
            "equity": 909002,
            "current_ratio": 107.62,
            "debt_ratio": 82.74,
            "inventory_turnover_ratio": 0.91,
            "account_receivable_turnover_ratio": 2.19,
            "reinvestment_rate": null,
            "research_to_sale_ratio": 1.89,
            "price_fair": 0,
            "eps_avg_yearly": 0,
            "eps_latest_yearly": 0,
            "eps_growth_yearly": 0
        },
        "20164": {
            "year_quarter": 20164,
            "year": 2016,
            "quarter": 4,
            "eps": -0.02,
            "eps_growth_year": null,
            "eps_4q": -1.56,
            "eps_4q_growth_year": null,
            "roe": -0.36,
            "roe_4q": -18.06,
            "gross_profit": 36991,
            "gross_margin": 4.82,
            "gross_margin_4q_avg": 4.86,
            "net_income": -3280,
            "revenue": 766892,
            "common_shares": 1200000,
            "book_valuer_per_share": 5.52,
            "book_valuer_per_share_4q_avg": 5.77,
            "equity": 907678,
            "current_ratio": 109.36,
            "debt_ratio": 82.56,
            "inventory_turnover_ratio": 0.88,
            "account_receivable_turnover_ratio": 1.82,
            "reinvestment_rate": null,
            "research_to_sale_ratio": 1.84,
            "price_fair": 0,
            "eps_avg_yearly": 0,
            "eps_latest_yearly": 0,
            "eps_growth_yearly": 0
        },
        "20171": {
            "year_quarter": 20171,
            "year": 2017,
            "quarter": 1,
            "eps": -0.15,
            "eps_growth_year": null,
            "eps_4q": -0.88,
            "eps_4q_growth_year": null,
            "roe": -2.07,
            "roe_4q": -9.59,
            "gross_profit": 75322,
            "gross_margin": 11.49,
            "gross_margin_4q_avg": 7.91,
            "net_income": -18626,
            "revenue": 655515,
            "common_shares": 1200000,
            "book_valuer_per_share": 5.39,
            "book_valuer_per_share_4q_avg": 5.52,
            "equity": 891620,
            "current_ratio": 66.58,
            "debt_ratio": 82.83,
            "inventory_turnover_ratio": 0.7,
            "account_receivable_turnover_ratio": 1.62,
            "reinvestment_rate": null,
            "research_to_sale_ratio": 2.18,
            "price_fair": 0,
            "eps_avg_yearly": 0,
            "eps_latest_yearly": 0,
            "eps_growth_yearly": 0
        },
        "20172": {
            "year_quarter": 20172,
            "year": 2017,
            "quarter": 2,
            "eps": -0.19,
            "eps_growth_year": null,
            "eps_4q": -0.55,
            "eps_4q_growth_year": null,
            "roe": -2.23,
            "roe_4q": -6.48,
            "gross_profit": 67851,
            "gross_margin": 9.08,
            "gross_margin_4q_avg": 8.67,
            "net_income": -19473,
            "revenue": 747471,
            "common_shares": 1200000,
            "book_valuer_per_share": 5.05,
            "book_valuer_per_share_4q_avg": 5.37,
            "equity": 854555,
            "current_ratio": 68.4,
            "debt_ratio": 83.83,
            "inventory_turnover_ratio": 0.79,
            "account_receivable_turnover_ratio": 2.08,
            "reinvestment_rate": null,
            "research_to_sale_ratio": 1.94,
            "price_fair": 0,
            "eps_avg_yearly": 0,
            "eps_latest_yearly": 0,
            "eps_growth_yearly": 0
        },
        "20173": {
            "year_quarter": 20173,
            "year": 2017,
            "quarter": 3,
            "eps": 0.26,
            "eps_growth_year": null,
            "eps_4q": -0.09,
            "eps_4q_growth_year": null,
            "roe": 2.95,
            "roe_4q": -1.7099999999999995,
            "gross_profit": 29489,
            "gross_margin": 4.86,
            "gross_margin_4q_avg": 7.56,
            "net_income": 25623,
            "revenue": 606620,
            "common_shares": 1200000,
            "book_valuer_per_share": 5.35,
            "book_valuer_per_share_4q_avg": 5.33,
            "equity": 884286,
            "current_ratio": 65.45,
            "debt_ratio": 83.46,
            "inventory_turnover_ratio": 0.69,
            "account_receivable_turnover_ratio": 1.74,
            "reinvestment_rate": null,
            "research_to_sale_ratio": 2.38,
            "price_fair": 0,
            "eps_avg_yearly": 0,
            "eps_latest_yearly": 0,
            "eps_growth_yearly": 0
        },
        "20174": {
            "year_quarter": 20174,
            "year": 2017,
            "quarter": 4,
            "eps": 0.55,
            "eps_growth_year": null,
            "eps_4q": 0.47,
            "eps_4q_growth_year": null,
            "roe": 7.54,
            "roe_4q": 6.1899999999999995,
            "gross_profit": 34537,
            "gross_margin": 5.25,
            "gross_margin_4q_avg": 7.67,
            "net_income": 69755,
            "revenue": 657492,
            "common_shares": 1200000,
            "book_valuer_per_share": 5.98,
            "book_valuer_per_share_4q_avg": 5.44,
            "equity": 964907,
            "current_ratio": 97.87,
            "debt_ratio": 82.35,
            "inventory_turnover_ratio": 0.77,
            "account_receivable_turnover_ratio": 1.85,
            "reinvestment_rate": null,
            "research_to_sale_ratio": 2.09,
            "price_fair": 77,
            "eps_avg_yearly": 2.2,
            "eps_latest_yearly": 2.2,
            "eps_growth_yearly": 446.15
        },
        "20181": {
            "year_quarter": 20181,
            "year": 2018,
            "quarter": 1,
            "eps": -0.73,
            "eps_growth_year": null,
            "eps_4q": -0.11,
            "eps_4q_growth_year": null,
            "roe": -11.26,
            "roe_4q": -2.9999999999999996,
            "gross_profit": -1891,
            "gross_margin": -0.34,
            "gross_margin_4q_avg": 4.71,
            "net_income": -106335,
            "revenue": 552697,
            "common_shares": 1200000,
            "book_valuer_per_share": 5.67,
            "book_valuer_per_share_4q_avg": 5.51,
            "equity": 923378,
            "current_ratio": 91.36,
            "debt_ratio": 83.01,
            "inventory_turnover_ratio": 0.69,
            "account_receivable_turnover_ratio": 1.75,
            "reinvestment_rate": null,
            "research_to_sale_ratio": 2.83,
            "price_fair": 77,
            "eps_avg_yearly": 2.2,
            "eps_latest_yearly": 2.2,
            "eps_growth_yearly": 446.15
        },
        "20182": {
            "year_quarter": 20182,
            "year": 2018,
            "quarter": 2,
            "eps": -0.54,
            "eps_growth_year": null,
            "eps_4q": -0.46,
            "eps_4q_growth_year": null,
            "roe": -9.77,
            "roe_4q": -10.540000000000003,
            "gross_profit": 17704,
            "gross_margin": 2.8,
            "gross_margin_4q_avg": 3.14,
            "net_income": -87169,
            "revenue": 631986,
            "common_shares": 1200000,
            "book_valuer_per_share": 5.39,
            "book_valuer_per_share_4q_avg": 5.6,
            "equity": 861371,
            "current_ratio": 88.84,
            "debt_ratio": 84.51,
            "inventory_turnover_ratio": 0.73,
            "account_receivable_turnover_ratio": 2.19,
            "reinvestment_rate": null,
            "research_to_sale_ratio": 2.36,
            "price_fair": 77,
            "eps_avg_yearly": 2.2,
            "eps_latest_yearly": 2.2,
            "eps_growth_yearly": 446.15
        },
        "20183": {
            "year_quarter": 20183,
            "year": 2018,
            "quarter": 3,
            "eps": 0.75,
            "eps_growth_year": 188.46,
            "eps_4q": 0.03,
            "eps_4q_growth_year": null,
            "roe": 9.03,
            "roe_4q": -4.46,
            "gross_profit": 49958,
            "gross_margin": 7.99,
            "gross_margin_4q_avg": 3.93,
            "net_income": 81127,
            "revenue": 625475,
            "common_shares": 1200000,
            "book_valuer_per_share": 6.11,
            "book_valuer_per_share_4q_avg": 5.79,
            "equity": 934760,
            "current_ratio": 81.83,
            "debt_ratio": 84.01,
            "inventory_turnover_ratio": 0.69,
            "account_receivable_turnover_ratio": 2.24,
            "reinvestment_rate": null,
            "research_to_sale_ratio": 2.27,
            "price_fair": 77,
            "eps_avg_yearly": 2.2,
            "eps_latest_yearly": 2.2,
            "eps_growth_yearly": 446.15
        },
        "20184": {
            "year_quarter": 20184,
            "year": 2018,
            "quarter": 4,
            "eps": -0.34,
            "eps_growth_year": -162.38,
            "eps_4q": -0.85,
            "eps_4q_growth_year": -281.72,
            "roe": -6.03,
            "roe_4q": -18.03,
            "gross_profit": 72327,
            "gross_margin": 11.15,
            "gross_margin_4q_avg": 5.4,
            "net_income": -52529,
            "revenue": 648922,
            "common_shares": 1200000,
            "book_valuer_per_share": 5.18,
            "book_valuer_per_share_4q_avg": 5.59,
            "equity": 808489,
            "current_ratio": 92.07,
            "debt_ratio": 86.38,
            "inventory_turnover_ratio": 0.68,
            "account_receivable_turnover_ratio": 2.32,
            "reinvestment_rate": null,
            "research_to_sale_ratio": 2.27,
            "price_fair": 77,
            "eps_avg_yearly": 2.2,
            "eps_latest_yearly": 2.2,
            "eps_growth_yearly": 446.15
        },
        "20191": {
            "year_quarter": 20191,
            "year": 2019,
            "quarter": 1,
            "eps": 0.36,
            "eps_growth_year": null,
            "eps_4q": 0.24,
            "eps_4q_growth_year": null,
            "roe": 3.85,
            "roe_4q": -2.92,
            "gross_profit": 76076,
            "gross_margin": 13.5,
            "gross_margin_4q_avg": 8.86,
            "net_income": 32073,
            "revenue": 563570,
            "common_shares": 1200000,
            "book_valuer_per_share": 5.67,
            "book_valuer_per_share_4q_avg": 5.59,
            "equity": 859385,
            "current_ratio": 77.65,
            "debt_ratio": 87.42,
            "inventory_turnover_ratio": 0.55,
            "account_receivable_turnover_ratio": 1.91,
            "reinvestment_rate": null,
            "research_to_sale_ratio": 2.64,
            "price_fair": 77,
            "eps_avg_yearly": 2.2,
            "eps_latest_yearly": 2.2,
            "eps_growth_yearly": 446.15
        },
        "20192": {
            "year_quarter": 20192,
            "year": 2019,
            "quarter": 2,
            "eps": -0.41,
            "eps_growth_year": null,
            "eps_4q": 0.36,
            "eps_4q_growth_year": null,
            "roe": -5.33,
            "roe_4q": 1.5199999999999996,
            "gross_profit": 59797,
            "gross_margin": 9.63,
            "gross_margin_4q_avg": 10.57,
            "net_income": -44855,
            "revenue": 620881,
            "common_shares": 1200000,
            "book_valuer_per_share": 5.34,
            "book_valuer_per_share_4q_avg": 5.58,
            "equity": 822698,
            "current_ratio": 73.4,
            "debt_ratio": 88.26,
            "inventory_turnover_ratio": 0.62,
            "account_receivable_turnover_ratio": 2.08,
            "reinvestment_rate": null,
            "research_to_sale_ratio": 2.39,
            "price_fair": 77,
            "eps_avg_yearly": 2.2,
            "eps_latest_yearly": 2.2,
            "eps_growth_yearly": 446.15
        },
        "20193": {
            "year_quarter": 20193,
            "year": 2019,
            "quarter": 3,
            "eps": 0.05,
            "eps_growth_year": -93.33,
            "eps_4q": -0.34,
            "eps_4q_growth_year": -1135.67,
            "roe": -2.06,
            "roe_4q": -9.57,
            "gross_profit": 28238,
            "gross_margin": 4.23,
            "gross_margin_4q_avg": 9.63,
            "net_income": -17110,
            "revenue": 667028,
            "common_shares": 1200000,
            "book_valuer_per_share": 5.47,
            "book_valuer_per_share_4q_avg": 5.42,
            "equity": 837309,
            "current_ratio": 65.87,
            "debt_ratio": 88,
            "inventory_turnover_ratio": 0.7,
            "account_receivable_turnover_ratio": 2.16,
            "reinvestment_rate": null,
            "research_to_sale_ratio": 2.35,
            "price_fair": 77,
            "eps_avg_yearly": 2.2,
            "eps_latest_yearly": 2.2,
            "eps_growth_yearly": 446.15
        },
        "20194": {
            "year_quarter": 20194,
            "year": 2019,
            "quarter": 4,
            "eps": -0.7,
            "eps_growth_year": null,
            "eps_4q": -0.7,
            "eps_4q_growth_year": null,
            "roe": -10.4,
            "roe_4q": -13.94,
            "gross_profit": 46856,
            "gross_margin": 7.27,
            "gross_margin_4q_avg": 8.66,
            "net_income": -80437,
            "revenue": 644571,
            "common_shares": 1200000,
            "book_valuer_per_share": 5.4,
            "book_valuer_per_share_4q_avg": 5.47,
            "equity": 709254,
            "current_ratio": 39.25,
            "debt_ratio": 88.94,
            "inventory_turnover_ratio": 0.66,
            "account_receivable_turnover_ratio": 2.98,
            "reinvestment_rate": null,
            "research_to_sale_ratio": 2.4,
            "price_fair": 77,
            "eps_avg_yearly": 2.2,
            "eps_latest_yearly": 2.2,
            "eps_growth_yearly": 446.15
        },
        "20201": {
            "year_quarter": 20201,
            "year": 2020,
            "quarter": 1,
            "eps": -0.5,
            "eps_growth_year": -238.89,
            "eps_4q": -1.07,
            "eps_4q_growth_year": -555.16,
            "roe": -7.97,
            "roe_4q": -25.759999999999998,
            "gross_profit": 22095,
            "gross_margin": 5.25,
            "gross_margin_4q_avg": 6.6,
            "net_income": -65747,
            "revenue": 420861,
            "common_shares": 1800300,
            "book_valuer_per_share": 5,
            "book_valuer_per_share_4q_avg": 5.3,
            "equity": 941216,
            "current_ratio": 64.23,
            "debt_ratio": 85.85,
            "inventory_turnover_ratio": 0.43,
            "account_receivable_turnover_ratio": 3.14,
            "reinvestment_rate": null,
            "research_to_sale_ratio": 4.07,
            "price_fair": 77,
            "eps_avg_yearly": 2.2,
            "eps_latest_yearly": 2.2,
            "eps_growth_yearly": 446.15
        },
        "20202": {
            "year_quarter": 20202,
            "year": 2020,
            "quarter": 2,
            "eps": -0.29,
            "eps_growth_year": null,
            "eps_4q": -1.09,
            "eps_4q_growth_year": -401.51,
            "roe": -5.97,
            "roe_4q": -26.4,
            "gross_profit": 25927,
            "gross_margin": 5.23,
            "gross_margin_4q_avg": 5.5,
            "net_income": -60963,
            "revenue": 495946,
            "common_shares": 1800300,
            "book_valuer_per_share": 5.88,
            "book_valuer_per_share_4q_avg": 5.44,
            "equity": 1099897,
            "current_ratio": 114.48,
            "debt_ratio": 82.92,
            "inventory_turnover_ratio": 0.29,
            "account_receivable_turnover_ratio": 3.29,
            "reinvestment_rate": null,
            "research_to_sale_ratio": 3.01,
            "price_fair": 77,
            "eps_avg_yearly": 2.2,
            "eps_latest_yearly": 2.2,
            "eps_growth_yearly": 446.15
        },
        "20203": {
            "year_quarter": 20203,
            "year": 2020,
            "quarter": 3,
            "eps": -0.76,
            "eps_growth_year": -1620,
            "eps_4q": -3.22,
            "eps_4q_growth_year": null,
            "roe": -6.39,
            "roe_4q": -30.729999999999997,
            "gross_profit": 16998,
            "gross_margin": 3.9,
            "gross_margin_4q_avg": 5.41,
            "net_income": -66466,
            "revenue": 436199,
            "common_shares": 820000,
            "book_valuer_per_share": 11.52,
            "book_valuer_per_share_4q_avg": 6.95,
            "equity": 980006,
            "current_ratio": 121.77,
            "debt_ratio": 83.66,
            "inventory_turnover_ratio": 0.19,
            "account_receivable_turnover_ratio": 2.89,
            "reinvestment_rate": null,
            "research_to_sale_ratio": 3.82,
            "price_fair": 77,
            "eps_avg_yearly": 2.2,
            "eps_latest_yearly": 2.2,
            "eps_growth_yearly": 446.15
        },
        "20204": {
            "year_quarter": 20204,
            "year": 2020,
            "quarter": 4,
            "eps": 0.78,
            "eps_growth_year": null,
            "eps_4q": -1.27,
            "eps_4q_growth_year": null,
            "roe": 6.41,
            "roe_4q": -13.919999999999998,
            "gross_profit": 25845,
            "gross_margin": 4.49,
            "gross_margin_4q_avg": 4.72,
            "net_income": 66146,
            "revenue": 576145,
            "common_shares": 878125,
            "book_valuer_per_share": 12,
            "book_valuer_per_share_4q_avg": 8.6,
            "equity": 1084525,
            "current_ratio": 111.66,
            "debt_ratio": 82.96,
            "inventory_turnover_ratio": 0.25,
            "account_receivable_turnover_ratio": 3.06,
            "reinvestment_rate": null,
            "research_to_sale_ratio": 2.54,
            "price_fair": 77,
            "eps_avg_yearly": 2.2,
            "eps_latest_yearly": 2.2,
            "eps_growth_yearly": 446.15
        },
        "20211": {
            "year_quarter": 20211,
            "year": 2021,
            "quarter": 1,
            "eps": -0.84,
            "eps_growth_year": null,
            "eps_4q": -1.36,
            "eps_4q_growth_year": null,
            "roe": -6.95,
            "roe_4q": -12.899999999999999,
            "gross_profit": 48306,
            "gross_margin": 8.19,
            "gross_margin_4q_avg": 5.45,
            "net_income": -74857,
            "revenue": 589464,
            "common_shares": 880825,
            "book_valuer_per_share": 11.76,
            "book_valuer_per_share_4q_avg": 10.29,
            "equity": 1068226,
            "current_ratio": 115.32,
            "debt_ratio": 82.6,
            "inventory_turnover_ratio": 0.25,
            "account_receivable_turnover_ratio": 2.65,
            "reinvestment_rate": null,
            "research_to_sale_ratio": 2.71,
            "price_fair": 77,
            "eps_avg_yearly": 2.2,
            "eps_latest_yearly": 2.2,
            "eps_growth_yearly": 446.15
        },
        "20212": {
            "year_quarter": 20212,
            "year": 2021,
            "quarter": 2,
            "eps": 1.64,
            "eps_growth_year": null,
            "eps_4q": 0.87,
            "eps_4q_growth_year": null,
            "roe": 13,
            "roe_4q": 6.070000000000001,
            "gross_profit": 122667,
            "gross_margin": 14.7,
            "gross_margin_4q_avg": 7.82,
            "net_income": 146409,
            "revenue": 834705,
            "common_shares": 881025,
            "book_valuer_per_share": 13.08,
            "book_valuer_per_share_4q_avg": 12.09,
            "equity": 1184860,
            "current_ratio": 123.14,
            "debt_ratio": 80.46,
            "inventory_turnover_ratio": 0.34,
            "account_receivable_turnover_ratio": 3.63,
            "reinvestment_rate": null,
            "research_to_sale_ratio": 2.02,
            "price_fair": 77,
            "eps_avg_yearly": 2.2,
            "eps_latest_yearly": 2.2,
            "eps_growth_yearly": 446.15
        },
        "20213": {
            "year_quarter": 20213,
            "year": 2021,
            "quarter": 3,
            "eps": -0.18,
            "eps_growth_year": null,
            "eps_4q": 1.39,
            "eps_4q_growth_year": null,
            "roe": -1.55,
            "roe_4q": 10.91,
            "gross_profit": 76195,
            "gross_margin": 10.52,
            "gross_margin_4q_avg": 9.48,
            "net_income": -18021,
            "revenue": 723953,
            "common_shares": 881895,
            "book_valuer_per_share": 12.73,
            "book_valuer_per_share_4q_avg": 12.39,
            "equity": 1143853,
            "current_ratio": 124.28,
            "debt_ratio": 81.06,
            "inventory_turnover_ratio": 0.32,
            "account_receivable_turnover_ratio": 3.45,
            "reinvestment_rate": null,
            "research_to_sale_ratio": 2.49,
            "price_fair": 77,
            "eps_avg_yearly": 2.2,
            "eps_latest_yearly": 2.2,
            "eps_growth_yearly": 446.15
        },
        "20214": {
            "year_quarter": 20214,
            "year": 2021,
            "quarter": 4,
            "eps": 0.18,
            "eps_growth_year": -76.54,
            "eps_4q": 0.66,
            "eps_4q_growth_year": null,
            "roe": 1.59,
            "roe_4q": 6.089999999999999,
            "gross_profit": 6017,
            "gross_margin": 0.94,
            "gross_margin_4q_avg": 8.59,
            "net_income": 20707,
            "revenue": 637751,
            "common_shares": 1134153,
            "book_valuer_per_share": 12.73,
            "book_valuer_per_share_4q_avg": 12.58,
            "equity": 1466131,
            "current_ratio": 125.88,
            "debt_ratio": 76.93,
            "inventory_turnover_ratio": 0.32,
            "account_receivable_turnover_ratio": 4.14,
            "reinvestment_rate": null,
            "research_to_sale_ratio": 2.49,
            "price_fair": 0,
            "eps_avg_yearly": 0,
            "eps_latest_yearly": 0,
            "eps_growth_yearly": 0
        },
        "20221": {
            "year_quarter": 20221,
            "year": 2022,
            "quarter": 1,
            "eps": 0.08,
            "eps_growth_year": null,
            "eps_4q": 1.39,
            "eps_4q_growth_year": null,
            "roe": 0.59,
            "roe_4q": 13.63,
            "gross_profit": 64056,
            "gross_margin": 10.45,
            "gross_margin_4q_avg": 9.15,
            "net_income": 8723,
            "revenue": 612921,
            "common_shares": 1133403,
            "book_valuer_per_share": 12.78,
            "book_valuer_per_share_4q_avg": 12.83,
            "equity": 1471907,
            "current_ratio": 119.04,
            "debt_ratio": 76.8,
            "inventory_turnover_ratio": 0.28,
            "account_receivable_turnover_ratio": 3.9,
            "reinvestment_rate": null,
            "research_to_sale_ratio": 2.65,
            "price_fair": 0.96,
            "eps_avg_yearly": 0.32,
            "eps_latest_yearly": 0.32,
            "eps_growth_yearly": -222.22
        },
        "20222": {
            "year_quarter": 20222,
            "year": 2022,
            "quarter": 2,
            "eps": 0.72,
            "eps_growth_year": -56.1,
            "eps_4q": 0.84,
            "eps_4q_growth_year": -3.87,
            "roe": 5.75,
            "roe_4q": 6.38,
            "gross_profit": 74422,
            "gross_margin": 10.59,
            "gross_margin_4q_avg": 8.13,
            "net_income": 86153,
            "revenue": 702467,
            "common_shares": 1134588,
            "book_valuer_per_share": 13.21,
            "book_valuer_per_share_4q_avg": 12.86,
            "equity": 1525984,
            "current_ratio": 118.45,
            "debt_ratio": 75.63,
            "inventory_turnover_ratio": 0.33,
            "account_receivable_turnover_ratio": 4.32,
            "reinvestment_rate": 1219.1,
            "research_to_sale_ratio": 2.31,
            "price_fair": 56,
            "eps_avg_yearly": 1.6,
            "eps_latest_yearly": 2.88,
            "eps_growth_yearly": 1488.89
        },
        "20223": {
            "year_quarter": 20223,
            "year": 2022,
            "quarter": 3,
            "eps": 0.18,
            "eps_growth_year": null,
            "eps_4q": 1.56,
            "eps_4q_growth_year": 11.52,
            "roe": 1.17,
            "roe_4q": 9.1,
            "gross_profit": 69988,
            "gross_margin": 10.67,
            "gross_margin_4q_avg": 8.16,
            "net_income": 18447,
            "revenue": 655771,
            "common_shares": 806690,
            "book_valuer_per_share": 19.7,
            "book_valuer_per_share_4q_avg": 14.61,
            "equity": 1621450,
            "current_ratio": 117.07,
            "debt_ratio": 74.1,
            "inventory_turnover_ratio": 0.32,
            "account_receivable_turnover_ratio": 4.28,
            "reinvestment_rate": null,
            "research_to_sale_ratio": 2.76,
            "price_fair": 45.73,
            "eps_avg_yearly": 1.31,
            "eps_latest_yearly": 0.72,
            "eps_growth_yearly": 892.59
        },
        "20224": {
            "year_quarter": 20224,
            "year": 2022,
            "quarter": 4,
            "eps": -0.24,
            "eps_growth_year": -230.5,
            "eps_4q": 1.06,
            "eps_4q_growth_year": 59.39,
            "roe": -0.92,
            "roe_4q": 6.59,
            "gross_profit": 74342,
            "gross_margin": 14.49,
            "gross_margin_4q_avg": 11.55,
            "net_income": -14687,
            "revenue": 513028,
            "common_shares": 806690,
            "book_valuer_per_share": 19.12,
            "book_valuer_per_share_4q_avg": 16.2,
            "equity": 1580593,
            "current_ratio": 113.46,
            "debt_ratio": 74.21,
            "inventory_turnover_ratio": 0.24,
            "account_receivable_turnover_ratio": 3.53,
            "reinvestment_rate": null,
            "research_to_sale_ratio": 3.23,
            "price_fair": 45.73,
            "eps_avg_yearly": 1.31,
            "eps_latest_yearly": 0.72,
            "eps_growth_yearly": 892.59
        },
        "20231": {
            "year_quarter": 20231,
            "year": 2023,
            "quarter": 1,
            "eps": 0.21,
            "eps_growth_year": 162.5,
            "eps_4q": 1.15,
            "eps_4q_growth_year": -16.89,
            "roe": 1.25,
            "roe_4q": 7.25,
            "gross_profit": 87309,
            "gross_margin": 14.19,
            "gross_margin_4q_avg": 12.49,
            "net_income": 19927,
            "revenue": 615222,
            "common_shares": 807613,
            "book_valuer_per_share": 19.45,
            "book_valuer_per_share_4q_avg": 17.87,
            "equity": 1610507,
            "current_ratio": 109.16,
            "debt_ratio": 73.59,
            "inventory_turnover_ratio": 0.3,
            "account_receivable_turnover_ratio": 4.9,
            "reinvestment_rate": null,
            "research_to_sale_ratio": 2.95,
            "price_fair": 45.73,
            "eps_avg_yearly": 1.31,
            "eps_latest_yearly": 0.72,
            "eps_growth_yearly": 892.59
        }
    },
    "months": {
        "2001-06": {
            "month": "2001-06",
            "price": "3.22",
            "revenue": 402702
        },
        "2001-07": {
            "month": "2001-07",
            "price": "2.80",
            "revenue": 382403
        },
        "2001-08": {
            "month": "2001-08",
            "price": "2.90",
            "revenue": 402616
        },
        "2001-09": {
            "month": "2001-09",
            "price": "2.76",
            "revenue": 396243
        },
        "2001-10": {
            "month": "2001-10",
            "price": "2.45",
            "revenue": 484762
        },
        "2001-11": {
            "month": "2001-11",
            "price": "2.41",
            "revenue": 381219
        },
        "2001-12": {
            "month": "2001-12",
            "price": "2.67",
            "revenue": 328221
        },
        "2002-01": {
            "month": "2002-01",
            "price": "2.99",
            "revenue": 289594
        },
        "2002-02": {
            "month": "2002-02",
            "price": "3.02",
            "revenue": 216976
        },
        "2002-03": {
            "month": "2002-03",
            "price": "3.84",
            "revenue": 415090
        },
        "2002-04": {
            "month": "2002-04",
            "price": "4.43",
            "revenue": 466765
        },
        "2002-05": {
            "month": "2002-05",
            "price": "3.81",
            "revenue": 489499
        },
        "2002-06": {
            "month": "2002-06",
            "price": "4.04",
            "revenue": 461863
        },
        "2002-07": {
            "month": "2002-07",
            "price": "5.45",
            "revenue": 398729
        },
        "2002-08": {
            "month": "2002-08",
            "price": "5.09",
            "revenue": 385555
        },
        "2002-09": {
            "month": "2002-09",
            "price": "4.41",
            "revenue": 413783
        },
        "2002-10": {
            "month": "2002-10",
            "price": "3.29",
            "revenue": 546364
        },
        "2002-11": {
            "month": "2002-11",
            "price": "3.38",
            "revenue": 467218
        },
        "2002-12": {
            "month": "2002-12",
            "price": "3.28",
            "revenue": 447931
        },
        "2003-01": {
            "month": "2003-01",
            "price": "3.83",
            "revenue": 365343
        },
        "2003-02": {
            "month": "2003-02",
            "price": "3.59",
            "revenue": 257519
        },
        "2003-03": {
            "month": "2003-03",
            "price": "3.12",
            "revenue": 439082
        },
        "2003-04": {
            "month": "2003-04",
            "price": "2.99",
            "revenue": 465809
        },
        "2003-05": {
            "month": "2003-05",
            "price": "2.89",
            "revenue": 518544
        },
        "2003-06": {
            "month": "2003-06",
            "price": "3.39",
            "revenue": 372923
        },
        "2003-07": {
            "month": "2003-07",
            "price": "3.78",
            "revenue": 385453
        },
        "2003-08": {
            "month": "2003-08",
            "price": "3.71",
            "revenue": 303296
        },
        "2003-09": {
            "month": "2003-09",
            "price": "3.13",
            "revenue": 377070
        },
        "2003-10": {
            "month": "2003-10",
            "price": "3.18",
            "revenue": 458043
        },
        "2003-11": {
            "month": "2003-11",
            "price": "3.46",
            "revenue": 399620
        },
        "2003-12": {
            "month": "2003-12",
            "price": "3.87",
            "revenue": 377561
        },
        "2004-01": {
            "month": "2004-01",
            "price": "5.74",
            "revenue": 239638
        },
        "2004-02": {
            "month": "2004-02",
            "price": "6.42",
            "revenue": 376560
        },
        "2004-03": {
            "month": "2004-03",
            "price": "5.56",
            "revenue": 457732
        },
        "2004-04": {
            "month": "2004-04",
            "price": "5.40",
            "revenue": 582241
        },
        "2004-05": {
            "month": "2004-05",
            "price": "4.30",
            "revenue": 466076
        },
        "2004-06": {
            "month": "2004-06",
            "price": "3.92",
            "revenue": 457716
        },
        "2004-07": {
            "month": "2004-07",
            "price": "3.36",
            "revenue": 457811
        },
        "2004-08": {
            "month": "2004-08",
            "price": "3.21",
            "revenue": 405711
        },
        "2004-09": {
            "month": "2004-09",
            "price": "3.88",
            "revenue": 442792
        },
        "2004-10": {
            "month": "2004-10",
            "price": "3.42",
            "revenue": 514421
        },
        "2004-11": {
            "month": "2004-11",
            "price": "3.25",
            "revenue": 410596
        },
        "2004-12": {
            "month": "2004-12",
            "price": "3.37",
            "revenue": 436418
        },
        "2005-01": {
            "month": "2005-01",
            "price": "3.43",
            "revenue": 387242
        },
        "2005-02": {
            "month": "2005-02",
            "price": "3.19",
            "revenue": 211135
        },
        "2005-03": {
            "month": "2005-03",
            "price": "2.92",
            "revenue": 430079
        },
        "2005-04": {
            "month": "2005-04",
            "price": "2.35",
            "revenue": 453403
        },
        "2005-05": {
            "month": "2005-05",
            "price": "2.14",
            "revenue": 403423
        },
        "2005-06": {
            "month": "2005-06",
            "price": "2.38",
            "revenue": 388866
        },
        "2005-07": {
            "month": "2005-07",
            "price": "2.23",
            "revenue": 342779
        },
        "2005-08": {
            "month": "2005-08",
            "price": "1.93",
            "revenue": 336239
        },
        "2005-09": {
            "month": "2005-09",
            "price": "1.43",
            "revenue": 394779
        },
        "2005-10": {
            "month": "2005-10",
            "price": "1.27",
            "revenue": 349094
        },
        "2005-11": {
            "month": "2005-11",
            "price": "1.21",
            "revenue": 318470
        },
        "2006-01": {
            "month": "2006-01",
            "price": "1.81",
            "revenue": 236571
        },
        "2006-02": {
            "month": "2006-02",
            "price": "2.31",
            "revenue": 211269
        },
        "2006-03": {
            "month": "2006-03",
            "price": "3.46",
            "revenue": 347210
        },
        "2006-04": {
            "month": "2006-04",
            "price": "4.06",
            "revenue": 325490
        },
        "2006-05": {
            "month": "2006-05",
            "price": "4.25",
            "revenue": 307676
        },
        "2006-06": {
            "month": "2006-06",
            "price": "3.73",
            "revenue": 312146
        },
        "2006-07": {
            "month": "2006-07",
            "price": "3.45",
            "revenue": 283536
        },
        "2006-08": {
            "month": "2006-08",
            "price": "3.13",
            "revenue": 372579
        },
        "2006-09": {
            "month": "2006-09",
            "price": "2.99",
            "revenue": 337597
        },
        "2006-10": {
            "month": "2006-10",
            "price": "2.99",
            "revenue": 338430
        },
        "2006-11": {
            "month": "2006-11",
            "price": "3.16",
            "revenue": 310224
        },
        "2006-12": {
            "month": "2006-12",
            "price": "4.11",
            "revenue": 300475
        },
        "2007-01": {
            "month": "2007-01",
            "price": "3.81",
            "revenue": 288690
        },
        "2007-02": {
            "month": "2007-02",
            "price": "3.55",
            "revenue": 223440
        },
        "2007-03": {
            "month": "2007-03",
            "price": "3.58",
            "revenue": 316665
        },
        "2007-04": {
            "month": "2007-04",
            "price": "3.95",
            "revenue": 326938
        },
        "2007-05": {
            "month": "2007-05",
            "price": "3.40",
            "revenue": 274406
        },
        "2007-06": {
            "month": "2007-06",
            "price": "3.33",
            "revenue": 284311
        },
        "2007-07": {
            "month": "2007-07",
            "price": "4.34",
            "revenue": 269977
        },
        "2007-08": {
            "month": "2007-08",
            "price": "3.54",
            "revenue": 303466
        },
        "2007-09": {
            "month": "2007-09",
            "price": "3.29",
            "revenue": 241978
        },
        "2007-10": {
            "month": "2007-10",
            "price": "3.29",
            "revenue": 346039
        },
        "2007-11": {
            "month": "2007-11",
            "price": "2.97",
            "revenue": 294705
        },
        "2007-12": {
            "month": "2007-12",
            "price": "2.60",
            "revenue": 288375
        },
        "2008-01": {
            "month": "2008-01",
            "price": "2.46",
            "revenue": 262023
        },
        "2008-02": {
            "month": "2008-02",
            "price": "2.53",
            "revenue": 195061
        },
        "2008-03": {
            "month": "2008-03",
            "price": "2.97",
            "revenue": 266213
        },
        "2008-04": {
            "month": "2008-04",
            "price": "3.29",
            "revenue": 296857
        },
        "2008-05": {
            "month": "2008-05",
            "price": "3.23",
            "revenue": 233606
        },
        "2008-06": {
            "month": "2008-06",
            "price": "2.61",
            "revenue": 235370
        },
        "2008-07": {
            "month": "2008-07",
            "price": "2.27",
            "revenue": 221888
        },
        "2008-08": {
            "month": "2008-08",
            "price": "1.98",
            "revenue": 221933
        },
        "2008-09": {
            "month": "2008-09",
            "price": "1.48",
            "revenue": 216751
        },
        "2008-10": {
            "month": "2008-10",
            "price": "1.13",
            "revenue": 271391
        },
        "2008-11": {
            "month": "2008-11",
            "price": "0.79",
            "revenue": 207535
        },
        "2008-12": {
            "month": "2008-12",
            "price": "0.86",
            "revenue": 222398
        },
        "2009-01": {
            "month": "2009-01",
            "price": "0.82",
            "revenue": 104398
        },
        "2009-02": {
            "month": "2009-02",
            "price": "0.78",
            "revenue": 112166
        },
        "2009-03": {
            "month": "2009-03",
            "price": "1.33",
            "revenue": 169915
        },
        "2009-04": {
            "month": "2009-04",
            "price": "1.95",
            "revenue": 197993
        },
        "2009-05": {
            "month": "2009-05",
            "price": "1.78",
            "revenue": 159588
        },
        "2009-06": {
            "month": "2009-06",
            "price": "1.67",
            "revenue": 140602
        },
        "2009-07": {
            "month": "2009-07",
            "price": "1.80",
            "revenue": 181602
        },
        "2009-08": {
            "month": "2009-08",
            "price": "1.68",
            "revenue": 128544
        },
        "2009-09": {
            "month": "2009-09",
            "price": "1.79",
            "revenue": 160616
        },
        "2009-10": {
            "month": "2009-10",
            "price": "1.89",
            "revenue": 159174
        },
        "2009-11": {
            "month": "2009-11",
            "price": "1.91",
            "revenue": 151486
        },
        "2009-12": {
            "month": "2009-12",
            "price": "2.58",
            "revenue": 165398
        },
        "2010-01": {
            "month": "2010-01",
            "price": "3.15",
            "revenue": 141795
        },
        "2010-02": {
            "month": "2010-02",
            "price": "2.98",
            "revenue": 101951
        },
        "2010-03": {
            "month": "2010-03",
            "price": "3.03",
            "revenue": 197344
        },
        "2010-04": {
            "month": "2010-04",
            "price": "3.19",
            "revenue": 209511
        },
        "2010-05": {
            "month": "2010-05",
            "price": "2.79",
            "revenue": 162599
        },
        "2010-06": {
            "month": "2010-06",
            "price": "2.67",
            "revenue": 185372
        },
        "2010-07": {
            "month": "2010-07",
            "price": "2.66",
            "revenue": 169862
        },
        "2010-08": {
            "month": "2010-08",
            "price": "4.10",
            "revenue": 162777
        },
        "2010-09": {
            "month": "2010-09",
            "price": "4.13",
            "revenue": 170445
        },
        "2010-10": {
            "month": "2010-10",
            "price": "4.71",
            "revenue": 172917
        },
        "2010-11": {
            "month": "2010-11",
            "price": "3.29",
            "revenue": 149735
        },
        "2010-12": {
            "month": "2010-12",
            "price": "3.62",
            "revenue": 199102
        },
        "2011-01": {
            "month": "2011-01",
            "price": "3.55",
            "revenue": 180944
        },
        "2011-02": {
            "month": "2011-02",
            "price": "3.51",
            "revenue": 146562
        },
        "2011-03": {
            "month": "2011-03",
            "price": "3.32",
            "revenue": 201388
        },
        "2011-04": {
            "month": "2011-04",
            "price": "3.40",
            "revenue": 209817
        },
        "2011-05": {
            "month": "2011-05",
            "price": "2.91",
            "revenue": 196354
        },
        "2011-06": {
            "month": "2011-06",
            "price": "2.98",
            "revenue": 201678
        },
        "2011-07": {
            "month": "2011-07",
            "price": "3.59",
            "revenue": 142515
        },
        "2011-08": {
            "month": "2011-08",
            "price": "3.32",
            "revenue": 156386
        },
        "2011-09": {
            "month": "2011-09",
            "price": "2.79",
            "revenue": 167610
        },
        "2011-10": {
            "month": "2011-10",
            "price": "2.62",
            "revenue": 155317
        },
        "2011-11": {
            "month": "2011-11",
            "price": "2.55",
            "revenue": 188722
        },
        "2011-12": {
            "month": "2011-12",
            "price": "2.27",
            "revenue": 190145
        },
        "2012-01": {
            "month": "2012-01",
            "price": "2.27",
            "revenue": 158082
        },
        "2012-02": {
            "month": "2012-02",
            "price": "2.57",
            "revenue": 147098
        },
        "2012-03": {
            "month": "2012-03",
            "price": "1.96",
            "revenue": 194156
        },
        "2012-04": {
            "month": "2012-04",
            "price": "1.78",
            "revenue": 182641
        },
        "2012-05": {
            "month": "2012-05",
            "price": "1.69",
            "revenue": 186665
        },
        "2012-06": {
            "month": "2012-06",
            "price": "1.79",
            "revenue": 175531
        },
        "2012-07": {
            "month": "2012-07",
            "price": "1.76",
            "revenue": 135255
        },
        "2012-08": {
            "month": "2012-08",
            "price": "1.71",
            "revenue": 138143
        },
        "2012-09": {
            "month": "2012-09",
            "price": "2.41",
            "revenue": 145497
        },
        "2012-10": {
            "month": "2012-10",
            "price": "2.47",
            "revenue": 154273
        },
        "2012-11": {
            "month": "2012-11",
            "price": "2.48",
            "revenue": 153610
        },
        "2012-12": {
            "month": "2012-12",
            "price": "1.94",
            "revenue": 175900
        },
        "2013-01": {
            "month": "2013-01",
            "price": "1.97",
            "revenue": 263171
        },
        "2013-02": {
            "month": "2013-02",
            "price": "1.86",
            "revenue": 224248
        },
        "2013-03": {
            "month": "2013-03",
            "price": "1.85",
            "revenue": 296401
        },
        "2013-04": {
            "month": "2013-04",
            "price": "2.23",
            "revenue": 302010
        },
        "2013-05": {
            "month": "2013-05",
            "price": "2.17",
            "revenue": 358476
        },
        "2013-06": {
            "month": "2013-06",
            "price": "1.87",
            "revenue": 305591
        },
        "2013-07": {
            "month": "2013-07",
            "price": "1.79",
            "revenue": 273519
        },
        "2013-08": {
            "month": "2013-08",
            "price": "2.00",
            "revenue": 277595
        },
        "2013-09": {
            "month": "2013-09",
            "price": "1.80",
            "revenue": 306463
        },
        "2013-10": {
            "month": "2013-10",
            "price": "1.84",
            "revenue": 418668
        },
        "2013-11": {
            "month": "2013-11",
            "price": "1.71",
            "revenue": 325473
        },
        "2013-12": {
            "month": "2013-12",
            "price": "1.64",
            "revenue": 342420
        },
        "2014-01": {
            "month": "2014-01",
            "price": "1.74",
            "revenue": 250457
        },
        "2014-02": {
            "month": "2014-02",
            "price": "1.59",
            "revenue": 203837
        },
        "2014-03": {
            "month": "2014-03",
            "price": "1.53",
            "revenue": 273532
        },
        "2014-04": {
            "month": "2014-04",
            "price": "1.57",
            "revenue": 295431
        },
        "2014-05": {
            "month": "2014-05",
            "price": "1.54",
            "revenue": 286210
        },
        "2014-06": {
            "month": "2014-06",
            "price": "1.53",
            "revenue": 250730
        },
        "2014-07": {
            "month": "2014-07",
            "price": "1.53",
            "revenue": 353582
        },
        "2014-08": {
            "month": "2014-08",
            "price": "1.49",
            "revenue": 463422
        },
        "2014-09": {
            "month": "2014-09",
            "price": "1.47",
            "revenue": 287373
        },
        "2014-10": {
            "month": "2014-10",
            "price": "1.42",
            "revenue": 275601
        },
        "2014-11": {
            "month": "2014-11",
            "price": "3.03",
            "revenue": 279870
        },
        "2014-12": {
            "month": "2014-12",
            "price": "3.91",
            "revenue": 320060
        },
        "2015-01": {
            "month": "2015-01",
            "price": "3.89",
            "revenue": 182258
        },
        "2015-02": {
            "month": "2015-02",
            "price": "3.88",
            "revenue": 228561
        },
        "2015-03": {
            "month": "2015-03",
            "price": "3.96",
            "revenue": 236820
        },
        "2015-04": {
            "month": "2015-04",
            "price": "5.87",
            "revenue": 269119
        },
        "2015-05": {
            "month": "2015-05",
            "price": "6.90",
            "revenue": 272439
        },
        "2015-06": {
            "month": "2015-06",
            "price": "7.17",
            "revenue": 237162
        },
        "2015-07": {
            "month": "2015-07",
            "price": "7.04",
            "revenue": 239389
        },
        "2015-08": {
            "month": "2015-08",
            "price": "5.83",
            "revenue": 241201
        },
        "2015-09": {
            "month": "2015-09",
            "price": "7.00",
            "revenue": 274667
        },
        "2015-10": {
            "month": "2015-10",
            "price": "7.06",
            "revenue": 338062
        },
        "2015-11": {
            "month": "2015-11",
            "price": "6.77",
            "revenue": 212850
        },
        "2015-12": {
            "month": "2015-12",
            "price": "5.99",
            "revenue": 356894
        },
        "2016-01": {
            "month": "2016-01",
            "price": "5.50",
            "revenue": 197567
        },
        "2016-02": {
            "month": "2016-02",
            "price": "5.51",
            "revenue": 190799
        },
        "2016-03": {
            "month": "2016-03",
            "price": "5.14",
            "revenue": 255236
        },
        "2016-04": {
            "month": "2016-04",
            "price": "4.75",
            "revenue": 255939
        },
        "2016-05": {
            "month": "2016-05",
            "price": "3.95",
            "revenue": 269417
        },
        "2016-06": {
            "month": "2016-06",
            "price": "3.65",
            "revenue": 254957
        },
        "2016-07": {
            "month": "2016-07",
            "price": "4.55",
            "revenue": 234355
        },
        "2016-08": {
            "month": "2016-08",
            "price": "4.23",
            "revenue": 301237
        },
        "2016-09": {
            "month": "2016-09",
            "price": "4.07",
            "revenue": 282001
        },
        "2016-10": {
            "month": "2016-10",
            "price": "4.20",
            "revenue": 263338
        },
        "2016-11": {
            "month": "2016-11",
            "price": "4.00",
            "revenue": 216836
        },
        "2016-12": {
            "month": "2016-12",
            "price": "4.09",
            "revenue": 419393
        },
        "2017-01": {
            "month": "2017-01",
            "price": "4.38",
            "revenue": 169812
        },
        "2017-02": {
            "month": "2017-02",
            "price": "5.81",
            "revenue": 188448
        },
        "2017-03": {
            "month": "2017-03",
            "price": "5.30",
            "revenue": 315556
        },
        "2017-04": {
            "month": "2017-04",
            "price": "5.18",
            "revenue": 271701
        },
        "2017-05": {
            "month": "2017-05",
            "price": "5.17",
            "revenue": 255115
        },
        "2017-06": {
            "month": "2017-06",
            "price": "5.51",
            "revenue": 261979
        },
        "2017-07": {
            "month": "2017-07",
            "price": "5.66",
            "revenue": 194821
        },
        "2017-08": {
            "month": "2017-08",
            "price": "5.48",
            "revenue": 187382
        },
        "2017-09": {
            "month": "2017-09",
            "price": "5.34",
            "revenue": 225677
        },
        "2017-10": {
            "month": "2017-10",
            "price": "5.23",
            "revenue": 201268
        },
        "2017-11": {
            "month": "2017-11",
            "price": "5.57",
            "revenue": 212140
        },
        "2017-12": {
            "month": "2017-12",
            "price": "5.48",
            "revenue": 308747
        },
        "2018-01": {
            "month": "2018-01",
            "price": "5.42",
            "revenue": 192406
        },
        "2018-02": {
            "month": "2018-02",
            "price": "5.06",
            "revenue": 197121
        },
        "2018-03": {
            "month": "2018-03",
            "price": "5.45",
            "revenue": 195816
        },
        "2018-04": {
            "month": "2018-04",
            "price": "6.28",
            "revenue": 235653
        },
        "2018-05": {
            "month": "2018-05",
            "price": "5.82",
            "revenue": 212631
        },
        "2018-06": {
            "month": "2018-06",
            "price": "5.56",
            "revenue": 226489
        },
        "2018-07": {
            "month": "2018-07",
            "price": "5.22",
            "revenue": 204478
        },
        "2018-08": {
            "month": "2018-08",
            "price": "5.10",
            "revenue": 229542
        },
        "2018-09": {
            "month": "2018-09",
            "price": "4.93",
            "revenue": 217809
        },
        "2018-10": {
            "month": "2018-10",
            "price": "4.68",
            "revenue": 229220
        },
        "2018-11": {
            "month": "2018-11",
            "price": "4.76",
            "revenue": 219120
        },
        "2018-12": {
            "month": "2018-12",
            "price": "5.00",
            "revenue": 286774
        },
        "2019-01": {
            "month": "2019-01",
            "price": "4.88",
            "revenue": 220346
        },
        "2019-02": {
            "month": "2019-02",
            "price": "4.89",
            "revenue": 190723
        },
        "2019-03": {
            "month": "2019-03",
            "price": "4.82",
            "revenue": 196788
        },
        "2019-04": {
            "month": "2019-04",
            "price": "4.59",
            "revenue": 220943
        },
        "2019-05": {
            "month": "2019-05",
            "price": "4.47",
            "revenue": 207809
        },
        "2019-06": {
            "month": "2019-06",
            "price": "4.48",
            "revenue": 191950
        },
        "2019-07": {
            "month": "2019-07",
            "price": "4.97",
            "revenue": 226407
        },
        "2019-08": {
            "month": "2019-08",
            "price": "4.84",
            "revenue": 200713
        },
        "2019-09": {
            "month": "2019-09",
            "price": "4.70",
            "revenue": 237890
        },
        "2019-10": {
            "month": "2019-10",
            "price": "5.10",
            "revenue": 236571
        },
        "2019-11": {
            "month": "2019-11",
            "price": "8.21",
            "revenue": 231611
        },
        "2019-12": {
            "month": "2019-12",
            "price": "12.24",
            "revenue": 209856
        },
        "2020-01": {
            "month": "2020-01",
            "price": "11.80",
            "revenue": 111626
        },
        "2020-02": {
            "month": "2020-02",
            "price": "11.56",
            "revenue": 150298
        },
        "2020-03": {
            "month": "2020-03",
            "price": "10.80",
            "revenue": 158417
        },
        "2020-04": {
            "month": "2020-04",
            "price": "11.06",
            "revenue": 85794
        },
        "2020-05": {
            "month": "2020-05",
            "price": "15.22",
            "revenue": 227360
        },
        "2020-06": {
            "month": "2020-06",
            "price": "17.32",
            "revenue": 183311
        },
        "2020-07": {
            "month": "2020-07",
            "price": "17.14",
            "revenue": 86690
        },
        "2020-08": {
            "month": "2020-08",
            "price": "17.79",
            "revenue": 239951
        },
        "2020-09": {
            "month": "2020-09",
            "price": "17.48",
            "revenue": 126897
        },
        "2020-10": {
            "month": "2020-10",
            "price": "15.03",
            "revenue": 201824
        },
        "2020-11": {
            "month": "2020-11",
            "price": "15.42",
            "revenue": 193946
        },
        "2020-12": {
            "month": "2020-12",
            "price": "29.46",
            "revenue": 149549
        },
        "2021-01": {
            "month": "2021-01",
            "price": "24.35",
            "revenue": 139548
        },
        "2021-02": {
            "month": "2021-02",
            "price": "22.05",
            "revenue": 201706
        },
        "2021-03": {
            "month": "2021-03",
            "price": "22.07",
            "revenue": 248198
        },
        "2021-04": {
            "month": "2021-04",
            "price": "22.54",
            "revenue": 251070
        },
        "2021-05": {
            "month": "2021-05",
            "price": "17.06",
            "revenue": 250156
        },
        "2021-06": {
            "month": "2021-06",
            "price": "16.19",
            "revenue": 333575
        },
        "2021-07": {
            "month": "2021-07",
            "price": "16.37",
            "revenue": 273727
        },
        "2021-08": {
            "month": "2021-08",
            "price": "16.36",
            "revenue": 191301
        },
        "2021-09": {
            "month": "2021-09",
            "price": "15.64",
            "revenue": 258758
        },
        "2021-10": {
            "month": "2021-10",
            "price": "15.42",
            "revenue": 200317
        },
        "2021-11": {
            "month": "2021-11",
            "price": "15.20",
            "revenue": 204431
        },
        "2021-12": {
            "month": "2021-12",
            "price": "15.03",
            "revenue": 233086
        },
        "2022-01": {
            "month": "2022-01",
            "price": "14.74",
            "revenue": 203474
        },
        "2022-02": {
            "month": "2022-02",
            "price": "13.97",
            "revenue": 145736
        },
        "2022-03": {
            "month": "2022-03",
            "price": "13.58",
            "revenue": 263710
        },
        "2022-04": {
            "month": "2022-04",
            "price": "13.82",
            "revenue": 230524
        },
        "2022-05": {
            "month": "2022-05",
            "price": "12.46",
            "revenue": 237255
        },
        "2022-06": {
            "month": "2022-06",
            "price": "10.75",
            "revenue": 234689
        },
        "2022-07": {
            "month": "2022-07",
            "price": "9.22",
            "revenue": 182939
        },
        "2022-08": {
            "month": "2022-08",
            "price": "11.34",
            "revenue": 232128
        },
        "2022-09": {
            "month": "2022-09",
            "price": "13.35",
            "revenue": 240703
        },
        "2022-10": {
            "month": "2022-10",
            "price": "13.64",
            "revenue": 200910
        },
        "2022-11": {
            "month": "2022-11",
            "price": "12.98",
            "revenue": 137813
        },
        "2022-12": {
            "month": "2022-12",
            "price": "15.86",
            "revenue": 174301
        },
        "2023-01": {
            "month": "2023-01",
            "price": "15.62",
            "revenue": 141755
        },
        "2023-02": {
            "month": "2023-02",
            "price": "15.19",
            "revenue": 208007
        },
        "2023-03": {
            "month": "2023-03",
            "price": "15.36",
            "revenue": 265460
        },
        "2023-04": {
            "month": "2023-04",
            "price": "15.32",
            "revenue": 188729
        }
    }
}
