{
    "summary": {
        "stock_name": "年興",
        "stock_id": "1451",
        "category": "紡織纖維",
        "main_business": "紡紗業<br>織布業<br>成衣業",
        "website_url": "https://www.nhjeans.com/",
        "ceo": "蔡樹軒",
        "pe_ratio": -24,
        "report_year_from": 2001,
        "report_year_to": 2023,
        "age": 22,
        "eps_negative_percentage": 13,
        "eps_growth_avg": {
            "last_all": 0.32,
            "last_2y": 77.87,
            "last_4y": 15.21,
            "last_8y": 1.28,
            "last_12y": 1.67,
            "last_16y": 1.31,
            "last_20y": 0.32,
            "at_2006_last_3y": -7.65,
            "at_2007_last_3y": -9.94,
            "at_2008_last_3y": -27.34,
            "at_2009_last_3y": 0.31,
            "at_2010_last_3y": 5.06,
            "at_2011_last_3y": -3.74,
            "at_2012_last_3y": 23.17,
            "at_2013_last_3y": 2.34,
            "at_2014_last_3y": -4.92,
            "at_2015_last_3y": 5.39,
            "at_2016_last_3y": 3.38,
            "at_2017_last_3y": -9.17,
            "at_2018_last_3y": 9.63,
            "at_2019_last_3y": -14.51,
            "at_2020_last_3y": -21.92,
            "at_2021_last_3y": -16.12,
            "at_2022_last_3y": -11.07,
            "at_2023_last_3y": -11.07,
            "at_2006_last_all": -2.18,
            "at_2007_last_all": -3.39,
            "at_2008_last_all": -16.04,
            "at_2009_last_all": -1.54,
            "at_2010_last_all": 1.04,
            "at_2011_last_all": -3.53,
            "at_2012_last_all": -1.78,
            "at_2013_last_all": -0.25,
            "at_2014_last_all": -0.8,
            "at_2015_last_all": -0.98,
            "at_2016_last_all": -0.41,
            "at_2017_last_all": -2.48,
            "at_2018_last_all": 1.66,
            "at_2019_last_all": -3.99,
            "at_2020_last_all": -3.99,
            "at_2021_last_all": -3.99,
            "at_2022_last_all": 0.32,
            "at_2023_last_all": 0.32
        },
        "latest_eps": -0.81,
        "latest_price": 19.05,
        "latest_roe": -2.27,
        "latest_gross_margin": 2.9,
        "latest_equity": 7172877,
        "latest_revenue": 1750256,
        "latest_gross_profit": 50832,
        "latest_net_income": -25204,
        "latest_debt_ratio": 18.76,
        "latest_current_ratio": 451.77,
        "latest_account_receivable_turnover_ratio": 1.33,
        "latest_inventory_turnover_ratio": 0.74,
        "latest_reinvestment_rate": null,
        "latest_research_to_sale_ratio": 0.2
    },
    "eps_dividends": {
        "1991": {
            "cash": 0,
            "stock": 1.44,
            "eps": 0
        },
        "1992": {
            "cash": 0,
            "stock": 1.65,
            "eps": 0
        },
        "1993": {
            "cash": 0,
            "stock": 2.4,
            "eps": 0
        },
        "1994": {
            "cash": 0.5,
            "stock": 2,
            "eps": 0
        },
        "1995": {
            "cash": 0,
            "stock": 2.5,
            "eps": 0
        },
        "1996": {
            "cash": 0,
            "stock": 2.5,
            "eps": 0
        },
        "1997": {
            "cash": 0,
            "stock": 2.5,
            "eps": 0
        },
        "1998": {
            "cash": 0,
            "stock": 2.8,
            "eps": 0
        },
        "1999": {
            "cash": 1,
            "stock": 2,
            "eps": 0
        },
        "2000": {
            "cash": 0,
            "stock": 3,
            "eps": 0
        },
        "2001": {
            "cash": 0,
            "stock": 2,
            "eps": 2.74
        },
        "2002": {
            "cash": 2,
            "stock": 0,
            "eps": 3.28
        },
        "2003": {
            "cash": 2.2,
            "stock": 0,
            "eps": 3.27
        },
        "2004": {
            "cash": 2.2,
            "stock": 0,
            "eps": 2.54
        },
        "2005": {
            "cash": 2,
            "stock": 0,
            "eps": 2.27
        },
        "2006": {
            "cash": 1.5,
            "stock": 0,
            "eps": 2.33
        },
        "2007": {
            "cash": 1.7,
            "stock": 0,
            "eps": 2.11
        },
        "2008": {
            "cash": 1.5,
            "stock": 0,
            "eps": 0.17
        },
        "2009": {
            "cash": 0.5,
            "stock": 0,
            "eps": 2.08
        },
        "2010": {
            "cash": 1,
            "stock": 0,
            "eps": 2.53
        },
        "2011": {
            "cash": 2.25,
            "stock": 0,
            "eps": 1.4
        },
        "2012": {
            "cash": 0,
            "stock": 0,
            "eps": 1.62
        },
        "2013": {
            "cash": 1.3,
            "stock": 0,
            "eps": 1.89
        },
        "2014": {
            "cash": 2,
            "stock": 0,
            "eps": 1.75
        },
        "2015": {
            "cash": 1.8,
            "stock": 0,
            "eps": 1.69
        },
        "2016": {
            "cash": 1.5,
            "stock": 0,
            "eps": 1.82
        },
        "2017": {
            "cash": 1.5,
            "stock": 0,
            "eps": 1.21
        },
        "2018": {
            "cash": 1.5,
            "stock": 0,
            "eps": 2.03
        },
        "2019": {
            "cash": 2,
            "stock": 0,
            "eps": -0.36
        },
        "2020": {
            "cash": 0,
            "stock": 0,
            "eps": -2.13
        },
        "2021": {
            "cash": 0.6,
            "stock": 0,
            "eps": 1.22
        },
        "2022": {
            "cash": 1,
            "stock": 0,
            "eps": 2.17
        },
        "2023": {
            "cash": 2,
            "stock": 0,
            "eps": -1.21
        }
    },
    "dividends": {
        "1991-06-10": {
            "cash": 0,
            "stock": 1.44
        },
        "1992-03-25": {
            "cash": 0,
            "stock": 1.65
        },
        "1993-05-26": {
            "cash": 0,
            "stock": 2.4
        },
        "1994-05-10": {
            "cash": 0.5,
            "stock": 2
        },
        "1995-04-15": {
            "cash": 0,
            "stock": 2.5
        },
        "1996-05-16": {
            "cash": 0,
            "stock": 2.5
        },
        "1997-06-27": {
            "cash": 0,
            "stock": 2.5
        },
        "1998-04-17": {
            "cash": 0,
            "stock": 2.8
        },
        "1999-05-28": {
            "cash": 1,
            "stock": 2
        },
        "2000-03-13": {
            "cash": 0,
            "stock": 3
        },
        "2001-05-29": {
            "cash": 0,
            "stock": 2
        },
        "2002-05-02": {
            "cash": 2,
            "stock": 0
        },
        "2003-03-26": {
            "cash": 2.2,
            "stock": 0
        },
        "2004-03-04": {
            "cash": 2.2,
            "stock": 0
        },
        "2005-03-16": {
            "cash": 2,
            "stock": 0
        },
        "2006-03-27": {
            "cash": 1.5,
            "stock": 0
        },
        "2007-03-27": {
            "cash": 1.7,
            "stock": 0
        },
        "2008-03-11": {
            "cash": 1.5,
            "stock": 0
        },
        "2009-03-31": {
            "cash": 0.5,
            "stock": 0
        },
        "2010-03-15": {
            "cash": 1,
            "stock": 0
        },
        "2011-01-01": {
            "cash": 1,
            "stock": 0
        },
        "2011-03-24": {
            "cash": 1.25,
            "stock": 0
        },
        "2013-03-19": {
            "cash": 1.3,
            "stock": 0
        },
        "2014-06-17": {
            "cash": 2,
            "stock": 0
        },
        "2015-07-29": {
            "cash": 1.8,
            "stock": 0
        },
        "2016-07-27": {
            "cash": 1.5,
            "stock": 0
        },
        "2017-07-27": {
            "cash": 1.5,
            "stock": 0
        },
        "2018-07-26": {
            "cash": 1.5,
            "stock": 0
        },
        "2019-07-31": {
            "cash": 2,
            "stock": 0
        },
        "2021-09-07": {
            "cash": 0.6,
            "stock": 0
        },
        "2022-08-09": {
            "cash": 1,
            "stock": 0
        },
        "2023-07-03": {
            "cash": 2,
            "stock": 0
        }
    },
    "prices": {
        "200101": "33.42",
        "200102": "30.35",
        "200103": "33.14",
        "200104": "30.38",
        "200105": "30.12",
        "200106": "31.64",
        "200107": "27.27",
        "200108": "25.61",
        "200109": "21.29",
        "200110": "18.18",
        "200111": "20.52",
        "200112": "22.63",
        "200201": "22.93",
        "200202": "23.28",
        "200203": "24.17",
        "200204": "27.64",
        "200205": "28.78",
        "200206": "28.43",
        "200207": "28.87",
        "200208": "32.35",
        "200209": "31.48",
        "200210": "29.57",
        "200211": "30.88",
        "200212": "31.29",
        "200301": "33.28",
        "200302": "32.28",
        "200303": "31.33",
        "200304": "32.58",
        "200305": "34.15",
        "200306": "34.88",
        "200307": "35.25",
        "200308": "36.43",
        "200309": "35.44",
        "200310": "34.37",
        "200311": "34.29",
        "200312": "33.23",
        "200401": "33.82",
        "200402": "33.90",
        "200403": "33.99",
        "200404": "33.81",
        "200405": "30.82",
        "200406": "29.24",
        "200407": "27.01",
        "200408": "27.41",
        "200409": "29.36",
        "200410": "29.30",
        "200411": "30.84",
        "200412": "31.85",
        "200501": "30.62",
        "200502": "30.51",
        "200503": "29.51",
        "200504": "28.48",
        "200505": "26.95",
        "200506": "27.77",
        "200507": "26.28",
        "200508": "25.88",
        "200509": "24.01",
        "200510": "21.63",
        "200511": "22.23",
        "200512": "22.05",
        "200601": "22.29",
        "200602": "21.68",
        "200603": "20.59",
        "200604": "20.52",
        "200605": "19.47",
        "200606": "17.07",
        "200607": "17.01",
        "200608": "17.25",
        "200609": "16.72",
        "200610": "18.29",
        "200611": "18.66",
        "200612": "19.43",
        "200701": "19.76",
        "200702": "19.76",
        "200703": "20.05",
        "200704": "21.65",
        "200705": "21.81",
        "200706": "22.21",
        "200707": "24.38",
        "200708": "22.84",
        "200709": "22.51",
        "200710": "22.38",
        "200711": "20.54",
        "200712": "19.39",
        "200801": "19.35",
        "200802": "19.56",
        "200803": "20.50",
        "200804": "20.95",
        "200805": "20.13",
        "200806": "17.99",
        "200807": "15.79",
        "200808": "12.73",
        "200809": "10.90",
        "200810": "9.15",
        "200811": "7.67",
        "200812": "7.87",
        "200901": "8.03",
        "200902": "7.72",
        "200903": "8.25",
        "200904": "10.66",
        "200905": "12.21",
        "200906": "11.50",
        "200907": "13.27",
        "200908": "16.24",
        "200909": "16.45",
        "200910": "16.86",
        "200911": "16.99",
        "200912": "16.93",
        "201001": "17.67",
        "201002": "16.85",
        "201003": "17.89",
        "201004": "18.44",
        "201005": "17.48",
        "201006": "17.41",
        "201007": "17.74",
        "201008": "19.81",
        "201009": "21.51",
        "201010": "23.08",
        "201011": "23.24",
        "201012": "23.95",
        "201101": "24.64",
        "201102": "23.51",
        "201103": "23.04",
        "201104": "23.62",
        "201105": "24.03",
        "201106": "23.82",
        "201107": "23.46",
        "201108": "23.46",
        "201109": "21.95",
        "201110": "20.83",
        "201111": "20.60",
        "201112": "20.01",
        "201201": "20.78",
        "201202": "22.09",
        "201203": "22.17",
        "201204": "20.06",
        "201205": "19.14",
        "201206": "19.02",
        "201207": "18.80",
        "201208": "20.33",
        "201209": "20.73",
        "201210": "20.85",
        "201211": "20.12",
        "201212": "20.30",
        "201301": "20.62",
        "201302": "21.21",
        "201303": "21.10",
        "201304": "21.89",
        "201305": "24.69",
        "201306": "28.16",
        "201307": "27.02",
        "201308": "25.23",
        "201309": "27.32",
        "201310": "31.20",
        "201311": "30.72",
        "201312": "30.94",
        "201401": "31.25",
        "201402": "30.63",
        "201403": "30.51",
        "201404": "30.32",
        "201405": "29.35",
        "201406": "30.01",
        "201407": "27.64",
        "201408": "26.31",
        "201409": "26.25",
        "201410": "25.35",
        "201411": "24.90",
        "201412": "25.94",
        "201501": "26.23",
        "201502": "25.88",
        "201503": "26.47",
        "201504": "27.35",
        "201505": "27.03",
        "201506": "26.96",
        "201507": "23.41",
        "201508": "20.83",
        "201509": "20.09",
        "201510": "21.49",
        "201511": "21.02",
        "201512": "20.95",
        "201601": "21.20",
        "201602": "22.38",
        "201603": "23.88",
        "201604": "23.80",
        "201605": "24.00",
        "201606": "24.60",
        "201607": "24.02",
        "201608": "23.93",
        "201609": "23.86",
        "201610": "23.83",
        "201611": "23.74",
        "201612": "24.16",
        "201701": "24.50",
        "201702": "24.45",
        "201703": "25.64",
        "201704": "26.73",
        "201705": "26.01",
        "201706": "25.49",
        "201707": "23.29",
        "201708": "21.95",
        "201709": "22.98",
        "201710": "31.32",
        "201711": "28.25",
        "201712": "27.61",
        "201801": "25.79",
        "201802": "23.84",
        "201803": "24.39",
        "201804": "24.97",
        "201805": "24.80",
        "201806": "25.41",
        "201807": "23.24",
        "201808": "24.13",
        "201809": "24.30",
        "201810": "23.46",
        "201811": "24.45",
        "201812": "26.08",
        "201901": "25.06",
        "201902": "26.31",
        "201903": "27.58",
        "201904": "28.12",
        "201905": "27.69",
        "201906": "27.99",
        "201907": "26.48",
        "201908": "23.90",
        "201909": "23.24",
        "201910": "22.53",
        "201911": "21.95",
        "201912": "21.14",
        "202001": "20.88",
        "202002": "20.53",
        "202003": "17.18",
        "202004": "15.33",
        "202005": "14.86",
        "202006": "16.33",
        "202007": "16.41",
        "202008": "16.32",
        "202009": "16.61",
        "202010": "16.45",
        "202011": "16.42",
        "202012": "16.94",
        "202101": "16.55",
        "202102": "16.07",
        "202103": "16.61",
        "202104": "19.23",
        "202105": "20.56",
        "202106": "21.30",
        "202107": "21.61",
        "202108": "20.87",
        "202109": "20.54",
        "202110": "20.69",
        "202111": "21.08",
        "202112": "20.78",
        "202201": "20.92",
        "202202": "20.54",
        "202203": "20.22",
        "202204": "20.44",
        "202205": "22.04",
        "202206": "23.40",
        "202207": "21.84",
        "202208": "24.88",
        "202209": "24.74",
        "202210": "21.72",
        "202211": "21.80",
        "202212": "21.27",
        "202301": "21.10",
        "202302": "22.39",
        "202303": "23.07",
        "202304": "22.90",
        "202305": "21.45",
        "202306": "21.80",
        "202307": "19.91",
        "202308": "19.37",
        "202309": "19.01",
        "202310": "18.85"
    },
    "quarters": {
        "20011": {
            "year_quarter": 20011,
            "year": 2001,
            "quarter": 1,
            "eps": 0.73,
            "eps_growth_year": -33.64,
            "eps_4q": 2.22,
            "eps_4q_growth_year": -47.89,
            "roe": 4.88,
            "roe_4q": 4.88,
            "gross_profit": 442890,
            "gross_margin": 27.9,
            "gross_margin_4q_avg": 27.9,
            "net_income": 363647,
            "net_income_4q": null,
            "revenue": 1587698,
            "revenue_4q": null,
            "common_shares": 4986409,
            "book_valuer_per_share": 15.32,
            "book_valuer_per_share_4q_avg": 15.32,
            "equity": 7638837,
            "current_ratio": 177.22,
            "debt_ratio": 24.88,
            "inventory_turnover_ratio": 0.82,
            "account_receivable_turnover_ratio": null,
            "reinvestment_rate": null,
            "research_to_sale_ratio": null,
            "price_fair": 0,
            "eps_avg_yearly": 0,
            "eps_latest_yearly": 0,
            "eps_growth_yearly": 0
        },
        "20012": {
            "year_quarter": 20012,
            "year": 2001,
            "quarter": 2,
            "eps": 0.86,
            "eps_growth_year": -2.27,
            "eps_4q": 1.97,
            "eps_4q_growth_year": -44.42,
            "roe": 6.42,
            "roe_4q": 11.3,
            "gross_profit": 508563,
            "gross_margin": 30.82,
            "gross_margin_4q_avg": 29.36,
            "net_income": 512659,
            "net_income_4q": null,
            "revenue": 1650191,
            "revenue_4q": null,
            "common_shares": 4986409,
            "book_valuer_per_share": 16.71,
            "book_valuer_per_share_4q_avg": 16.02,
            "equity": 8332006,
            "current_ratio": 189.52,
            "debt_ratio": 23.52,
            "inventory_turnover_ratio": 1.13,
            "account_receivable_turnover_ratio": null,
            "reinvestment_rate": null,
            "research_to_sale_ratio": null,
            "price_fair": 0,
            "eps_avg_yearly": 0,
            "eps_latest_yearly": 0,
            "eps_growth_yearly": 0
        },
        "20013": {
            "year_quarter": 20013,
            "year": 2001,
            "quarter": 3,
            "eps": 0.68,
            "eps_growth_year": -5.56,
            "eps_4q": 2.05,
            "eps_4q_growth_year": -34.06,
            "roe": 4.76,
            "roe_4q": 16.06,
            "gross_profit": 487513,
            "gross_margin": 31.25,
            "gross_margin_4q_avg": 29.99,
            "net_income": 405288,
            "net_income_4q": null,
            "revenue": 1560119,
            "revenue_4q": null,
            "common_shares": 5983691,
            "book_valuer_per_share": 14.53,
            "book_valuer_per_share_4q_avg": 15.52,
            "equity": 8695231,
            "current_ratio": 153.68,
            "debt_ratio": 21.37,
            "inventory_turnover_ratio": 1.13,
            "account_receivable_turnover_ratio": null,
            "reinvestment_rate": null,
            "research_to_sale_ratio": null,
            "price_fair": 0,
            "eps_avg_yearly": 0,
            "eps_latest_yearly": 0,
            "eps_growth_yearly": 0
        },
        "20014": {
            "year_quarter": 20014,
            "year": 2001,
            "quarter": 4,
            "eps": 0.47,
            "eps_growth_year": null,
            "eps_4q": 2.63,
            "eps_4q_growth_year": 13.72,
            "roe": 3.1,
            "roe_4q": 19.16,
            "gross_profit": 423713,
            "gross_margin": 30.79,
            "gross_margin_4q_avg": 30.19,
            "net_income": 279072,
            "net_income_4q": null,
            "revenue": 1375976,
            "revenue_4q": null,
            "common_shares": 5983691,
            "book_valuer_per_share": 15.48,
            "book_valuer_per_share_4q_avg": 15.51,
            "equity": 9335311,
            "current_ratio": 362.48,
            "debt_ratio": 20.62,
            "inventory_turnover_ratio": 0.65,
            "account_receivable_turnover_ratio": null,
            "reinvestment_rate": null,
            "research_to_sale_ratio": null,
            "price_fair": 0,
            "eps_avg_yearly": 0,
            "eps_latest_yearly": 0,
            "eps_growth_yearly": 0
        },
        "20021": {
            "year_quarter": 20021,
            "year": 2002,
            "quarter": 1,
            "eps": 0.96,
            "eps_growth_year": 31.51,
            "eps_4q": 2.96,
            "eps_4q_growth_year": 33.51,
            "roe": 5.99,
            "roe_4q": 20.27,
            "gross_profit": 470356,
            "gross_margin": 31.25,
            "gross_margin_4q_avg": 31.03,
            "net_income": 574138,
            "net_income_4q": null,
            "revenue": 1504960,
            "revenue_4q": null,
            "common_shares": 5983691,
            "book_valuer_per_share": 16.44,
            "book_valuer_per_share_4q_avg": 15.79,
            "equity": 9838685,
            "current_ratio": 213.48,
            "debt_ratio": 17.16,
            "inventory_turnover_ratio": 0.72,
            "account_receivable_turnover_ratio": null,
            "reinvestment_rate": null,
            "research_to_sale_ratio": null,
            "price_fair": 134.4,
            "eps_avg_yearly": 3.84,
            "eps_latest_yearly": 3.84,
            "eps_growth_yearly": 417.02
        },
        "20022": {
            "year_quarter": 20022,
            "year": 2002,
            "quarter": 2,
            "eps": 0.79,
            "eps_growth_year": -8.14,
            "eps_4q": 2.91,
            "eps_4q_growth_year": 47.19,
            "roe": 4.98,
            "roe_4q": 18.83,
            "gross_profit": 472647,
            "gross_margin": 31.1,
            "gross_margin_4q_avg": 31.1,
            "net_income": 469797,
            "net_income_4q": null,
            "revenue": 1519965,
            "revenue_4q": null,
            "common_shares": 5983691,
            "book_valuer_per_share": 15.08,
            "book_valuer_per_share_4q_avg": 15.38,
            "equity": 9021948,
            "current_ratio": 120.91,
            "debt_ratio": 21.26,
            "inventory_turnover_ratio": 1.08,
            "account_receivable_turnover_ratio": null,
            "reinvestment_rate": null,
            "research_to_sale_ratio": null,
            "price_fair": 122.5,
            "eps_avg_yearly": 3.5,
            "eps_latest_yearly": 3.16,
            "eps_growth_yearly": 173.09
        },
        "20023": {
            "year_quarter": 20023,
            "year": 2002,
            "quarter": 3,
            "eps": 0.76,
            "eps_growth_year": 11.76,
            "eps_4q": 2.97,
            "eps_4q_growth_year": 44.84,
            "roe": 4.92,
            "roe_4q": 18.990000000000002,
            "gross_profit": 327139,
            "gross_margin": 22.23,
            "gross_margin_4q_avg": 28.84,
            "net_income": 454872,
            "net_income_4q": null,
            "revenue": 1471448,
            "revenue_4q": null,
            "common_shares": 5983691,
            "book_valuer_per_share": 15.81,
            "book_valuer_per_share_4q_avg": 15.7,
            "equity": 9461217,
            "current_ratio": 152.86,
            "debt_ratio": 19.02,
            "inventory_turnover_ratio": 1.19,
            "account_receivable_turnover_ratio": null,
            "reinvestment_rate": null,
            "research_to_sale_ratio": null,
            "price_fair": 117.13,
            "eps_avg_yearly": 3.35,
            "eps_latest_yearly": 3.04,
            "eps_growth_yearly": 110.33
        },
        "20024": {
            "year_quarter": 20024,
            "year": 2002,
            "quarter": 4,
            "eps": 0.77,
            "eps_growth_year": 63.83,
            "eps_4q": 3.29,
            "eps_4q_growth_year": 25.09,
            "roe": 4.71,
            "roe_4q": 20.6,
            "gross_profit": 407839,
            "gross_margin": 29.78,
            "gross_margin_4q_avg": 28.59,
            "net_income": 458353,
            "net_income_4q": null,
            "revenue": 1369650,
            "revenue_4q": null,
            "common_shares": 5983691,
            "book_valuer_per_share": 16.62,
            "book_valuer_per_share_4q_avg": 15.99,
            "equity": 10003331,
            "current_ratio": 248.01,
            "debt_ratio": 22.97,
            "inventory_turnover_ratio": 0.62,
            "account_receivable_turnover_ratio": null,
            "reinvestment_rate": 45.92,
            "research_to_sale_ratio": null,
            "price_fair": 114.8,
            "eps_avg_yearly": 3.28,
            "eps_latest_yearly": 3.08,
            "eps_growth_yearly": 84.07
        },
        "20031": {
            "year_quarter": 20031,
            "year": 2003,
            "quarter": 1,
            "eps": 0.85,
            "eps_growth_year": -11.46,
            "eps_4q": 3.15,
            "eps_4q_growth_year": 6.47,
            "roe": 4.99,
            "roe_4q": 19.6,
            "gross_profit": 387854,
            "gross_margin": 30.96,
            "gross_margin_4q_avg": 28.52,
            "net_income": 510440,
            "net_income_4q": null,
            "revenue": 1252745,
            "revenue_4q": null,
            "common_shares": 5983691,
            "book_valuer_per_share": 17.47,
            "book_valuer_per_share_4q_avg": 16.25,
            "equity": 10452788,
            "current_ratio": 192.4,
            "debt_ratio": 15.35,
            "inventory_turnover_ratio": 0.56,
            "account_receivable_turnover_ratio": null,
            "reinvestment_rate": -6.48,
            "research_to_sale_ratio": null,
            "price_fair": 115.64,
            "eps_avg_yearly": 3.3,
            "eps_latest_yearly": 3.4,
            "eps_growth_yearly": 75.56
        },
        "20032": {
            "year_quarter": 20032,
            "year": 2003,
            "quarter": 2,
            "eps": 0.92,
            "eps_growth_year": 16.46,
            "eps_4q": 3.31,
            "eps_4q_growth_year": 13.95,
            "roe": 5.45,
            "roe_4q": 20.07,
            "gross_profit": 408491,
            "gross_margin": 27.79,
            "gross_margin_4q_avg": 27.69,
            "net_income": 547627,
            "net_income_4q": null,
            "revenue": 1470105,
            "revenue_4q": null,
            "common_shares": 5983691,
            "book_valuer_per_share": 16.1,
            "book_valuer_per_share_4q_avg": 16.5,
            "equity": 9633158,
            "current_ratio": 108.44,
            "debt_ratio": 17.86,
            "inventory_turnover_ratio": 1.09,
            "account_receivable_turnover_ratio": null,
            "reinvestment_rate": -5.28,
            "research_to_sale_ratio": null,
            "price_fair": 117.83,
            "eps_avg_yearly": 3.37,
            "eps_latest_yearly": 3.68,
            "eps_growth_yearly": 68.46
        },
        "20033": {
            "year_quarter": 20033,
            "year": 2003,
            "quarter": 3,
            "eps": 0.75,
            "eps_growth_year": -1.32,
            "eps_4q": 3.27,
            "eps_4q_growth_year": 10.01,
            "roe": 4.58,
            "roe_4q": 19.73,
            "gross_profit": 296793,
            "gross_margin": 21.98,
            "gross_margin_4q_avg": 27.63,
            "net_income": 451707,
            "net_income_4q": null,
            "revenue": 1350040,
            "revenue_4q": null,
            "common_shares": 5983691,
            "book_valuer_per_share": 16.85,
            "book_valuer_per_share_4q_avg": 16.76,
            "equity": 10084865,
            "current_ratio": 110.14,
            "debt_ratio": 16.62,
            "inventory_turnover_ratio": 1.04,
            "account_receivable_turnover_ratio": null,
            "reinvestment_rate": -2.46,
            "research_to_sale_ratio": null,
            "price_fair": 116,
            "eps_avg_yearly": 3.31,
            "eps_latest_yearly": 3,
            "eps_growth_yearly": 48.12
        },
        "20034": {
            "year_quarter": 20034,
            "year": 2003,
            "quarter": 4,
            "eps": 0.75,
            "eps_growth_year": -2.6,
            "eps_4q": 3.29,
            "eps_4q_growth_year": 0.05,
            "roe": 4.34,
            "roe_4q": 19.36,
            "gross_profit": 284005,
            "gross_margin": 23.47,
            "gross_margin_4q_avg": 26.05,
            "net_income": 445876,
            "net_income_4q": null,
            "revenue": 1210058,
            "revenue_4q": null,
            "common_shares": 5983691,
            "book_valuer_per_share": 17.38,
            "book_valuer_per_share_4q_avg": 16.95,
            "equity": 10442799,
            "current_ratio": 219.34,
            "debt_ratio": 23.53,
            "inventory_turnover_ratio": 0.53,
            "account_receivable_turnover_ratio": null,
            "reinvestment_rate": 35.29,
            "research_to_sale_ratio": null,
            "price_fair": 114.63,
            "eps_avg_yearly": 3.28,
            "eps_latest_yearly": 3,
            "eps_growth_yearly": 42.11
        },
        "20041": {
            "year_quarter": 20041,
            "year": 2004,
            "quarter": 1,
            "eps": 0.8,
            "eps_growth_year": -5.88,
            "eps_4q": 3.21,
            "eps_4q_growth_year": 1.76,
            "roe": 4.5,
            "roe_4q": 18.87,
            "gross_profit": 321562,
            "gross_margin": 23.66,
            "gross_margin_4q_avg": 24.23,
            "net_income": 480038,
            "net_income_4q": null,
            "revenue": 1359312,
            "revenue_4q": null,
            "common_shares": 5983691,
            "book_valuer_per_share": 18.17,
            "book_valuer_per_share_4q_avg": 17.13,
            "equity": 10871536,
            "current_ratio": 189.16,
            "debt_ratio": 14.09,
            "inventory_turnover_ratio": 0.63,
            "account_receivable_turnover_ratio": null,
            "reinvestment_rate": -2.01,
            "research_to_sale_ratio": null,
            "price_fair": 114.33,
            "eps_avg_yearly": 3.27,
            "eps_latest_yearly": 3.2,
            "eps_growth_yearly": 40.39
        },
        "20042": {
            "year_quarter": 20042,
            "year": 2004,
            "quarter": 2,
            "eps": 0.71,
            "eps_growth_year": -22.83,
            "eps_4q": 3.02,
            "eps_4q_growth_year": -8.92,
            "roe": 4.08,
            "roe_4q": 17.5,
            "gross_profit": 325017,
            "gross_margin": 22.28,
            "gross_margin_4q_avg": 22.85,
            "net_income": 424094,
            "net_income_4q": null,
            "revenue": 1458461,
            "revenue_4q": null,
            "common_shares": 5983691,
            "book_valuer_per_share": 16.56,
            "book_valuer_per_share_4q_avg": 17.24,
            "equity": 9911160,
            "current_ratio": 103.17,
            "debt_ratio": 25.05,
            "inventory_turnover_ratio": 1.35,
            "account_receivable_turnover_ratio": null,
            "reinvestment_rate": -1.91,
            "research_to_sale_ratio": null,
            "price_fair": 112.84,
            "eps_avg_yearly": 3.22,
            "eps_latest_yearly": 2.84,
            "eps_growth_yearly": 31.85
        },
        "20043": {
            "year_quarter": 20043,
            "year": 2004,
            "quarter": 3,
            "eps": 0.66,
            "eps_growth_year": -12,
            "eps_4q": 2.91,
            "eps_4q_growth_year": -10.91,
            "roe": 3.91,
            "roe_4q": 16.83,
            "gross_profit": 316341,
            "gross_margin": 21.16,
            "gross_margin_4q_avg": 22.64,
            "net_income": 395749,
            "net_income_4q": null,
            "revenue": 1495116,
            "revenue_4q": null,
            "common_shares": 5983691,
            "book_valuer_per_share": 17.23,
            "book_valuer_per_share_4q_avg": 17.34,
            "equity": 10311372,
            "current_ratio": 104.9,
            "debt_ratio": 14.83,
            "inventory_turnover_ratio": 1.36,
            "account_receivable_turnover_ratio": null,
            "reinvestment_rate": -2.72,
            "research_to_sale_ratio": null,
            "price_fair": 110.98,
            "eps_avg_yearly": 3.17,
            "eps_latest_yearly": 2.64,
            "eps_growth_yearly": 26.4
        },
        "20044": {
            "year_quarter": 20044,
            "year": 2004,
            "quarter": 4,
            "eps": 0.37,
            "eps_growth_year": -50.67,
            "eps_4q": 2.53,
            "eps_4q_growth_year": -23.05,
            "roe": 2.15,
            "roe_4q": 14.64,
            "gross_profit": 259948,
            "gross_margin": 21.37,
            "gross_margin_4q_avg": 22.12,
            "net_income": 222521,
            "net_income_4q": null,
            "revenue": 1216236,
            "revenue_4q": null,
            "common_shares": 5983691,
            "book_valuer_per_share": 17.33,
            "book_valuer_per_share_4q_avg": 17.32,
            "equity": 10398555,
            "current_ratio": 154.26,
            "debt_ratio": 32.65,
            "inventory_turnover_ratio": 0.48,
            "account_receivable_turnover_ratio": null,
            "reinvestment_rate": 39.26,
            "research_to_sale_ratio": null,
            "price_fair": 59.23,
            "eps_avg_yearly": 3.03,
            "eps_latest_yearly": 1.48,
            "eps_growth_yearly": 9.55
        },
        "20051": {
            "year_quarter": 20051,
            "year": 2005,
            "quarter": 1,
            "eps": 0.36,
            "eps_growth_year": -55,
            "eps_4q": 2.11,
            "eps_4q_growth_year": -34.2,
            "roe": 2.07,
            "roe_4q": 12.209999999999999,
            "gross_profit": 172422,
            "gross_margin": 7.01,
            "gross_margin_4q_avg": 17.96,
            "net_income": 214269,
            "net_income_4q": null,
            "revenue": 2458861,
            "revenue_4q": null,
            "common_shares": 5983691,
            "book_valuer_per_share": 17.19,
            "book_valuer_per_share_4q_avg": 17.08,
            "equity": 10284637,
            "current_ratio": 143.89,
            "debt_ratio": 19.4,
            "inventory_turnover_ratio": 0.85,
            "account_receivable_turnover_ratio": null,
            "reinvestment_rate": -2.67,
            "research_to_sale_ratio": null,
            "price_fair": 52.29,
            "eps_avg_yearly": 2.91,
            "eps_latest_yearly": 1.44,
            "eps_growth_yearly": 7.98
        },
        "20052": {
            "year_quarter": 20052,
            "year": 2005,
            "quarter": 2,
            "eps": 0.44,
            "eps_growth_year": -38.03,
            "eps_4q": 1.82,
            "eps_4q_growth_year": -39.79,
            "roe": 2.71,
            "roe_4q": 10.84,
            "gross_profit": 196893,
            "gross_margin": 7.43,
            "gross_margin_4q_avg": 14.24,
            "net_income": 266187,
            "net_income_4q": null,
            "revenue": 2648981,
            "revenue_4q": null,
            "common_shares": 5983691,
            "book_valuer_per_share": 15.63,
            "book_valuer_per_share_4q_avg": 16.85,
            "equity": 9353934,
            "current_ratio": 130.63,
            "debt_ratio": 29.62,
            "inventory_turnover_ratio": 1.1,
            "account_receivable_turnover_ratio": null,
            "reinvestment_rate": -0.86,
            "research_to_sale_ratio": null,
            "price_fair": 67.14,
            "eps_avg_yearly": 2.83,
            "eps_latest_yearly": 1.76,
            "eps_growth_yearly": 13.76
        },
        "20053": {
            "year_quarter": 20053,
            "year": 2005,
            "quarter": 3,
            "eps": 0.74,
            "eps_growth_year": 12.12,
            "eps_4q": 1.92,
            "eps_4q_growth_year": -33.99,
            "roe": 4.52,
            "roe_4q": 11.45,
            "gross_profit": 244025,
            "gross_margin": 9.28,
            "gross_margin_4q_avg": 11.27,
            "net_income": 440150,
            "net_income_4q": null,
            "revenue": 2629542,
            "revenue_4q": null,
            "common_shares": 5983691,
            "book_valuer_per_share": 16.92,
            "book_valuer_per_share_4q_avg": 16.77,
            "equity": 10126999,
            "current_ratio": 161.84,
            "debt_ratio": 25.93,
            "inventory_turnover_ratio": 1.09,
            "account_receivable_turnover_ratio": null,
            "reinvestment_rate": -0.53,
            "research_to_sale_ratio": null,
            "price_fair": 99.21,
            "eps_avg_yearly": 2.83,
            "eps_latest_yearly": 2.96,
            "eps_growth_yearly": 31.03
        },
        "20054": {
            "year_quarter": 20054,
            "year": 2005,
            "quarter": 4,
            "eps": 0.73,
            "eps_growth_year": 97.3,
            "eps_4q": 2.26,
            "eps_4q_growth_year": -10.72,
            "roe": 4.26,
            "roe_4q": 13.559999999999999,
            "gross_profit": 103054,
            "gross_margin": 4.34,
            "gross_margin_4q_avg": 7.02,
            "net_income": 439206,
            "net_income_4q": null,
            "revenue": 2376331,
            "revenue_4q": null,
            "common_shares": 5983691,
            "book_valuer_per_share": 17.52,
            "book_valuer_per_share_4q_avg": 16.82,
            "equity": 10489399,
            "current_ratio": 174.68,
            "debt_ratio": 37.59,
            "inventory_turnover_ratio": 0.88,
            "account_receivable_turnover_ratio": null,
            "reinvestment_rate": 23.77,
            "research_to_sale_ratio": null,
            "price_fair": 99.4,
            "eps_avg_yearly": 2.84,
            "eps_latest_yearly": 2.92,
            "eps_growth_yearly": 28.75
        },
        "20061": {
            "year_quarter": 20061,
            "year": 2006,
            "quarter": 1,
            "eps": 0.49,
            "eps_growth_year": 36.11,
            "eps_4q": 2.39,
            "eps_4q_growth_year": 13.17,
            "roe": 2.64,
            "roe_4q": 14.129999999999999,
            "gross_profit": 53096,
            "gross_margin": 2.23,
            "gross_margin_4q_avg": 5.82,
            "net_income": 295527,
            "net_income_4q": null,
            "revenue": 2377296,
            "revenue_4q": null,
            "common_shares": 5983691,
            "book_valuer_per_share": 19.83,
            "book_valuer_per_share_4q_avg": 17.48,
            "equity": 11867968,
            "current_ratio": 226.87,
            "debt_ratio": 21.58,
            "inventory_turnover_ratio": 0.92,
            "account_receivable_turnover_ratio": null,
            "reinvestment_rate": -0.33,
            "research_to_sale_ratio": null,
            "price_fair": 8.17,
            "eps_avg_yearly": 2.72,
            "eps_latest_yearly": 1.96,
            "eps_growth_yearly": -5.53
        },
        "20062": {
            "year_quarter": 20062,
            "year": 2006,
            "quarter": 2,
            "eps": 0.74,
            "eps_growth_year": 68.18,
            "eps_4q": 2.7,
            "eps_4q_growth_year": 48.71,
            "roe": 3.86,
            "roe_4q": 15.28,
            "gross_profit": 306224,
            "gross_margin": 11.14,
            "gross_margin_4q_avg": 6.75,
            "net_income": 443391,
            "net_income_4q": null,
            "revenue": 2749012,
            "revenue_4q": null,
            "common_shares": 5983691,
            "book_valuer_per_share": 18.58,
            "book_valuer_per_share_4q_avg": 18.21,
            "equity": 11120356,
            "current_ratio": 148.07,
            "debt_ratio": 27.37,
            "inventory_turnover_ratio": 1.15,
            "account_receivable_turnover_ratio": null,
            "reinvestment_rate": 1.24,
            "research_to_sale_ratio": null,
            "price_fair": 58.67,
            "eps_avg_yearly": 2.71,
            "eps_latest_yearly": 2.96,
            "eps_growth_yearly": 11.65
        },
        "20063": {
            "year_quarter": 20063,
            "year": 2006,
            "quarter": 3,
            "eps": 0.55,
            "eps_growth_year": -25.68,
            "eps_4q": 2.51,
            "eps_4q_growth_year": 30.82,
            "roe": 2.9,
            "roe_4q": 13.66,
            "gross_profit": 335206,
            "gross_margin": 11.82,
            "gross_margin_4q_avg": 7.38,
            "net_income": 329895,
            "net_income_4q": null,
            "revenue": 2835597,
            "revenue_4q": null,
            "common_shares": 5983691,
            "book_valuer_per_share": 19.5,
            "book_valuer_per_share_4q_avg": 18.86,
            "equity": 11667800,
            "current_ratio": 150.75,
            "debt_ratio": 25.76,
            "inventory_turnover_ratio": 1.09,
            "account_receivable_turnover_ratio": null,
            "reinvestment_rate": 0.85,
            "research_to_sale_ratio": null,
            "price_fair": 43,
            "eps_avg_yearly": 2.66,
            "eps_latest_yearly": 2.2,
            "eps_growth_yearly": 6.18
        },
        "20064": {
            "year_quarter": 20064,
            "year": 2006,
            "quarter": 4,
            "eps": 0.55,
            "eps_growth_year": -24.66,
            "eps_4q": 2.34,
            "eps_4q_growth_year": 3.45,
            "roe": 2.76,
            "roe_4q": 12.16,
            "gross_profit": 157657,
            "gross_margin": 6.03,
            "gross_margin_4q_avg": 7.81,
            "net_income": 328771,
            "net_income_4q": null,
            "revenue": 2615525,
            "revenue_4q": null,
            "common_shares": 5983691,
            "book_valuer_per_share": 20.37,
            "book_valuer_per_share_4q_avg": 19.57,
            "equity": 12189605,
            "current_ratio": 212.83,
            "debt_ratio": 26.75,
            "inventory_turnover_ratio": 0.84,
            "account_receivable_turnover_ratio": null,
            "reinvestment_rate": 21.62,
            "research_to_sale_ratio": null,
            "price_fair": 41.25,
            "eps_avg_yearly": 2.6,
            "eps_latest_yearly": 2.2,
            "eps_growth_yearly": 5.85
        },
        "20071": {
            "year_quarter": 20071,
            "year": 2007,
            "quarter": 1,
            "eps": 0.66,
            "eps_growth_year": 34.69,
            "eps_4q": 2.51,
            "eps_4q_growth_year": 4.88,
            "roe": 3.11,
            "roe_4q": 12.629999999999999,
            "gross_profit": 176386,
            "gross_margin": 6.45,
            "gross_margin_4q_avg": 8.86,
            "net_income": 394030,
            "net_income_4q": null,
            "revenue": 2734467,
            "revenue_4q": null,
            "common_shares": 5983691,
            "book_valuer_per_share": 21.97,
            "book_valuer_per_share_4q_avg": 20.11,
            "equity": 13147593,
            "current_ratio": 150.27,
            "debt_ratio": 25.67,
            "inventory_turnover_ratio": 0.85,
            "account_receivable_turnover_ratio": null,
            "reinvestment_rate": 2.83,
            "research_to_sale_ratio": null,
            "price_fair": 46.64,
            "eps_avg_yearly": 2.56,
            "eps_latest_yearly": 2.64,
            "eps_growth_yearly": 8.25
        },
        "20072": {
            "year_quarter": 20072,
            "year": 2007,
            "quarter": 2,
            "eps": 0.63,
            "eps_growth_year": -14.86,
            "eps_4q": 2.38,
            "eps_4q_growth_year": -12,
            "roe": 2.95,
            "roe_4q": 11.72,
            "gross_profit": 301735,
            "gross_margin": 9.68,
            "gross_margin_4q_avg": 8.5,
            "net_income": 379653,
            "net_income_4q": null,
            "revenue": 3117070,
            "revenue_4q": null,
            "common_shares": 5983691,
            "book_valuer_per_share": 20.99,
            "book_valuer_per_share_4q_avg": 20.71,
            "equity": 12562519,
            "current_ratio": 120.77,
            "debt_ratio": 28.32,
            "inventory_turnover_ratio": 1.13,
            "account_receivable_turnover_ratio": null,
            "reinvestment_rate": 2.34,
            "research_to_sale_ratio": null,
            "price_fair": 37.38,
            "eps_avg_yearly": 2.48,
            "eps_latest_yearly": 2.52,
            "eps_growth_yearly": 5.06
        },
        "20073": {
            "year_quarter": 20073,
            "year": 2007,
            "quarter": 3,
            "eps": 0.46,
            "eps_growth_year": -16.36,
            "eps_4q": 2.28,
            "eps_4q_growth_year": -9.14,
            "roe": 2.19,
            "roe_4q": 11.01,
            "gross_profit": 195329,
            "gross_margin": 7.58,
            "gross_margin_4q_avg": 7.44,
            "net_income": 277981,
            "net_income_4q": null,
            "revenue": 2578066,
            "revenue_4q": null,
            "common_shares": 5983691,
            "book_valuer_per_share": 21.4,
            "book_valuer_per_share_4q_avg": 21.18,
            "equity": 12806127,
            "current_ratio": 121.31,
            "debt_ratio": 27.41,
            "inventory_turnover_ratio": 0.93,
            "account_receivable_turnover_ratio": null,
            "reinvestment_rate": -1.04,
            "research_to_sale_ratio": null,
            "price_fair": 31.16,
            "eps_avg_yearly": 2.41,
            "eps_latest_yearly": 1.84,
            "eps_growth_yearly": 2.93
        },
        "20074": {
            "year_quarter": 20074,
            "year": 2007,
            "quarter": 4,
            "eps": 0.36,
            "eps_growth_year": -34.55,
            "eps_4q": 2.11,
            "eps_4q_growth_year": -9.96,
            "roe": 1.72,
            "roe_4q": 9.97,
            "gross_profit": 71010,
            "gross_margin": 2.98,
            "gross_margin_4q_avg": 6.67,
            "net_income": 216932,
            "net_income_4q": null,
            "revenue": 2381322,
            "revenue_4q": null,
            "common_shares": 5983691,
            "book_valuer_per_share": 20.68,
            "book_valuer_per_share_4q_avg": 21.26,
            "equity": 12373673,
            "current_ratio": 226.99,
            "debt_ratio": 26.55,
            "inventory_turnover_ratio": 0.71,
            "account_receivable_turnover_ratio": null,
            "reinvestment_rate": 1.7,
            "research_to_sale_ratio": null,
            "price_fair": 6.94,
            "eps_avg_yearly": 2.31,
            "eps_latest_yearly": 1.44,
            "eps_growth_yearly": -2.5
        },
        "20081": {
            "year_quarter": 20081,
            "year": 2008,
            "quarter": 1,
            "eps": 0.45,
            "eps_growth_year": -31.82,
            "eps_4q": 1.9,
            "eps_4q_growth_year": -24.2,
            "roe": 2.27,
            "roe_4q": 9.129999999999999,
            "gross_profit": 101675,
            "gross_margin": 2.86,
            "gross_margin_4q_avg": 5.78,
            "net_income": 271503,
            "net_income_4q": null,
            "revenue": 3557922,
            "revenue_4q": null,
            "common_shares": 5983691,
            "book_valuer_per_share": 19.33,
            "book_valuer_per_share_4q_avg": 20.6,
            "equity": 11565729,
            "current_ratio": 248.49,
            "debt_ratio": 28.39,
            "inventory_turnover_ratio": 0.93,
            "account_receivable_turnover_ratio": null,
            "reinvestment_rate": 93.12,
            "research_to_sale_ratio": null,
            "price_fair": 26.88,
            "eps_avg_yearly": 2.23,
            "eps_latest_yearly": 1.8,
            "eps_growth_yearly": 2.08
        },
        "20082": {
            "year_quarter": 20082,
            "year": 2008,
            "quarter": 2,
            "eps": 0.23,
            "eps_growth_year": -63.49,
            "eps_4q": 1.53,
            "eps_4q_growth_year": -35.67,
            "roe": 1.23,
            "roe_4q": 7.41,
            "gross_profit": 126066,
            "gross_margin": 3.34,
            "gross_margin_4q_avg": 4.19,
            "net_income": 135690,
            "net_income_4q": null,
            "revenue": 3769662,
            "revenue_4q": null,
            "common_shares": 5983691,
            "book_valuer_per_share": 17.44,
            "book_valuer_per_share_4q_avg": 19.71,
            "equity": 10437380,
            "current_ratio": 185.6,
            "debt_ratio": 30.3,
            "inventory_turnover_ratio": 1.03,
            "account_receivable_turnover_ratio": null,
            "reinvestment_rate": 96.73,
            "research_to_sale_ratio": null,
            "price_fair": 6.32,
            "eps_avg_yearly": 2.11,
            "eps_latest_yearly": 0.92,
            "eps_growth_yearly": -7.33
        },
        "20083": {
            "year_quarter": 20083,
            "year": 2008,
            "quarter": 3,
            "eps": -0.14,
            "eps_growth_year": -130.43,
            "eps_4q": 0.91,
            "eps_4q_growth_year": -60.28,
            "roe": -0.77,
            "roe_4q": 4.45,
            "gross_profit": 117278,
            "gross_margin": 3.6,
            "gross_margin_4q_avg": 3.2,
            "net_income": -81222,
            "net_income_4q": null,
            "revenue": 3261439,
            "revenue_4q": null,
            "common_shares": 5983691,
            "book_valuer_per_share": 17.73,
            "book_valuer_per_share_4q_avg": 18.8,
            "equity": 10608022,
            "current_ratio": 225.88,
            "debt_ratio": 29.09,
            "inventory_turnover_ratio": 0.91,
            "account_receivable_turnover_ratio": null,
            "reinvestment_rate": 113.03,
            "research_to_sale_ratio": null,
            "price_fair": 6.21,
            "eps_avg_yearly": 2.07,
            "eps_latest_yearly": 0.92,
            "eps_growth_yearly": -5.94
        },
        "20084": {
            "year_quarter": 20084,
            "year": 2008,
            "quarter": 4,
            "eps": -0.37,
            "eps_growth_year": -202.78,
            "eps_4q": 0.18,
            "eps_4q_growth_year": -91.45,
            "roe": -2.1,
            "roe_4q": 0.6299999999999999,
            "gross_profit": 160488,
            "gross_margin": 5.29,
            "gross_margin_4q_avg": 3.77,
            "net_income": -220541,
            "net_income_4q": null,
            "revenue": 3034448,
            "revenue_4q": null,
            "common_shares": 5906431,
            "book_valuer_per_share": 17.67,
            "book_valuer_per_share_4q_avg": 18.04,
            "equity": 10438946,
            "current_ratio": 198.86,
            "debt_ratio": 28.32,
            "inventory_turnover_ratio": 0.84,
            "account_receivable_turnover_ratio": 3.8,
            "reinvestment_rate": -19.06,
            "research_to_sale_ratio": null,
            "price_fair": 34.18,
            "eps_avg_yearly": 2.11,
            "eps_latest_yearly": 0.92,
            "eps_growth_yearly": 6.19
        },
        "20091": {
            "year_quarter": 20091,
            "year": 2009,
            "quarter": 1,
            "eps": 0.4,
            "eps_growth_year": -11.11,
            "eps_4q": 0.12,
            "eps_4q_growth_year": -93.86,
            "roe": 2.18,
            "roe_4q": 0.54,
            "gross_profit": 335805,
            "gross_margin": 11.82,
            "gross_margin_4q_avg": 6.01,
            "net_income": 234359,
            "net_income_4q": null,
            "revenue": 2840648,
            "revenue_4q": null,
            "common_shares": 5906431,
            "book_valuer_per_share": 18.71,
            "book_valuer_per_share_4q_avg": 17.89,
            "equity": 11051351,
            "current_ratio": 214.2,
            "debt_ratio": 27.62,
            "inventory_turnover_ratio": 0.75,
            "account_receivable_turnover_ratio": 1.68,
            "reinvestment_rate": 133.12,
            "research_to_sale_ratio": null,
            "price_fair": 37.85,
            "eps_avg_yearly": 2.16,
            "eps_latest_yearly": 0.92,
            "eps_growth_yearly": 7.5
        },
        "20092": {
            "year_quarter": 20092,
            "year": 2009,
            "quarter": 2,
            "eps": 0.6,
            "eps_growth_year": 160.87,
            "eps_4q": 0.48,
            "eps_4q_growth_year": -68.32,
            "roe": 3.17,
            "roe_4q": 2.4799999999999995,
            "gross_profit": 494251,
            "gross_margin": 14.59,
            "gross_margin_4q_avg": 8.83,
            "net_income": 350365,
            "net_income_4q": null,
            "revenue": 3387998,
            "revenue_4q": null,
            "common_shares": 5906431,
            "book_valuer_per_share": 18.68,
            "book_valuer_per_share_4q_avg": 18.2,
            "equity": 11036029,
            "current_ratio": 218.54,
            "debt_ratio": 26.86,
            "inventory_turnover_ratio": 0.94,
            "account_receivable_turnover_ratio": 1.82,
            "reinvestment_rate": 125.13,
            "research_to_sale_ratio": null,
            "price_fair": 57.62,
            "eps_avg_yearly": 2.21,
            "eps_latest_yearly": 2.4,
            "eps_growth_yearly": 16.04
        },
        "20093": {
            "year_quarter": 20093,
            "year": 2009,
            "quarter": 3,
            "eps": 0.55,
            "eps_growth_year": null,
            "eps_4q": 1.17,
            "eps_4q_growth_year": 28.54,
            "roe": 2.84,
            "roe_4q": 6.09,
            "gross_profit": 453047,
            "gross_margin": 14.36,
            "gross_margin_4q_avg": 11.52,
            "net_income": 325027,
            "net_income_4q": null,
            "revenue": 3154193,
            "revenue_4q": null,
            "common_shares": 5906431,
            "book_valuer_per_share": 20,
            "book_valuer_per_share_4q_avg": 18.77,
            "equity": 11813630,
            "current_ratio": 289.42,
            "debt_ratio": 21.75,
            "inventory_turnover_ratio": 0.99,
            "account_receivable_turnover_ratio": 1.73,
            "reinvestment_rate": 122.99,
            "research_to_sale_ratio": null,
            "price_fair": 6.46,
            "eps_avg_yearly": 2.15,
            "eps_latest_yearly": 2.2,
            "eps_growth_yearly": -7.5
        },
        "20094": {
            "year_quarter": 20094,
            "year": 2009,
            "quarter": 4,
            "eps": 0.53,
            "eps_growth_year": null,
            "eps_4q": 2.07,
            "eps_4q_growth_year": 1048.95,
            "roe": 2.61,
            "roe_4q": 10.799999999999999,
            "gross_profit": 318896,
            "gross_margin": 11.96,
            "gross_margin_4q_avg": 13.18,
            "net_income": 311868,
            "net_income_4q": null,
            "revenue": 2666015,
            "revenue_4q": null,
            "common_shares": 5906431,
            "book_valuer_per_share": 20.43,
            "book_valuer_per_share_4q_avg": 19.46,
            "equity": 12066512,
            "current_ratio": 288.78,
            "debt_ratio": 17.8,
            "inventory_turnover_ratio": 0.89,
            "account_receivable_turnover_ratio": 3.48,
            "reinvestment_rate": 49.18,
            "research_to_sale_ratio": null,
            "price_fair": 6.28,
            "eps_avg_yearly": 2.09,
            "eps_latest_yearly": 2.12,
            "eps_growth_yearly": -8.2
        },
        "20101": {
            "year_quarter": 20101,
            "year": 2010,
            "quarter": 1,
            "eps": 0.4,
            "eps_growth_year": 0,
            "eps_4q": 2.07,
            "eps_4q_growth_year": 1676.15,
            "roe": 1.94,
            "roe_4q": 10.559999999999999,
            "gross_profit": 309011,
            "gross_margin": 11.36,
            "gross_margin_4q_avg": 13.07,
            "net_income": 235594,
            "net_income_4q": null,
            "revenue": 2720545,
            "revenue_4q": null,
            "common_shares": 5906431,
            "book_valuer_per_share": 20.66,
            "book_valuer_per_share_4q_avg": 19.94,
            "equity": 12202155,
            "current_ratio": 276.21,
            "debt_ratio": 19.3,
            "inventory_turnover_ratio": 0.83,
            "account_receivable_turnover_ratio": 1.72,
            "reinvestment_rate": 190.25,
            "research_to_sale_ratio": 0.48,
            "price_fair": 6.19,
            "eps_avg_yearly": 2.06,
            "eps_latest_yearly": 1.6,
            "eps_growth_yearly": -5.63
        },
        "20102": {
            "year_quarter": 20102,
            "year": 2010,
            "quarter": 2,
            "eps": 0.9,
            "eps_growth_year": 50.71,
            "eps_4q": 2.38,
            "eps_4q_growth_year": 391.54,
            "roe": 4.42,
            "roe_4q": 11.809999999999999,
            "gross_profit": 453113,
            "gross_margin": 12.95,
            "gross_margin_4q_avg": 12.66,
            "net_income": 534238,
            "net_income_4q": null,
            "revenue": 3499597,
            "revenue_4q": null,
            "common_shares": 5906431,
            "book_valuer_per_share": 20.24,
            "book_valuer_per_share_4q_avg": 20.33,
            "equity": 11970211,
            "current_ratio": 218.72,
            "debt_ratio": 24.47,
            "inventory_turnover_ratio": 0.94,
            "account_receivable_turnover_ratio": 1.84,
            "reinvestment_rate": 181.59,
            "research_to_sale_ratio": 0.42,
            "price_fair": 57.35,
            "eps_avg_yearly": 2.11,
            "eps_latest_yearly": 3.6,
            "eps_growth_yearly": 17.13
        },
        "20103": {
            "year_quarter": 20103,
            "year": 2010,
            "quarter": 3,
            "eps": 1.06,
            "eps_growth_year": 92.16,
            "eps_4q": 3.02,
            "eps_4q_growth_year": 159.22,
            "roe": 4.85,
            "roe_4q": 13.819999999999999,
            "gross_profit": 460544,
            "gross_margin": 13.5,
            "gross_margin_4q_avg": 12.44,
            "net_income": 581405,
            "net_income_4q": null,
            "revenue": 3410933,
            "revenue_4q": null,
            "common_shares": 5500000,
            "book_valuer_per_share": 21.6,
            "book_valuer_per_share_4q_avg": 20.73,
            "equity": 11988749,
            "current_ratio": 233.88,
            "debt_ratio": 23.73,
            "inventory_turnover_ratio": 0.87,
            "account_receivable_turnover_ratio": 1.7,
            "reinvestment_rate": 163.62,
            "research_to_sale_ratio": 0.42,
            "price_fair": 79.48,
            "eps_avg_yearly": 2.27,
            "eps_latest_yearly": 4.24,
            "eps_growth_yearly": 30.5
        },
        "20104": {
            "year_quarter": 20104,
            "year": 2010,
            "quarter": 4,
            "eps": 0.17,
            "eps_growth_year": -68.51,
            "eps_4q": 2.62,
            "eps_4q_growth_year": 26.84,
            "roe": 0.75,
            "roe_4q": 11.959999999999999,
            "gross_profit": 228747,
            "gross_margin": 7.1,
            "gross_margin_4q_avg": 11.23,
            "net_income": 90708,
            "net_income_4q": null,
            "revenue": 3220224,
            "revenue_4q": null,
            "common_shares": 5500000,
            "book_valuer_per_share": 22.17,
            "book_valuer_per_share_4q_avg": 21.17,
            "equity": 12293945,
            "current_ratio": 311.83,
            "debt_ratio": 18.69,
            "inventory_turnover_ratio": 0.93,
            "account_receivable_turnover_ratio": 1.78,
            "reinvestment_rate": 21.95,
            "research_to_sale_ratio": 0.46,
            "price_fair": 31.59,
            "eps_avg_yearly": 2.15,
            "eps_latest_yearly": 0.68,
            "eps_growth_yearly": 4.66
        },
        "20111": {
            "year_quarter": 20111,
            "year": 2011,
            "quarter": 1,
            "eps": 0.69,
            "eps_growth_year": 72.5,
            "eps_4q": 2.88,
            "eps_4q_growth_year": 39.24,
            "roe": 3.03,
            "roe_4q": 13.049999999999999,
            "gross_profit": 519074,
            "gross_margin": 16.81,
            "gross_margin_4q_avg": 12.59,
            "net_income": 375887,
            "net_income_4q": null,
            "revenue": 3087279,
            "revenue_4q": null,
            "common_shares": 5500000,
            "book_valuer_per_share": 22.63,
            "book_valuer_per_share_4q_avg": 21.66,
            "equity": 12547298,
            "current_ratio": 303.3,
            "debt_ratio": 24.29,
            "inventory_turnover_ratio": 0.76,
            "account_receivable_turnover_ratio": 1.71,
            "reinvestment_rate": 159.74,
            "research_to_sale_ratio": 0.45,
            "price_fair": 75.71,
            "eps_avg_yearly": 2.16,
            "eps_latest_yearly": 2.76,
            "eps_growth_yearly": 92.63
        },
        "20112": {
            "year_quarter": 20112,
            "year": 2011,
            "quarter": 2,
            "eps": 0.56,
            "eps_growth_year": -38.58,
            "eps_4q": 2.47,
            "eps_4q_growth_year": 3.59,
            "roe": 2.48,
            "roe_4q": 11.11,
            "gross_profit": 607941,
            "gross_margin": 17.02,
            "gross_margin_4q_avg": 13.61,
            "net_income": 303822,
            "net_income_4q": null,
            "revenue": 3571287,
            "revenue_4q": null,
            "common_shares": 5500000,
            "book_valuer_per_share": 21.62,
            "book_valuer_per_share_4q_avg": 22.01,
            "equity": 11989661,
            "current_ratio": 249.22,
            "debt_ratio": 28.04,
            "inventory_turnover_ratio": 0.75,
            "account_receivable_turnover_ratio": 1.93,
            "reinvestment_rate": 159.48,
            "research_to_sale_ratio": 0.55,
            "price_fair": 74.95,
            "eps_avg_yearly": 2.14,
            "eps_latest_yearly": 2.24,
            "eps_growth_yearly": 88.23
        },
        "20113": {
            "year_quarter": 20113,
            "year": 2011,
            "quarter": 3,
            "eps": 0.7,
            "eps_growth_year": -34.18,
            "eps_4q": 2.31,
            "eps_4q_growth_year": -23.7,
            "roe": 2.82,
            "roe_4q": 9.08,
            "gross_profit": 282731,
            "gross_margin": 8.88,
            "gross_margin_4q_avg": 12.45,
            "net_income": 333321,
            "net_income_4q": null,
            "revenue": 3182416,
            "revenue_4q": null,
            "common_shares": 4812500,
            "book_valuer_per_share": 23.96,
            "book_valuer_per_share_4q_avg": 22.6,
            "equity": 11633958,
            "current_ratio": 320.51,
            "debt_ratio": 22.33,
            "inventory_turnover_ratio": 0.72,
            "account_receivable_turnover_ratio": 1.8,
            "reinvestment_rate": 159.51,
            "research_to_sale_ratio": 0.68,
            "price_fair": 77.54,
            "eps_avg_yearly": 2.22,
            "eps_latest_yearly": 2.8,
            "eps_growth_yearly": 104.23
        },
        "20114": {
            "year_quarter": 20114,
            "year": 2011,
            "quarter": 4,
            "eps": -0.55,
            "eps_growth_year": -426.55,
            "eps_4q": 1.57,
            "eps_4q_growth_year": -40.11,
            "roe": -2.29,
            "roe_4q": 6.039999999999999,
            "gross_profit": -127592,
            "gross_margin": -3.91,
            "gross_margin_4q_avg": 9.7,
            "net_income": -262934,
            "net_income_4q": null,
            "revenue": 3266404,
            "revenue_4q": null,
            "common_shares": 4812500,
            "book_valuer_per_share": 23.28,
            "book_valuer_per_share_4q_avg": 22.87,
            "equity": 11306957,
            "current_ratio": 340.14,
            "debt_ratio": 23.04,
            "inventory_turnover_ratio": 0.87,
            "account_receivable_turnover_ratio": 1.74,
            "reinvestment_rate": 5.63,
            "research_to_sale_ratio": 0.81,
            "price_fair": 79.8,
            "eps_avg_yearly": 2.28,
            "eps_latest_yearly": 2.8,
            "eps_growth_yearly": 120.16
        },
        "20121": {
            "year_quarter": 20121,
            "year": 2012,
            "quarter": 1,
            "eps": 0.66,
            "eps_growth_year": -4.35,
            "eps_4q": 1.44,
            "eps_4q_growth_year": -49.9,
            "roe": 2.82,
            "roe_4q": 5.83,
            "gross_profit": -88390,
            "gross_margin": -2.96,
            "gross_margin_4q_avg": 4.76,
            "net_income": 316443,
            "net_income_4q": null,
            "revenue": 2990154,
            "revenue_4q": null,
            "common_shares": 4812500,
            "book_valuer_per_share": 22.89,
            "book_valuer_per_share_4q_avg": 22.94,
            "equity": 11113900,
            "current_ratio": 374.68,
            "debt_ratio": 21.85,
            "inventory_turnover_ratio": 0.78,
            "account_receivable_turnover_ratio": 1.58,
            "reinvestment_rate": 7.97,
            "research_to_sale_ratio": 0.64,
            "price_fair": 81.33,
            "eps_avg_yearly": 2.32,
            "eps_latest_yearly": 2.8,
            "eps_growth_yearly": 121.99
        },
        "20122": {
            "year_quarter": 20122,
            "year": 2012,
            "quarter": 2,
            "eps": 0.55,
            "eps_growth_year": -1.55,
            "eps_4q": 1.36,
            "eps_4q_growth_year": -45.03,
            "roe": 2.4,
            "roe_4q": 5.75,
            "gross_profit": 193851,
            "gross_margin": 5.58,
            "gross_margin_4q_avg": 1.9,
            "net_income": 262009,
            "net_income_4q": null,
            "revenue": 3471906,
            "revenue_4q": null,
            "common_shares": 4812500,
            "book_valuer_per_share": 22.16,
            "book_valuer_per_share_4q_avg": 23.07,
            "equity": 10762712,
            "current_ratio": 322.53,
            "debt_ratio": 24.27,
            "inventory_turnover_ratio": 0.85,
            "account_receivable_turnover_ratio": 1.7,
            "reinvestment_rate": 9.47,
            "research_to_sale_ratio": 0.56,
            "price_fair": 85.4,
            "eps_avg_yearly": 2.44,
            "eps_latest_yearly": 2.2,
            "eps_growth_yearly": 133.71
        },
        "20123": {
            "year_quarter": 20123,
            "year": 2012,
            "quarter": 3,
            "eps": 0.35,
            "eps_growth_year": -49.43,
            "eps_4q": 1.09,
            "eps_4q_growth_year": -52.94,
            "roe": 1.44,
            "roe_4q": 4.37,
            "gross_profit": 404243,
            "gross_margin": 11.46,
            "gross_margin_4q_avg": 2.54,
            "net_income": 151726,
            "net_income_4q": null,
            "revenue": 3528596,
            "revenue_4q": null,
            "common_shares": 4331250,
            "book_valuer_per_share": 23.53,
            "book_valuer_per_share_4q_avg": 22.97,
            "equity": 10290850,
            "current_ratio": 294.48,
            "debt_ratio": 23.91,
            "inventory_turnover_ratio": 0.9,
            "account_receivable_turnover_ratio": 1.54,
            "reinvestment_rate": -6.88,
            "research_to_sale_ratio": 0.5,
            "price_fair": 82.37,
            "eps_avg_yearly": 2.35,
            "eps_latest_yearly": 1.4,
            "eps_growth_yearly": 110.44
        },
        "20124": {
            "year_quarter": 20124,
            "year": 2012,
            "quarter": 4,
            "eps": 0.06,
            "eps_growth_year": null,
            "eps_4q": 1.75,
            "eps_4q_growth_year": 11.64,
            "roe": 0.25,
            "roe_4q": 6.91,
            "gross_profit": 358733,
            "gross_margin": 11.29,
            "gross_margin_4q_avg": 6.34,
            "net_income": 26010,
            "net_income_4q": null,
            "revenue": 3178504,
            "revenue_4q": null,
            "common_shares": 4331250,
            "book_valuer_per_share": 23.43,
            "book_valuer_per_share_4q_avg": 23,
            "equity": 10242146,
            "current_ratio": 324.79,
            "debt_ratio": 22.31,
            "inventory_turnover_ratio": 0.9,
            "account_receivable_turnover_ratio": 1.49,
            "reinvestment_rate": -12.95,
            "research_to_sale_ratio": 0.5,
            "price_fair": 76.68,
            "eps_avg_yearly": 2.19,
            "eps_latest_yearly": 0.24,
            "eps_growth_yearly": 76.45
        },
        "20131": {
            "year_quarter": 20131,
            "year": 2013,
            "quarter": 1,
            "eps": 0.35,
            "eps_growth_year": -46.97,
            "eps_4q": 1.37,
            "eps_4q_growth_year": -5.02,
            "roe": 1.45,
            "roe_4q": 5.539999999999999,
            "gross_profit": 335464,
            "gross_margin": 10.6,
            "gross_margin_4q_avg": 9.73,
            "net_income": 148884,
            "net_income_4q": null,
            "revenue": 3164668,
            "revenue_4q": null,
            "common_shares": 4331250,
            "book_valuer_per_share": 23.45,
            "book_valuer_per_share_4q_avg": 23.14,
            "equity": 10262906,
            "current_ratio": 239.92,
            "debt_ratio": 25.6,
            "inventory_turnover_ratio": 0.85,
            "account_receivable_turnover_ratio": 1.57,
            "reinvestment_rate": -3.13,
            "research_to_sale_ratio": 0.41,
            "price_fair": 74.7,
            "eps_avg_yearly": 2.13,
            "eps_latest_yearly": 1.4,
            "eps_growth_yearly": 209.09
        },
        "20132": {
            "year_quarter": 20132,
            "year": 2013,
            "quarter": 2,
            "eps": 0.59,
            "eps_growth_year": 7.91,
            "eps_4q": 1.36,
            "eps_4q_growth_year": 0.02,
            "roe": 2.51,
            "roe_4q": 5.65,
            "gross_profit": 464053,
            "gross_margin": 13.05,
            "gross_margin_4q_avg": 11.6,
            "net_income": 252706,
            "net_income_4q": null,
            "revenue": 3556232,
            "revenue_4q": null,
            "common_shares": 4331250,
            "book_valuer_per_share": 22.55,
            "book_valuer_per_share_4q_avg": 23.24,
            "equity": 9867780,
            "current_ratio": 218.39,
            "debt_ratio": 28.48,
            "inventory_turnover_ratio": 0.87,
            "account_receivable_turnover_ratio": 1.66,
            "reinvestment_rate": -4.26,
            "research_to_sale_ratio": 0.35,
            "price_fair": 74.6,
            "eps_avg_yearly": 2.13,
            "eps_latest_yearly": 2.36,
            "eps_growth_yearly": 214.39
        },
        "20133": {
            "year_quarter": 20133,
            "year": 2013,
            "quarter": 3,
            "eps": 0.55,
            "eps_growth_year": 56.35,
            "eps_4q": 1.66,
            "eps_4q_growth_year": 52.51,
            "roe": 2.31,
            "roe_4q": 6.5200000000000005,
            "gross_profit": 492544,
            "gross_margin": 13.22,
            "gross_margin_4q_avg": 12.04,
            "net_income": 225728,
            "net_income_4q": null,
            "revenue": 3725700,
            "revenue_4q": null,
            "common_shares": 4000000,
            "book_valuer_per_share": 23.94,
            "book_valuer_per_share_4q_avg": 23.34,
            "equity": 9673468,
            "current_ratio": 208.05,
            "debt_ratio": 30.13,
            "inventory_turnover_ratio": 0.91,
            "account_receivable_turnover_ratio": 1.63,
            "reinvestment_rate": -2.23,
            "research_to_sale_ratio": 0.46,
            "price_fair": 74.6,
            "eps_avg_yearly": 2.13,
            "eps_latest_yearly": 2.2,
            "eps_growth_yearly": 214.84
        },
        "20134": {
            "year_quarter": 20134,
            "year": 2013,
            "quarter": 4,
            "eps": 0.4,
            "eps_growth_year": 546.59,
            "eps_4q": 1.99,
            "eps_4q_growth_year": 13.62,
            "roe": 1.6,
            "roe_4q": 7.87,
            "gross_profit": 264369,
            "gross_margin": 7.71,
            "gross_margin_4q_avg": 11.15,
            "net_income": 161195,
            "net_income_4q": null,
            "revenue": 3430907,
            "revenue_4q": null,
            "common_shares": 4000000,
            "book_valuer_per_share": 25.85,
            "book_valuer_per_share_4q_avg": 23.95,
            "equity": 10437471,
            "current_ratio": 224.58,
            "debt_ratio": 27.47,
            "inventory_turnover_ratio": 0.88,
            "account_receivable_turnover_ratio": 1.54,
            "reinvestment_rate": -57.08,
            "research_to_sale_ratio": 0.55,
            "price_fair": 73.3,
            "eps_avg_yearly": 2.09,
            "eps_latest_yearly": 1.6,
            "eps_growth_yearly": 208.08
        },
        "20141": {
            "year_quarter": 20141,
            "year": 2014,
            "quarter": 1,
            "eps": 0.64,
            "eps_growth_year": 82.86,
            "eps_4q": 2.26,
            "eps_4q_growth_year": 64.45,
            "roe": 2.41,
            "roe_4q": 8.83,
            "gross_profit": 284732,
            "gross_margin": 9.26,
            "gross_margin_4q_avg": 10.81,
            "net_income": 253737,
            "net_income_4q": null,
            "revenue": 3075729,
            "revenue_4q": null,
            "common_shares": 4000000,
            "book_valuer_per_share": 26.37,
            "book_valuer_per_share_4q_avg": 24.68,
            "equity": 10645367,
            "current_ratio": 254.34,
            "debt_ratio": 24.94,
            "inventory_turnover_ratio": 0.75,
            "account_receivable_turnover_ratio": 1.45,
            "reinvestment_rate": -55.73,
            "research_to_sale_ratio": 0.45,
            "price_fair": 75.7,
            "eps_avg_yearly": 2.16,
            "eps_latest_yearly": 2.56,
            "eps_growth_yearly": 232.23
        },
        "20142": {
            "year_quarter": 20142,
            "year": 2014,
            "quarter": 2,
            "eps": 0.39,
            "eps_growth_year": -33.9,
            "eps_4q": 2,
            "eps_4q_growth_year": 47.78,
            "roe": 1.49,
            "roe_4q": 7.8100000000000005,
            "gross_profit": 312233,
            "gross_margin": 8.55,
            "gross_margin_4q_avg": 9.69,
            "net_income": 153724,
            "net_income_4q": null,
            "revenue": 3651020,
            "revenue_4q": null,
            "common_shares": 4000000,
            "book_valuer_per_share": 24.88,
            "book_valuer_per_share_4q_avg": 25.26,
            "equity": 10045293,
            "current_ratio": 276.22,
            "debt_ratio": 30.77,
            "inventory_turnover_ratio": 0.91,
            "account_receivable_turnover_ratio": 1.62,
            "reinvestment_rate": -68.09,
            "research_to_sale_ratio": 0.38,
            "price_fair": 70.6,
            "eps_avg_yearly": 2.02,
            "eps_latest_yearly": 1.56,
            "eps_growth_yearly": 185.36
        },
        "20143": {
            "year_quarter": 20143,
            "year": 2014,
            "quarter": 3,
            "eps": 0.38,
            "eps_growth_year": -30.91,
            "eps_4q": 1.82,
            "eps_4q_growth_year": 9.67,
            "roe": 1.51,
            "roe_4q": 7.01,
            "gross_profit": 236047,
            "gross_margin": 7.32,
            "gross_margin_4q_avg": 8.21,
            "net_income": 150749,
            "net_income_4q": null,
            "revenue": 3224605,
            "revenue_4q": null,
            "common_shares": 4000000,
            "book_valuer_per_share": 24.62,
            "book_valuer_per_share_4q_avg": 25.43,
            "equity": 9941906,
            "current_ratio": 333.02,
            "debt_ratio": 27.6,
            "inventory_turnover_ratio": 0.86,
            "account_receivable_turnover_ratio": 1.38,
            "reinvestment_rate": -68.73,
            "research_to_sale_ratio": 0.36,
            "price_fair": 63.8,
            "eps_avg_yearly": 1.82,
            "eps_latest_yearly": 1.52,
            "eps_growth_yearly": 179.55
        },
        "20144": {
            "year_quarter": 20144,
            "year": 2014,
            "quarter": 4,
            "eps": 0.34,
            "eps_growth_year": -16.2,
            "eps_4q": 1.75,
            "eps_4q_growth_year": -12.17,
            "roe": 1.33,
            "roe_4q": 6.74,
            "gross_profit": 228265,
            "gross_margin": 7,
            "gross_margin_4q_avg": 8.03,
            "net_income": 133878,
            "net_income_4q": null,
            "revenue": 3261772,
            "revenue_4q": null,
            "common_shares": 4000000,
            "book_valuer_per_share": 25.38,
            "book_valuer_per_share_4q_avg": 25.31,
            "equity": 10222422,
            "current_ratio": 356.38,
            "debt_ratio": 26.68,
            "inventory_turnover_ratio": 0.9,
            "account_receivable_turnover_ratio": 1.45,
            "reinvestment_rate": -52.77,
            "research_to_sale_ratio": 0.35,
            "price_fair": 65.5,
            "eps_avg_yearly": 1.87,
            "eps_latest_yearly": 1.36,
            "eps_growth_yearly": 200.53
        },
        "20151": {
            "year_quarter": 20151,
            "year": 2015,
            "quarter": 1,
            "eps": 0.12,
            "eps_growth_year": -81.25,
            "eps_4q": 1.23,
            "eps_4q_growth_year": -45.39,
            "roe": 0.46,
            "roe_4q": 4.79,
            "gross_profit": 211976,
            "gross_margin": 7.73,
            "gross_margin_4q_avg": 7.65,
            "net_income": 47048,
            "net_income_4q": null,
            "revenue": 2742195,
            "revenue_4q": null,
            "common_shares": 4000000,
            "book_valuer_per_share": 24.96,
            "book_valuer_per_share_4q_avg": 24.96,
            "equity": 10052327,
            "current_ratio": 380.88,
            "debt_ratio": 26.38,
            "inventory_turnover_ratio": 0.72,
            "account_receivable_turnover_ratio": 1.32,
            "reinvestment_rate": -69.11,
            "research_to_sale_ratio": 0.37,
            "price_fair": 59.8,
            "eps_avg_yearly": 1.71,
            "eps_latest_yearly": 0.48,
            "eps_growth_yearly": 94.65
        },
        "20152": {
            "year_quarter": 20152,
            "year": 2015,
            "quarter": 2,
            "eps": 0.12,
            "eps_growth_year": -69.23,
            "eps_4q": 0.96,
            "eps_4q_growth_year": -52.23,
            "roe": 0.48,
            "roe_4q": 3.7800000000000002,
            "gross_profit": 250002,
            "gross_margin": 7.14,
            "gross_margin_4q_avg": 7.3,
            "net_income": 46370,
            "net_income_4q": null,
            "revenue": 3503339,
            "revenue_4q": null,
            "common_shares": 4000000,
            "book_valuer_per_share": 22.94,
            "book_valuer_per_share_4q_avg": 24.48,
            "equity": 9243144,
            "current_ratio": 293.48,
            "debt_ratio": 31.3,
            "inventory_turnover_ratio": 0.92,
            "account_receivable_turnover_ratio": 1.63,
            "reinvestment_rate": -79.98,
            "research_to_sale_ratio": 0.2,
            "price_fair": 55.4,
            "eps_avg_yearly": 1.58,
            "eps_latest_yearly": 0.48,
            "eps_growth_yearly": 100.03
        },
        "20153": {
            "year_quarter": 20153,
            "year": 2015,
            "quarter": 3,
            "eps": 0.81,
            "eps_growth_year": 113.16,
            "eps_4q": 1.39,
            "eps_4q_growth_year": -23.41,
            "roe": 3.42,
            "roe_4q": 5.69,
            "gross_profit": 472267,
            "gross_margin": 13.94,
            "gross_margin_4q_avg": 8.95,
            "net_income": 324509,
            "net_income_4q": null,
            "revenue": 3388599,
            "revenue_4q": null,
            "common_shares": 4000000,
            "book_valuer_per_share": 24.2,
            "book_valuer_per_share_4q_avg": 24.37,
            "equity": 9751513,
            "current_ratio": 361.48,
            "debt_ratio": 27.77,
            "inventory_turnover_ratio": 0.88,
            "account_receivable_turnover_ratio": 1.39,
            "reinvestment_rate": -81.36,
            "research_to_sale_ratio": 0.28,
            "price_fair": 56.5,
            "eps_avg_yearly": 1.61,
            "eps_latest_yearly": 3.24,
            "eps_growth_yearly": 257.17
        },
        "20154": {
            "year_quarter": 20154,
            "year": 2015,
            "quarter": 4,
            "eps": 0.64,
            "eps_growth_year": 87.67,
            "eps_4q": 1.69,
            "eps_4q_growth_year": -3.54,
            "roe": 2.57,
            "roe_4q": 6.930000000000001,
            "gross_profit": 448486,
            "gross_margin": 14.15,
            "gross_margin_4q_avg": 10.74,
            "net_income": 253997,
            "net_income_4q": null,
            "revenue": 3170516,
            "revenue_4q": null,
            "common_shares": 4000000,
            "book_valuer_per_share": 24.89,
            "book_valuer_per_share_4q_avg": 24.25,
            "equity": 10027413,
            "current_ratio": 406.95,
            "debt_ratio": 26.14,
            "inventory_turnover_ratio": 0.84,
            "account_receivable_turnover_ratio": 1.35,
            "reinvestment_rate": -36.14,
            "research_to_sale_ratio": 0.28,
            "price_fair": 58.71,
            "eps_avg_yearly": 1.68,
            "eps_latest_yearly": 2.56,
            "eps_growth_yearly": 234.43
        },
        "20161": {
            "year_quarter": 20161,
            "year": 2016,
            "quarter": 1,
            "eps": 0.58,
            "eps_growth_year": 383.33,
            "eps_4q": 2.15,
            "eps_4q_growth_year": 74.56,
            "roe": 2.3,
            "roe_4q": 8.77,
            "gross_profit": 454567,
            "gross_margin": 14.8,
            "gross_margin_4q_avg": 12.51,
            "net_income": 233517,
            "net_income_4q": null,
            "revenue": 3071091,
            "revenue_4q": null,
            "common_shares": 4000000,
            "book_valuer_per_share": 25.48,
            "book_valuer_per_share_4q_avg": 24.38,
            "equity": 10262467,
            "current_ratio": 421.05,
            "debt_ratio": 25.05,
            "inventory_turnover_ratio": 0.8,
            "account_receivable_turnover_ratio": 1.47,
            "reinvestment_rate": -31.7,
            "research_to_sale_ratio": 0.27,
            "price_fair": 60.11,
            "eps_avg_yearly": 1.72,
            "eps_latest_yearly": 2.32,
            "eps_growth_yearly": 217.44
        },
        "20162": {
            "year_quarter": 20162,
            "year": 2016,
            "quarter": 2,
            "eps": 0.52,
            "eps_growth_year": 333.33,
            "eps_4q": 2.56,
            "eps_4q_growth_year": 167.16,
            "roe": 2.08,
            "roe_4q": 10.37,
            "gross_profit": 459242,
            "gross_margin": 12.93,
            "gross_margin_4q_avg": 13.96,
            "net_income": 208814,
            "net_income_4q": null,
            "revenue": 3551532,
            "revenue_4q": null,
            "common_shares": 4000000,
            "book_valuer_per_share": 24.41,
            "book_valuer_per_share_4q_avg": 24.75,
            "equity": 9831773,
            "current_ratio": 322.48,
            "debt_ratio": 28.08,
            "inventory_turnover_ratio": 0.98,
            "account_receivable_turnover_ratio": 1.67,
            "reinvestment_rate": -29.17,
            "research_to_sale_ratio": 0.27,
            "price_fair": 59.85,
            "eps_avg_yearly": 1.71,
            "eps_latest_yearly": 2.08,
            "eps_growth_yearly": 219.02
        },
        "20163": {
            "year_quarter": 20163,
            "year": 2016,
            "quarter": 3,
            "eps": 0.41,
            "eps_growth_year": -49.38,
            "eps_4q": 2.16,
            "eps_4q_growth_year": 55.28,
            "roe": 1.69,
            "roe_4q": 8.64,
            "gross_profit": 383877,
            "gross_margin": 11.9,
            "gross_margin_4q_avg": 13.45,
            "net_income": 165134,
            "net_income_4q": null,
            "revenue": 3225573,
            "revenue_4q": null,
            "common_shares": 4000000,
            "book_valuer_per_share": 24.24,
            "book_valuer_per_share_4q_avg": 24.76,
            "equity": 9762921,
            "current_ratio": 416.51,
            "debt_ratio": 24.57,
            "inventory_turnover_ratio": 0.96,
            "account_receivable_turnover_ratio": 1.47,
            "reinvestment_rate": -27.89,
            "research_to_sale_ratio": 0.34,
            "price_fair": 60.38,
            "eps_avg_yearly": 1.73,
            "eps_latest_yearly": 1.64,
            "eps_growth_yearly": 222.82
        },
        "20164": {
            "year_quarter": 20164,
            "year": 2016,
            "quarter": 4,
            "eps": 0.31,
            "eps_growth_year": -51.44,
            "eps_4q": 1.83,
            "eps_4q_growth_year": 8.52,
            "roe": 1.25,
            "roe_4q": 7.319999999999999,
            "gross_profit": 302250,
            "gross_margin": 9.56,
            "gross_margin_4q_avg": 12.3,
            "net_income": 123068,
            "net_income_4q": null,
            "revenue": 3161653,
            "revenue_4q": null,
            "common_shares": 4000000,
            "book_valuer_per_share": 24.64,
            "book_valuer_per_share_4q_avg": 24.69,
            "equity": 9923144,
            "current_ratio": 382.47,
            "debt_ratio": 24.54,
            "inventory_turnover_ratio": 1,
            "account_receivable_turnover_ratio": 1.49,
            "reinvestment_rate": -24.53,
            "research_to_sale_ratio": 0.34,
            "price_fair": 62.56,
            "eps_avg_yearly": 1.79,
            "eps_latest_yearly": 1.24,
            "eps_growth_yearly": 237.44
        },
        "20171": {
            "year_quarter": 20171,
            "year": 2017,
            "quarter": 1,
            "eps": 0.32,
            "eps_growth_year": -44.83,
            "eps_4q": 1.56,
            "eps_4q_growth_year": -27.3,
            "roe": 1.28,
            "roe_4q": 6.300000000000001,
            "gross_profit": 178690,
            "gross_margin": 7,
            "gross_margin_4q_avg": 10.35,
            "net_income": 126479,
            "net_income_4q": null,
            "revenue": 2552504,
            "revenue_4q": null,
            "common_shares": 4000000,
            "book_valuer_per_share": 24.5,
            "book_valuer_per_share_4q_avg": 24.45,
            "equity": 9801078,
            "current_ratio": 333.01,
            "debt_ratio": 27.39,
            "inventory_turnover_ratio": 0.78,
            "account_receivable_turnover_ratio": 1.28,
            "reinvestment_rate": -52.95,
            "research_to_sale_ratio": 0.26,
            "price_fair": 62.3,
            "eps_avg_yearly": 1.78,
            "eps_latest_yearly": 1.28,
            "eps_growth_yearly": 117.41
        },
        "20172": {
            "year_quarter": 20172,
            "year": 2017,
            "quarter": 2,
            "eps": -0.12,
            "eps_growth_year": -123.08,
            "eps_4q": 0.92,
            "eps_4q_growth_year": -64.02,
            "roe": -0.5,
            "roe_4q": 3.72,
            "gross_profit": 106581,
            "gross_margin": 4.51,
            "gross_margin_4q_avg": 8.24,
            "net_income": -47779,
            "net_income_4q": null,
            "revenue": 2361988,
            "revenue_4q": null,
            "common_shares": 4000000,
            "book_valuer_per_share": 23.02,
            "book_valuer_per_share_4q_avg": 24.1,
            "equity": 9206748,
            "current_ratio": 371.37,
            "debt_ratio": 25.93,
            "inventory_turnover_ratio": 0.85,
            "account_receivable_turnover_ratio": 1.38,
            "reinvestment_rate": -82.18,
            "research_to_sale_ratio": 0.31,
            "price_fair": 60.95,
            "eps_avg_yearly": 1.74,
            "eps_latest_yearly": 1.28,
            "eps_growth_yearly": 106.95
        },
        "20173": {
            "year_quarter": 20173,
            "year": 2017,
            "quarter": 3,
            "eps": 0.39,
            "eps_growth_year": -4.88,
            "eps_4q": 1.42,
            "eps_4q_growth_year": -34.02,
            "roe": 0.97,
            "roe_4q": 3,
            "gross_profit": 153218,
            "gross_margin": 7.05,
            "gross_margin_4q_avg": 7.03,
            "net_income": 79748,
            "net_income_4q": null,
            "revenue": 2172785,
            "revenue_4q": null,
            "common_shares": 1980000,
            "book_valuer_per_share": 36.35,
            "book_valuer_per_share_4q_avg": 27.13,
            "equity": 7198317,
            "current_ratio": 199.48,
            "debt_ratio": 42.76,
            "inventory_turnover_ratio": 1.03,
            "account_receivable_turnover_ratio": 1.33,
            "reinvestment_rate": -106.02,
            "research_to_sale_ratio": 0.23,
            "price_fair": 59.8,
            "eps_avg_yearly": 1.71,
            "eps_latest_yearly": 1.28,
            "eps_growth_yearly": 116.53
        },
        "20174": {
            "year_quarter": 20174,
            "year": 2017,
            "quarter": 4,
            "eps": 0.62,
            "eps_growth_year": 100.99,
            "eps_4q": 1.42,
            "eps_4q_growth_year": -22.4,
            "roe": 1.7,
            "roe_4q": 3.45,
            "gross_profit": 198260,
            "gross_margin": 10.17,
            "gross_margin_4q_avg": 7.18,
            "net_income": 123040,
            "net_income_4q": null,
            "revenue": 1949727,
            "revenue_4q": null,
            "common_shares": 1980000,
            "book_valuer_per_share": 36.63,
            "book_valuer_per_share_4q_avg": 30.13,
            "equity": 7253351,
            "current_ratio": 252.57,
            "debt_ratio": 32.53,
            "inventory_turnover_ratio": 0.88,
            "account_receivable_turnover_ratio": 1.27,
            "reinvestment_rate": -124.88,
            "research_to_sale_ratio": 0.39,
            "price_fair": 62,
            "eps_avg_yearly": 1.77,
            "eps_latest_yearly": 2.48,
            "eps_growth_yearly": 141.17
        },
        "20181": {
            "year_quarter": 20181,
            "year": 2018,
            "quarter": 1,
            "eps": -0.4,
            "eps_growth_year": -225,
            "eps_4q": 0.38,
            "eps_4q_growth_year": -75.63,
            "roe": -1.08,
            "roe_4q": 1.0899999999999999,
            "gross_profit": 90924,
            "gross_margin": 5.2,
            "gross_margin_4q_avg": 6.73,
            "net_income": -79613,
            "net_income_4q": null,
            "revenue": 1749914,
            "revenue_4q": null,
            "common_shares": 1980000,
            "book_valuer_per_share": 37.51,
            "book_valuer_per_share_4q_avg": 33.38,
            "equity": 7426749,
            "current_ratio": 253.96,
            "debt_ratio": 31.58,
            "inventory_turnover_ratio": 0.75,
            "account_receivable_turnover_ratio": 1.33,
            "reinvestment_rate": -175.46,
            "research_to_sale_ratio": 0.3,
            "price_fair": 59.88,
            "eps_avg_yearly": 1.71,
            "eps_latest_yearly": 2.48,
            "eps_growth_yearly": 133.57
        },
        "20182": {
            "year_quarter": 20182,
            "year": 2018,
            "quarter": 2,
            "eps": 1.02,
            "eps_growth_year": null,
            "eps_4q": 1.64,
            "eps_4q_growth_year": 78.25,
            "roe": 2.73,
            "roe_4q": 4.319999999999999,
            "gross_profit": 259101,
            "gross_margin": 11.35,
            "gross_margin_4q_avg": 8.44,
            "net_income": 201624,
            "net_income_4q": null,
            "revenue": 2283597,
            "revenue_4q": null,
            "common_shares": 1980000,
            "book_valuer_per_share": 37.06,
            "book_valuer_per_share_4q_avg": 36.89,
            "equity": 7338606,
            "current_ratio": 231.24,
            "debt_ratio": 33.76,
            "inventory_turnover_ratio": 0.87,
            "account_receivable_turnover_ratio": 1.51,
            "reinvestment_rate": -151.76,
            "research_to_sale_ratio": 0.24,
            "price_fair": 60.32,
            "eps_avg_yearly": 1.72,
            "eps_latest_yearly": 2.48,
            "eps_growth_yearly": 157.72
        },
        "20183": {
            "year_quarter": 20183,
            "year": 2018,
            "quarter": 3,
            "eps": 0.78,
            "eps_growth_year": 100,
            "eps_4q": 2.02,
            "eps_4q_growth_year": 41.8,
            "roe": 2.09,
            "roe_4q": 5.44,
            "gross_profit": 312619,
            "gross_margin": 13.01,
            "gross_margin_4q_avg": 9.93,
            "net_income": 154947,
            "net_income_4q": null,
            "revenue": 2402594,
            "revenue_4q": null,
            "common_shares": 1980000,
            "book_valuer_per_share": 37.91,
            "book_valuer_per_share_4q_avg": 37.28,
            "equity": 7506111,
            "current_ratio": 280.86,
            "debt_ratio": 28.44,
            "inventory_turnover_ratio": 0.87,
            "account_receivable_turnover_ratio": 1.36,
            "reinvestment_rate": -151.03,
            "research_to_sale_ratio": 0.18,
            "price_fair": 64.98,
            "eps_avg_yearly": 1.86,
            "eps_latest_yearly": 3.12,
            "eps_growth_yearly": 150.73
        },
        "20184": {
            "year_quarter": 20184,
            "year": 2018,
            "quarter": 4,
            "eps": 0.63,
            "eps_growth_year": 1.13,
            "eps_4q": 2.03,
            "eps_4q_growth_year": 42.61,
            "roe": 1.64,
            "roe_4q": 5.379999999999999,
            "gross_profit": 198623,
            "gross_margin": 8.4,
            "gross_margin_4q_avg": 9.49,
            "net_income": 124404,
            "net_income_4q": null,
            "revenue": 2363419,
            "revenue_4q": null,
            "common_shares": 1980000,
            "book_valuer_per_share": 38.69,
            "book_valuer_per_share_4q_avg": 37.79,
            "equity": 7660860,
            "current_ratio": 346.91,
            "debt_ratio": 23.88,
            "inventory_turnover_ratio": 0.88,
            "account_receivable_turnover_ratio": 1.41,
            "reinvestment_rate": -152.82,
            "research_to_sale_ratio": 0.27,
            "price_fair": 68.37,
            "eps_avg_yearly": 1.95,
            "eps_latest_yearly": 2.52,
            "eps_growth_yearly": 147.83
        },
        "20191": {
            "year_quarter": 20191,
            "year": 2019,
            "quarter": 1,
            "eps": 0.05,
            "eps_growth_year": null,
            "eps_4q": 2.48,
            "eps_4q_growth_year": 552.27,
            "roe": 0.14,
            "roe_4q": 6.6,
            "gross_profit": 132872,
            "gross_margin": 6.34,
            "gross_margin_4q_avg": 9.78,
            "net_income": 10822,
            "net_income_4q": null,
            "revenue": 2096573,
            "revenue_4q": null,
            "common_shares": 1980000,
            "book_valuer_per_share": 38.75,
            "book_valuer_per_share_4q_avg": 38.1,
            "equity": 7672269,
            "current_ratio": 404.73,
            "debt_ratio": 21.08,
            "inventory_turnover_ratio": 0.78,
            "account_receivable_turnover_ratio": 1.34,
            "reinvestment_rate": -139.52,
            "research_to_sale_ratio": 0.2,
            "price_fair": 67.55,
            "eps_avg_yearly": 1.93,
            "eps_latest_yearly": 0.2,
            "eps_growth_yearly": 138.71
        },
        "20192": {
            "year_quarter": 20192,
            "year": 2019,
            "quarter": 2,
            "eps": -0.08,
            "eps_growth_year": -107.84,
            "eps_4q": 1.39,
            "eps_4q_growth_year": -15.45,
            "roe": -0.21,
            "roe_4q": 3.6599999999999997,
            "gross_profit": 93106,
            "gross_margin": 4.2,
            "gross_margin_4q_avg": 7.99,
            "net_income": -15656,
            "net_income_4q": null,
            "revenue": 2215984,
            "revenue_4q": null,
            "common_shares": 1980000,
            "book_valuer_per_share": 36.84,
            "book_valuer_per_share_4q_avg": 38.05,
            "equity": 7294810,
            "current_ratio": 364.13,
            "debt_ratio": 23.31,
            "inventory_turnover_ratio": 0.84,
            "account_receivable_turnover_ratio": 1.37,
            "reinvestment_rate": -157.76,
            "research_to_sale_ratio": 0.32,
            "price_fair": 72.16,
            "eps_avg_yearly": 2.06,
            "eps_latest_yearly": 0.2,
            "eps_growth_yearly": 151.32
        },
        "20193": {
            "year_quarter": 20193,
            "year": 2019,
            "quarter": 3,
            "eps": -0.06,
            "eps_growth_year": -107.69,
            "eps_4q": 0.54,
            "eps_4q_growth_year": -73.17,
            "roe": -0.17,
            "roe_4q": 1.4,
            "gross_profit": 143668,
            "gross_margin": 6.54,
            "gross_margin_4q_avg": 6.37,
            "net_income": -12357,
            "net_income_4q": null,
            "revenue": 2196387,
            "revenue_4q": null,
            "common_shares": 1980000,
            "book_valuer_per_share": 36.58,
            "book_valuer_per_share_4q_avg": 37.72,
            "equity": 7243650,
            "current_ratio": 357.75,
            "debt_ratio": 23.8,
            "inventory_turnover_ratio": 0.82,
            "account_receivable_turnover_ratio": 1.26,
            "reinvestment_rate": -199.24,
            "research_to_sale_ratio": 0.29,
            "price_fair": 5.83,
            "eps_avg_yearly": 1.94,
            "eps_latest_yearly": 0.2,
            "eps_growth_yearly": -63.55
        },
        "20194": {
            "year_quarter": 20194,
            "year": 2019,
            "quarter": 4,
            "eps": -0.27,
            "eps_growth_year": -142.27,
            "eps_4q": -0.35,
            "eps_4q_growth_year": -117.36,
            "roe": -0.73,
            "roe_4q": -0.9700000000000001,
            "gross_profit": 68377,
            "gross_margin": 3.32,
            "gross_margin_4q_avg": 5.1,
            "net_income": -52596,
            "net_income_4q": null,
            "revenue": 2058568,
            "revenue_4q": null,
            "common_shares": 1980000,
            "book_valuer_per_share": 36.37,
            "book_valuer_per_share_4q_avg": 37.14,
            "equity": 7200487,
            "current_ratio": 362.9,
            "debt_ratio": 22.96,
            "inventory_turnover_ratio": 0.8,
            "account_receivable_turnover_ratio": 1.25,
            "reinvestment_rate": -237.7,
            "research_to_sale_ratio": 0.37,
            "price_fair": 5.63,
            "eps_avg_yearly": 1.88,
            "eps_latest_yearly": 0.2,
            "eps_growth_yearly": -61.28
        },
        "20201": {
            "year_quarter": 20201,
            "year": 2020,
            "quarter": 1,
            "eps": -1.17,
            "eps_growth_year": -2440,
            "eps_4q": -1.58,
            "eps_4q_growth_year": -163.66,
            "roe": -3.37,
            "roe_4q": -4.4799999999999995,
            "gross_profit": 33452,
            "gross_margin": 1.79,
            "gross_margin_4q_avg": 3.96,
            "net_income": -232558,
            "net_income_4q": null,
            "revenue": 1873660,
            "revenue_4q": null,
            "common_shares": 1980000,
            "book_valuer_per_share": 33.42,
            "book_valuer_per_share_4q_avg": 35.8,
            "equity": 6616917,
            "current_ratio": 362.47,
            "debt_ratio": 23.55,
            "inventory_turnover_ratio": 0.71,
            "account_receivable_turnover_ratio": 1.23,
            "reinvestment_rate": -382.64,
            "research_to_sale_ratio": 0.29,
            "price_fair": 5.46,
            "eps_avg_yearly": 1.82,
            "eps_latest_yearly": 0.2,
            "eps_growth_yearly": -64.26
        },
        "20202": {
            "year_quarter": 20202,
            "year": 2020,
            "quarter": 2,
            "eps": -0.78,
            "eps_growth_year": null,
            "eps_4q": -2.28,
            "eps_4q_growth_year": -264.05,
            "roe": -2.22,
            "roe_4q": -6.49,
            "gross_profit": -152830,
            "gross_margin": -14.06,
            "gross_margin_4q_avg": -0.6,
            "net_income": -153002,
            "net_income_4q": null,
            "revenue": 1086899,
            "revenue_4q": null,
            "common_shares": 1980000,
            "book_valuer_per_share": 36.08,
            "book_valuer_per_share_4q_avg": 35.61,
            "equity": 7143617,
            "current_ratio": 353.76,
            "debt_ratio": 21.93,
            "inventory_turnover_ratio": 0.46,
            "account_receivable_turnover_ratio": 0.78,
            "reinvestment_rate": -665.78,
            "research_to_sale_ratio": 0.61,
            "price_fair": 5.35,
            "eps_avg_yearly": 1.78,
            "eps_latest_yearly": 0.2,
            "eps_growth_yearly": -67.52
        },
        "20203": {
            "year_quarter": 20203,
            "year": 2020,
            "quarter": 3,
            "eps": -0.2,
            "eps_growth_year": null,
            "eps_4q": -2.42,
            "eps_4q_growth_year": -546.54,
            "roe": -0.57,
            "roe_4q": -6.890000000000001,
            "gross_profit": 168116,
            "gross_margin": 8.13,
            "gross_margin_4q_avg": -0.21,
            "net_income": -41035,
            "net_income_4q": null,
            "revenue": 2068733,
            "revenue_4q": null,
            "common_shares": 1980000,
            "book_valuer_per_share": 36.2,
            "book_valuer_per_share_4q_avg": 35.52,
            "equity": 7167013,
            "current_ratio": 440.24,
            "debt_ratio": 20.55,
            "inventory_turnover_ratio": 0.77,
            "account_receivable_turnover_ratio": 1.28,
            "reinvestment_rate": -1075.37,
            "research_to_sale_ratio": 0.35,
            "price_fair": 5.42,
            "eps_avg_yearly": 1.81,
            "eps_latest_yearly": 0.2,
            "eps_growth_yearly": -64.68
        },
        "20204": {
            "year_quarter": 20204,
            "year": 2020,
            "quarter": 4,
            "eps": 0.02,
            "eps_growth_year": null,
            "eps_4q": -2.14,
            "eps_4q_growth_year": null,
            "roe": 0.05,
            "roe_4q": -6.11,
            "gross_profit": 155952,
            "gross_margin": 7.84,
            "gross_margin_4q_avg": 0.93,
            "net_income": 3529,
            "net_income_4q": null,
            "revenue": 1990081,
            "revenue_4q": null,
            "common_shares": 1980000,
            "book_valuer_per_share": 36.71,
            "book_valuer_per_share_4q_avg": 35.6,
            "equity": 7269509,
            "current_ratio": 451.06,
            "debt_ratio": 19.63,
            "inventory_turnover_ratio": 0.84,
            "account_receivable_turnover_ratio": 1.05,
            "reinvestment_rate": -1710.8,
            "research_to_sale_ratio": 0.33,
            "price_fair": 5.76,
            "eps_avg_yearly": 1.92,
            "eps_latest_yearly": 0.2,
            "eps_growth_yearly": -58.1
        },
        "20211": {
            "year_quarter": 20211,
            "year": 2021,
            "quarter": 1,
            "eps": 0.33,
            "eps_growth_year": null,
            "eps_4q": -0.63,
            "eps_4q_growth_year": null,
            "roe": 0.88,
            "roe_4q": -1.86,
            "gross_profit": 133818,
            "gross_margin": 7.7,
            "gross_margin_4q_avg": 2.4,
            "net_income": 66154,
            "net_income_4q": null,
            "revenue": 1737738,
            "revenue_4q": null,
            "common_shares": 1980000,
            "book_valuer_per_share": 38.89,
            "book_valuer_per_share_4q_avg": 36.97,
            "equity": 7699645,
            "current_ratio": 534.04,
            "debt_ratio": 18.24,
            "inventory_turnover_ratio": 0.77,
            "account_receivable_turnover_ratio": 1.02,
            "reinvestment_rate": -2363.41,
            "research_to_sale_ratio": 0.28,
            "price_fair": 67.48,
            "eps_avg_yearly": 1.93,
            "eps_latest_yearly": 1.32,
            "eps_growth_yearly": 1179.32
        },
        "20212": {
            "year_quarter": 20212,
            "year": 2021,
            "quarter": 2,
            "eps": 0.05,
            "eps_growth_year": null,
            "eps_4q": 0.2,
            "eps_4q_growth_year": null,
            "roe": 0.13,
            "roe_4q": 0.4900000000000001,
            "gross_profit": 121016,
            "gross_margin": 6.52,
            "gross_margin_4q_avg": 7.55,
            "net_income": 10148,
            "net_income_4q": null,
            "revenue": 1854676,
            "revenue_4q": null,
            "common_shares": 1980000,
            "book_valuer_per_share": 38.76,
            "book_valuer_per_share_4q_avg": 37.64,
            "equity": 7674576,
            "current_ratio": 473.6,
            "debt_ratio": 19.54,
            "inventory_turnover_ratio": 0.78,
            "account_receivable_turnover_ratio": 1.19,
            "reinvestment_rate": -1207.94,
            "research_to_sale_ratio": 0.26,
            "price_fair": 57.4,
            "eps_avg_yearly": 1.64,
            "eps_latest_yearly": 0.2,
            "eps_growth_yearly": 926.2
        },
        "20213": {
            "year_quarter": 20213,
            "year": 2021,
            "quarter": 3,
            "eps": 0.46,
            "eps_growth_year": null,
            "eps_4q": 0.86,
            "eps_4q_growth_year": null,
            "roe": 1.2,
            "roe_4q": 2.26,
            "gross_profit": 225762,
            "gross_margin": 9.7,
            "gross_margin_4q_avg": 7.94,
            "net_income": 90367,
            "net_income_4q": null,
            "revenue": 2326897,
            "revenue_4q": null,
            "common_shares": 1980000,
            "book_valuer_per_share": 37.4,
            "book_valuer_per_share_4q_avg": 37.94,
            "equity": 7405979,
            "current_ratio": 502.13,
            "debt_ratio": 19.82,
            "inventory_turnover_ratio": 0.95,
            "account_receivable_turnover_ratio": 1.33,
            "reinvestment_rate": -886.25,
            "research_to_sale_ratio": 0.23,
            "price_fair": 58.4,
            "eps_avg_yearly": 1.67,
            "eps_latest_yearly": 1.84,
            "eps_growth_yearly": 1262.46
        },
        "20214": {
            "year_quarter": 20214,
            "year": 2021,
            "quarter": 4,
            "eps": 0.38,
            "eps_growth_year": 2054.23,
            "eps_4q": 1.23,
            "eps_4q_growth_year": null,
            "roe": 1.03,
            "roe_4q": 3.2399999999999998,
            "gross_profit": 192623,
            "gross_margin": 9.2,
            "gross_margin_4q_avg": 8.28,
            "net_income": 76022,
            "net_income_4q": null,
            "revenue": 2093150,
            "revenue_4q": null,
            "common_shares": 1980000,
            "book_valuer_per_share": 37.5,
            "book_valuer_per_share_4q_avg": 38.14,
            "equity": 7425593,
            "current_ratio": 596.23,
            "debt_ratio": 17.95,
            "inventory_turnover_ratio": 0.9,
            "account_receivable_turnover_ratio": 1.15,
            "reinvestment_rate": -1243.74,
            "research_to_sale_ratio": 0.18,
            "price_fair": 53.6,
            "eps_avg_yearly": 1.53,
            "eps_latest_yearly": 1.52,
            "eps_growth_yearly": 1218.82
        },
        "20221": {
            "year_quarter": 20221,
            "year": 2022,
            "quarter": 1,
            "eps": 0.94,
            "eps_growth_year": 184.85,
            "eps_4q": 1.83,
            "eps_4q_growth_year": null,
            "roe": 2.48,
            "roe_4q": 4.84,
            "gross_profit": 197374,
            "gross_margin": 10.01,
            "gross_margin_4q_avg": 8.86,
            "net_income": 185694,
            "net_income_4q": null,
            "revenue": 1972609,
            "revenue_4q": null,
            "common_shares": 1980000,
            "book_valuer_per_share": 38.1,
            "book_valuer_per_share_4q_avg": 37.94,
            "equity": 7543214,
            "current_ratio": 554.31,
            "debt_ratio": 19.11,
            "inventory_turnover_ratio": 0.75,
            "account_receivable_turnover_ratio": 1.13,
            "reinvestment_rate": -263.42,
            "research_to_sale_ratio": 0.19,
            "price_fair": 63.35,
            "eps_avg_yearly": 1.81,
            "eps_latest_yearly": 3.76,
            "eps_growth_yearly": 1140.15
        },
        "20222": {
            "year_quarter": 20222,
            "year": 2022,
            "quarter": 2,
            "eps": 0.85,
            "eps_growth_year": 1600,
            "eps_4q": 2.52,
            "eps_4q_growth_year": 1184.93,
            "roe": 2.25,
            "roe_4q": 6.960000000000001,
            "gross_profit": 287545,
            "gross_margin": 11.64,
            "gross_margin_4q_avg": 10.14,
            "net_income": 168977,
            "net_income_4q": null,
            "revenue": 2470173,
            "revenue_4q": null,
            "common_shares": 2069600,
            "book_valuer_per_share": 36.24,
            "book_valuer_per_share_4q_avg": 37.31,
            "equity": 7501095,
            "current_ratio": 344.45,
            "debt_ratio": 27.02,
            "inventory_turnover_ratio": 0.82,
            "account_receivable_turnover_ratio": 1.3,
            "reinvestment_rate": -343.28,
            "research_to_sale_ratio": 0.17,
            "price_fair": 69.53,
            "eps_avg_yearly": 1.99,
            "eps_latest_yearly": 3.4,
            "eps_growth_yearly": 1009.21
        },
        "20223": {
            "year_quarter": 20223,
            "year": 2022,
            "quarter": 3,
            "eps": 0.57,
            "eps_growth_year": 23.91,
            "eps_4q": 2.63,
            "eps_4q_growth_year": 205.45,
            "roe": 1.48,
            "roe_4q": 7.24,
            "gross_profit": 212360,
            "gross_margin": 8.81,
            "gross_margin_4q_avg": 9.92,
            "net_income": 111992,
            "net_income_4q": null,
            "revenue": 2410923,
            "revenue_4q": null,
            "common_shares": 2069600,
            "book_valuer_per_share": 36.92,
            "book_valuer_per_share_4q_avg": 37.19,
            "equity": 7641479,
            "current_ratio": 457.06,
            "debt_ratio": 19.9,
            "inventory_turnover_ratio": 0.81,
            "account_receivable_turnover_ratio": 1.14,
            "reinvestment_rate": -370.64,
            "research_to_sale_ratio": 0.18,
            "price_fair": 66.27,
            "eps_avg_yearly": 1.89,
            "eps_latest_yearly": 2.28,
            "eps_growth_yearly": 1005.03
        },
        "20224": {
            "year_quarter": 20224,
            "year": 2022,
            "quarter": 4,
            "eps": -0.19,
            "eps_growth_year": -150.67,
            "eps_4q": 2.06,
            "eps_4q_growth_year": 68.33,
            "roe": -0.53,
            "roe_4q": 5.68,
            "gross_profit": 109770,
            "gross_margin": 5.96,
            "gross_margin_4q_avg": 9.11,
            "net_income": -40207,
            "net_income_4q": null,
            "revenue": 1841464,
            "revenue_4q": null,
            "common_shares": 2066900,
            "book_valuer_per_share": 36.78,
            "book_valuer_per_share_4q_avg": 37.01,
            "equity": 7603071,
            "current_ratio": 561.87,
            "debt_ratio": 17.05,
            "inventory_turnover_ratio": 0.66,
            "account_receivable_turnover_ratio": 0.96,
            "reinvestment_rate": -732.05,
            "research_to_sale_ratio": 0.23,
            "price_fair": 63.53,
            "eps_avg_yearly": 1.82,
            "eps_latest_yearly": 2.28,
            "eps_growth_yearly": 1140.27
        },
        "20231": {
            "year_quarter": 20231,
            "year": 2023,
            "quarter": 1,
            "eps": -1.08,
            "eps_growth_year": -214.89,
            "eps_4q": 0.13,
            "eps_4q_growth_year": -92.72,
            "roe": -2.83,
            "roe_4q": 0.36999999999999966,
            "gross_profit": -134544,
            "gross_margin": -8.94,
            "gross_margin_4q_avg": 4.37,
            "net_income": -213250,
            "net_income_4q": null,
            "revenue": 1504493,
            "revenue_4q": null,
            "common_shares": 2064500,
            "book_valuer_per_share": 36.13,
            "book_valuer_per_share_4q_avg": 36.52,
            "equity": 7459193,
            "current_ratio": 543.08,
            "debt_ratio": 16.27,
            "inventory_turnover_ratio": 0.65,
            "account_receivable_turnover_ratio": 1.05,
            "reinvestment_rate": null,
            "research_to_sale_ratio": 0.25,
            "price_fair": 71.6,
            "eps_avg_yearly": 2.05,
            "eps_latest_yearly": 2.28,
            "eps_growth_yearly": 1355.78
        },
        "20232": {
            "year_quarter": 20232,
            "year": 2023,
            "quarter": 2,
            "eps": -0.13,
            "eps_growth_year": -115.29,
            "eps_4q": -0.81,
            "eps_4q_growth_year": -132.07,
            "roe": -0.34,
            "roe_4q": -2.22,
            "gross_profit": 50832,
            "gross_margin": 2.9,
            "gross_margin_4q_avg": 2.18,
            "net_income": -25204,
            "net_income_4q": null,
            "revenue": 1750256,
            "revenue_4q": null,
            "common_shares": 2064500,
            "book_valuer_per_share": 34.74,
            "book_valuer_per_share_4q_avg": 36.14,
            "equity": 7172877,
            "current_ratio": 451.77,
            "debt_ratio": 18.76,
            "inventory_turnover_ratio": 0.74,
            "account_receivable_turnover_ratio": 1.33,
            "reinvestment_rate": null,
            "research_to_sale_ratio": 0.2,
            "price_fair": 71.6,
            "eps_avg_yearly": 2.05,
            "eps_latest_yearly": 2.28,
            "eps_growth_yearly": 1355.78
        }
    },
    "months": {
        "2001-06": {
            "month": "2001-06",
            "price": "31.64",
            "revenue": 562435
        },
        "2001-07": {
            "month": "2001-07",
            "price": "27.27",
            "revenue": 546384
        },
        "2001-08": {
            "month": "2001-08",
            "price": "25.61",
            "revenue": 512320
        },
        "2001-09": {
            "month": "2001-09",
            "price": "21.29",
            "revenue": 501432
        },
        "2001-10": {
            "month": "2001-10",
            "price": "18.18",
            "revenue": 478639
        },
        "2001-11": {
            "month": "2001-11",
            "price": "20.52",
            "revenue": 452411
        },
        "2001-12": {
            "month": "2001-12",
            "price": "22.63",
            "revenue": 444908
        },
        "2002-01": {
            "month": "2002-01",
            "price": "22.93",
            "revenue": 507613
        },
        "2002-02": {
            "month": "2002-02",
            "price": "23.28",
            "revenue": 491053
        },
        "2002-03": {
            "month": "2002-03",
            "price": "24.17",
            "revenue": 506294
        },
        "2002-04": {
            "month": "2002-04",
            "price": "27.64",
            "revenue": 511739
        },
        "2002-05": {
            "month": "2002-05",
            "price": "28.78",
            "revenue": 525064
        },
        "2002-06": {
            "month": "2002-06",
            "price": "28.43",
            "revenue": 483161
        },
        "2002-07": {
            "month": "2002-07",
            "price": "28.87",
            "revenue": 442277
        },
        "2002-08": {
            "month": "2002-08",
            "price": "32.35",
            "revenue": 586062
        },
        "2002-09": {
            "month": "2002-09",
            "price": "31.48",
            "revenue": 443130
        },
        "2002-10": {
            "month": "2002-10",
            "price": "29.57",
            "revenue": 475707
        },
        "2002-11": {
            "month": "2002-11",
            "price": "30.88",
            "revenue": 452807
        },
        "2002-12": {
            "month": "2002-12",
            "price": "31.29",
            "revenue": 441116
        },
        "2003-01": {
            "month": "2003-01",
            "price": "33.28",
            "revenue": 456741
        },
        "2003-02": {
            "month": "2003-02",
            "price": "32.28",
            "revenue": 386966
        },
        "2003-03": {
            "month": "2003-03",
            "price": "31.33",
            "revenue": 409038
        },
        "2003-04": {
            "month": "2003-04",
            "price": "32.58",
            "revenue": 459948
        },
        "2003-05": {
            "month": "2003-05",
            "price": "34.15",
            "revenue": 497280
        },
        "2003-06": {
            "month": "2003-06",
            "price": "34.88",
            "revenue": 512877
        },
        "2003-07": {
            "month": "2003-07",
            "price": "35.25",
            "revenue": 480378
        },
        "2003-08": {
            "month": "2003-08",
            "price": "36.43",
            "revenue": 461228
        },
        "2003-09": {
            "month": "2003-09",
            "price": "35.44",
            "revenue": 408434
        },
        "2003-10": {
            "month": "2003-10",
            "price": "34.37",
            "revenue": 406569
        },
        "2003-11": {
            "month": "2003-11",
            "price": "34.29",
            "revenue": 429923
        },
        "2003-12": {
            "month": "2003-12",
            "price": "33.23",
            "revenue": 395887
        },
        "2004-01": {
            "month": "2004-01",
            "price": "33.82",
            "revenue": 439697
        },
        "2004-02": {
            "month": "2004-02",
            "price": "33.90",
            "revenue": 466261
        },
        "2004-03": {
            "month": "2004-03",
            "price": "33.99",
            "revenue": 453354
        },
        "2004-04": {
            "month": "2004-04",
            "price": "33.81",
            "revenue": 454394
        },
        "2004-05": {
            "month": "2004-05",
            "price": "30.82",
            "revenue": 456865
        },
        "2004-06": {
            "month": "2004-06",
            "price": "29.24",
            "revenue": 547201
        },
        "2004-07": {
            "month": "2004-07",
            "price": "27.01",
            "revenue": 536805
        },
        "2004-08": {
            "month": "2004-08",
            "price": "27.41",
            "revenue": 484133
        },
        "2004-09": {
            "month": "2004-09",
            "price": "29.36",
            "revenue": 473785
        },
        "2004-10": {
            "month": "2004-10",
            "price": "29.30",
            "revenue": 399629
        },
        "2004-11": {
            "month": "2004-11",
            "price": "30.84",
            "revenue": 401669
        },
        "2004-12": {
            "month": "2004-12",
            "price": "31.85",
            "revenue": 415358
        },
        "2005-01": {
            "month": "2005-01",
            "price": "30.62",
            "revenue": 851201
        },
        "2005-02": {
            "month": "2005-02",
            "price": "30.51",
            "revenue": 780270
        },
        "2005-03": {
            "month": "2005-03",
            "price": "29.51",
            "revenue": 823161
        },
        "2005-04": {
            "month": "2005-04",
            "price": "28.48",
            "revenue": 816169
        },
        "2005-05": {
            "month": "2005-05",
            "price": "26.95",
            "revenue": 905877
        },
        "2005-06": {
            "month": "2005-06",
            "price": "27.77",
            "revenue": 931164
        },
        "2005-07": {
            "month": "2005-07",
            "price": "26.28",
            "revenue": 918309
        },
        "2005-08": {
            "month": "2005-08",
            "price": "25.88",
            "revenue": 1119974
        },
        "2005-09": {
            "month": "2005-09",
            "price": "24.01",
            "revenue": 987991
        },
        "2005-10": {
            "month": "2005-10",
            "price": "21.63",
            "revenue": 866830
        },
        "2005-11": {
            "month": "2005-11",
            "price": "22.23",
            "revenue": 948819
        },
        "2005-12": {
            "month": "2005-12",
            "price": "22.05",
            "revenue": 954033
        },
        "2006-01": {
            "month": "2006-01",
            "price": "22.29",
            "revenue": 1046164
        },
        "2006-02": {
            "month": "2006-02",
            "price": "21.68",
            "revenue": 1138603
        },
        "2006-03": {
            "month": "2006-03",
            "price": "20.59",
            "revenue": 1241855
        },
        "2006-04": {
            "month": "2006-04",
            "price": "20.52",
            "revenue": 1123000
        },
        "2006-05": {
            "month": "2006-05",
            "price": "19.47",
            "revenue": 1208763
        },
        "2006-06": {
            "month": "2006-06",
            "price": "17.07",
            "revenue": 1430726
        },
        "2006-07": {
            "month": "2006-07",
            "price": "17.01",
            "revenue": 1379277
        },
        "2006-08": {
            "month": "2006-08",
            "price": "17.25",
            "revenue": 1395249
        },
        "2006-09": {
            "month": "2006-09",
            "price": "16.72",
            "revenue": 1271074
        },
        "2006-10": {
            "month": "2006-10",
            "price": "18.29",
            "revenue": 1181710
        },
        "2006-11": {
            "month": "2006-11",
            "price": "18.66",
            "revenue": 1222935
        },
        "2006-12": {
            "month": "2006-12",
            "price": "19.43",
            "revenue": 1141925
        },
        "2007-01": {
            "month": "2007-01",
            "price": "19.76",
            "revenue": 1165028
        },
        "2007-02": {
            "month": "2007-02",
            "price": "19.76",
            "revenue": 1286752
        },
        "2007-03": {
            "month": "2007-03",
            "price": "20.05",
            "revenue": 1414728
        },
        "2007-04": {
            "month": "2007-04",
            "price": "21.65",
            "revenue": 1283138
        },
        "2007-05": {
            "month": "2007-05",
            "price": "21.81",
            "revenue": 1482735
        },
        "2007-06": {
            "month": "2007-06",
            "price": "22.21",
            "revenue": 1566806
        },
        "2007-07": {
            "month": "2007-07",
            "price": "24.38",
            "revenue": 1321939
        },
        "2007-08": {
            "month": "2007-08",
            "price": "22.84",
            "revenue": 1248987
        },
        "2007-09": {
            "month": "2007-09",
            "price": "22.51",
            "revenue": 1008091
        },
        "2007-10": {
            "month": "2007-10",
            "price": "22.38",
            "revenue": 1018227
        },
        "2007-11": {
            "month": "2007-11",
            "price": "20.54",
            "revenue": 1131658
        },
        "2007-12": {
            "month": "2007-12",
            "price": "19.39",
            "revenue": 1086865
        },
        "2008-01": {
            "month": "2008-01",
            "price": "19.35",
            "revenue": 1108479
        },
        "2008-02": {
            "month": "2008-02",
            "price": "19.56",
            "revenue": 1273951
        },
        "2008-03": {
            "month": "2008-03",
            "price": "20.50",
            "revenue": 1171536
        },
        "2008-04": {
            "month": "2008-04",
            "price": "20.95",
            "revenue": 1244029
        },
        "2008-05": {
            "month": "2008-05",
            "price": "20.13",
            "revenue": 1302345
        },
        "2008-06": {
            "month": "2008-06",
            "price": "17.99",
            "revenue": 1220927
        },
        "2008-07": {
            "month": "2008-07",
            "price": "15.79",
            "revenue": 1141573
        },
        "2008-08": {
            "month": "2008-08",
            "price": "12.73",
            "revenue": 1001642
        },
        "2008-09": {
            "month": "2008-09",
            "price": "10.90",
            "revenue": 1120501
        },
        "2008-10": {
            "month": "2008-10",
            "price": "9.15",
            "revenue": 1163943
        },
        "2008-11": {
            "month": "2008-11",
            "price": "7.67",
            "revenue": 1032487
        },
        "2008-12": {
            "month": "2008-12",
            "price": "7.87",
            "revenue": 831828
        },
        "2009-01": {
            "month": "2009-01",
            "price": "8.03",
            "revenue": 845112
        },
        "2009-02": {
            "month": "2009-02",
            "price": "7.72",
            "revenue": 939898
        },
        "2009-03": {
            "month": "2009-03",
            "price": "8.25",
            "revenue": 1070064
        },
        "2009-04": {
            "month": "2009-04",
            "price": "10.66",
            "revenue": 1026772
        },
        "2009-05": {
            "month": "2009-05",
            "price": "12.21",
            "revenue": 1143552
        },
        "2009-06": {
            "month": "2009-06",
            "price": "11.50",
            "revenue": 1202861
        },
        "2009-07": {
            "month": "2009-07",
            "price": "13.27",
            "revenue": 1131874
        },
        "2009-08": {
            "month": "2009-08",
            "price": "16.24",
            "revenue": 998168
        },
        "2009-09": {
            "month": "2009-09",
            "price": "16.45",
            "revenue": 1022724
        },
        "2009-10": {
            "month": "2009-10",
            "price": "16.86",
            "revenue": 1026265
        },
        "2009-11": {
            "month": "2009-11",
            "price": "16.99",
            "revenue": 834554
        },
        "2009-12": {
            "month": "2009-12",
            "price": "16.93",
            "revenue": 806709
        },
        "2010-01": {
            "month": "2010-01",
            "price": "17.67",
            "revenue": 900689
        },
        "2010-02": {
            "month": "2010-02",
            "price": "16.85",
            "revenue": 831705
        },
        "2010-03": {
            "month": "2010-03",
            "price": "17.89",
            "revenue": 988337
        },
        "2010-04": {
            "month": "2010-04",
            "price": "18.44",
            "revenue": 1094061
        },
        "2010-05": {
            "month": "2010-05",
            "price": "17.48",
            "revenue": 1168625
        },
        "2010-06": {
            "month": "2010-06",
            "price": "17.41",
            "revenue": 1239763
        },
        "2010-07": {
            "month": "2010-07",
            "price": "17.74",
            "revenue": 1217011
        },
        "2010-08": {
            "month": "2010-08",
            "price": "19.81",
            "revenue": 1154740
        },
        "2010-09": {
            "month": "2010-09",
            "price": "21.51",
            "revenue": 1035852
        },
        "2010-10": {
            "month": "2010-10",
            "price": "23.08",
            "revenue": 1110474
        },
        "2010-11": {
            "month": "2010-11",
            "price": "23.24",
            "revenue": 1026202
        },
        "2010-12": {
            "month": "2010-12",
            "price": "23.95",
            "revenue": 1083803
        },
        "2011-01": {
            "month": "2011-01",
            "price": "24.64",
            "revenue": 1027037
        },
        "2011-02": {
            "month": "2011-02",
            "price": "23.51",
            "revenue": 875383
        },
        "2011-03": {
            "month": "2011-03",
            "price": "23.04",
            "revenue": 1185535
        },
        "2011-04": {
            "month": "2011-04",
            "price": "23.62",
            "revenue": 1252546
        },
        "2011-05": {
            "month": "2011-05",
            "price": "24.03",
            "revenue": 1173422
        },
        "2011-06": {
            "month": "2011-06",
            "price": "23.82",
            "revenue": 1145008
        },
        "2011-07": {
            "month": "2011-07",
            "price": "23.46",
            "revenue": 1111988
        },
        "2011-08": {
            "month": "2011-08",
            "price": "23.46",
            "revenue": 1116334
        },
        "2011-09": {
            "month": "2011-09",
            "price": "21.95",
            "revenue": 954726
        },
        "2011-10": {
            "month": "2011-10",
            "price": "20.83",
            "revenue": 1010760
        },
        "2011-11": {
            "month": "2011-11",
            "price": "20.60",
            "revenue": 1199534
        },
        "2011-12": {
            "month": "2011-12",
            "price": "20.01",
            "revenue": 1052946
        },
        "2012-01": {
            "month": "2012-01",
            "price": "20.78",
            "revenue": 865488
        },
        "2012-02": {
            "month": "2012-02",
            "price": "22.09",
            "revenue": 1015462
        },
        "2012-03": {
            "month": "2012-03",
            "price": "22.17",
            "revenue": 1108594
        },
        "2012-04": {
            "month": "2012-04",
            "price": "20.06",
            "revenue": 1026743
        },
        "2012-05": {
            "month": "2012-05",
            "price": "19.14",
            "revenue": 1187852
        },
        "2012-06": {
            "month": "2012-06",
            "price": "19.02",
            "revenue": 1257592
        },
        "2012-07": {
            "month": "2012-07",
            "price": "18.80",
            "revenue": 1174291
        },
        "2012-08": {
            "month": "2012-08",
            "price": "20.33",
            "revenue": 1254149
        },
        "2012-09": {
            "month": "2012-09",
            "price": "20.73",
            "revenue": 1100391
        },
        "2012-10": {
            "month": "2012-10",
            "price": "20.85",
            "revenue": 1167794
        },
        "2012-11": {
            "month": "2012-11",
            "price": "20.12",
            "revenue": 1079404
        },
        "2012-12": {
            "month": "2012-12",
            "price": "20.30",
            "revenue": 931444
        },
        "2013-01": {
            "month": "2013-01",
            "price": "20.62",
            "revenue": 1072096
        },
        "2013-02": {
            "month": "2013-02",
            "price": "21.21",
            "revenue": 946907
        },
        "2013-03": {
            "month": "2013-03",
            "price": "21.10",
            "revenue": 1145049
        },
        "2013-04": {
            "month": "2013-04",
            "price": "21.89",
            "revenue": 959613
        },
        "2013-05": {
            "month": "2013-05",
            "price": "24.69",
            "revenue": 1314877
        },
        "2013-06": {
            "month": "2013-06",
            "price": "28.16",
            "revenue": 1282358
        },
        "2013-07": {
            "month": "2013-07",
            "price": "27.02",
            "revenue": 1264821
        },
        "2013-08": {
            "month": "2013-08",
            "price": "25.23",
            "revenue": 1226209
        },
        "2013-09": {
            "month": "2013-09",
            "price": "27.32",
            "revenue": 1234670
        },
        "2013-10": {
            "month": "2013-10",
            "price": "31.20",
            "revenue": 1182522
        },
        "2013-11": {
            "month": "2013-11",
            "price": "30.72",
            "revenue": 1147133
        },
        "2013-12": {
            "month": "2013-12",
            "price": "30.94",
            "revenue": 1101252
        },
        "2014-01": {
            "month": "2014-01",
            "price": "31.25",
            "revenue": 1052051
        },
        "2014-02": {
            "month": "2014-02",
            "price": "30.63",
            "revenue": 957756
        },
        "2014-03": {
            "month": "2014-03",
            "price": "30.51",
            "revenue": 1065922
        },
        "2014-04": {
            "month": "2014-04",
            "price": "30.32",
            "revenue": 1099880
        },
        "2014-05": {
            "month": "2014-05",
            "price": "29.35",
            "revenue": 1330486
        },
        "2014-06": {
            "month": "2014-06",
            "price": "30.01",
            "revenue": 1220654
        },
        "2014-07": {
            "month": "2014-07",
            "price": "27.64",
            "revenue": 1154661
        },
        "2014-08": {
            "month": "2014-08",
            "price": "26.31",
            "revenue": 1114994
        },
        "2014-09": {
            "month": "2014-09",
            "price": "26.25",
            "revenue": 954950
        },
        "2014-10": {
            "month": "2014-10",
            "price": "25.35",
            "revenue": 1006013
        },
        "2014-11": {
            "month": "2014-11",
            "price": "24.90",
            "revenue": 1122894
        },
        "2014-12": {
            "month": "2014-12",
            "price": "25.94",
            "revenue": 1132865
        },
        "2015-01": {
            "month": "2015-01",
            "price": "26.23",
            "revenue": 1041174
        },
        "2015-02": {
            "month": "2015-02",
            "price": "25.88",
            "revenue": 677882
        },
        "2015-03": {
            "month": "2015-03",
            "price": "26.47",
            "revenue": 1023139
        },
        "2015-04": {
            "month": "2015-04",
            "price": "27.35",
            "revenue": 1092318
        },
        "2015-05": {
            "month": "2015-05",
            "price": "27.03",
            "revenue": 1227219
        },
        "2015-06": {
            "month": "2015-06",
            "price": "26.96",
            "revenue": 1183802
        },
        "2015-07": {
            "month": "2015-07",
            "price": "23.41",
            "revenue": 1195374
        },
        "2015-08": {
            "month": "2015-08",
            "price": "20.83",
            "revenue": 1124659
        },
        "2015-09": {
            "month": "2015-09",
            "price": "20.09",
            "revenue": 1068566
        },
        "2015-10": {
            "month": "2015-10",
            "price": "21.49",
            "revenue": 935815
        },
        "2015-11": {
            "month": "2015-11",
            "price": "21.02",
            "revenue": 1076153
        },
        "2015-12": {
            "month": "2015-12",
            "price": "20.95",
            "revenue": 1158548
        },
        "2016-01": {
            "month": "2016-01",
            "price": "21.20",
            "revenue": 1136487
        },
        "2016-02": {
            "month": "2016-02",
            "price": "22.38",
            "revenue": 847948
        },
        "2016-03": {
            "month": "2016-03",
            "price": "23.88",
            "revenue": 1086656
        },
        "2016-04": {
            "month": "2016-04",
            "price": "23.80",
            "revenue": 1083699
        },
        "2016-05": {
            "month": "2016-05",
            "price": "24.00",
            "revenue": 1325458
        },
        "2016-06": {
            "month": "2016-06",
            "price": "24.60",
            "revenue": 1142375
        },
        "2016-07": {
            "month": "2016-07",
            "price": "24.02",
            "revenue": 1126458
        },
        "2016-08": {
            "month": "2016-08",
            "price": "23.93",
            "revenue": 1116109
        },
        "2016-09": {
            "month": "2016-09",
            "price": "23.86",
            "revenue": 983006
        },
        "2016-10": {
            "month": "2016-10",
            "price": "23.83",
            "revenue": 995917
        },
        "2016-11": {
            "month": "2016-11",
            "price": "23.74",
            "revenue": 1013062
        },
        "2016-12": {
            "month": "2016-12",
            "price": "24.16",
            "revenue": 1152674
        },
        "2017-01": {
            "month": "2017-01",
            "price": "24.50",
            "revenue": 855384
        },
        "2017-02": {
            "month": "2017-02",
            "price": "24.45",
            "revenue": 754009
        },
        "2017-03": {
            "month": "2017-03",
            "price": "25.64",
            "revenue": 943464
        },
        "2017-04": {
            "month": "2017-04",
            "price": "26.73",
            "revenue": 928046
        },
        "2017-05": {
            "month": "2017-05",
            "price": "26.01",
            "revenue": 655033
        },
        "2017-06": {
            "month": "2017-06",
            "price": "25.49",
            "revenue": 778556
        },
        "2017-07": {
            "month": "2017-07",
            "price": "23.29",
            "revenue": 697382
        },
        "2017-08": {
            "month": "2017-08",
            "price": "21.95",
            "revenue": 701128
        },
        "2017-09": {
            "month": "2017-09",
            "price": "22.98",
            "revenue": 774417
        },
        "2017-10": {
            "month": "2017-10",
            "price": "31.32",
            "revenue": 705146
        },
        "2017-11": {
            "month": "2017-11",
            "price": "28.25",
            "revenue": 654512
        },
        "2017-12": {
            "month": "2017-12",
            "price": "27.61",
            "revenue": 589927
        },
        "2018-01": {
            "month": "2018-01",
            "price": "25.79",
            "revenue": 599453
        },
        "2018-02": {
            "month": "2018-02",
            "price": "23.84",
            "revenue": 542171
        },
        "2018-03": {
            "month": "2018-03",
            "price": "24.39",
            "revenue": 608290
        },
        "2018-04": {
            "month": "2018-04",
            "price": "24.97",
            "revenue": 696416
        },
        "2018-05": {
            "month": "2018-05",
            "price": "24.80",
            "revenue": 821951
        },
        "2018-06": {
            "month": "2018-06",
            "price": "25.41",
            "revenue": 765230
        },
        "2018-07": {
            "month": "2018-07",
            "price": "23.24",
            "revenue": 772051
        },
        "2018-08": {
            "month": "2018-08",
            "price": "24.13",
            "revenue": 767244
        },
        "2018-09": {
            "month": "2018-09",
            "price": "24.30",
            "revenue": 863300
        },
        "2018-10": {
            "month": "2018-10",
            "price": "23.46",
            "revenue": 848355
        },
        "2018-11": {
            "month": "2018-11",
            "price": "24.45",
            "revenue": 837071
        },
        "2018-12": {
            "month": "2018-12",
            "price": "26.08",
            "revenue": 677992
        },
        "2019-01": {
            "month": "2019-01",
            "price": "25.06",
            "revenue": 841714
        },
        "2019-02": {
            "month": "2019-02",
            "price": "26.31",
            "revenue": 533848
        },
        "2019-03": {
            "month": "2019-03",
            "price": "27.58",
            "revenue": 721011
        },
        "2019-04": {
            "month": "2019-04",
            "price": "28.12",
            "revenue": 639664
        },
        "2019-05": {
            "month": "2019-05",
            "price": "27.69",
            "revenue": 833821
        },
        "2019-06": {
            "month": "2019-06",
            "price": "27.99",
            "revenue": 742499
        },
        "2019-07": {
            "month": "2019-07",
            "price": "26.48",
            "revenue": 705526
        },
        "2019-08": {
            "month": "2019-08",
            "price": "23.90",
            "revenue": 723471
        },
        "2019-09": {
            "month": "2019-09",
            "price": "23.24",
            "revenue": 767390
        },
        "2019-10": {
            "month": "2019-10",
            "price": "22.53",
            "revenue": 750858
        },
        "2019-11": {
            "month": "2019-11",
            "price": "21.95",
            "revenue": 641242
        },
        "2019-12": {
            "month": "2019-12",
            "price": "21.14",
            "revenue": 666468
        },
        "2020-01": {
            "month": "2020-01",
            "price": "20.88",
            "revenue": 644616
        },
        "2020-02": {
            "month": "2020-02",
            "price": "20.53",
            "revenue": 613683
        },
        "2020-03": {
            "month": "2020-03",
            "price": "17.18",
            "revenue": 615361
        },
        "2020-04": {
            "month": "2020-04",
            "price": "15.33",
            "revenue": 140598
        },
        "2020-05": {
            "month": "2020-05",
            "price": "14.86",
            "revenue": 307953
        },
        "2020-06": {
            "month": "2020-06",
            "price": "16.33",
            "revenue": 638348
        },
        "2020-07": {
            "month": "2020-07",
            "price": "16.41",
            "revenue": 669496
        },
        "2020-08": {
            "month": "2020-08",
            "price": "16.32",
            "revenue": 657733
        },
        "2020-09": {
            "month": "2020-09",
            "price": "16.61",
            "revenue": 741504
        },
        "2020-10": {
            "month": "2020-10",
            "price": "16.45",
            "revenue": 699166
        },
        "2020-11": {
            "month": "2020-11",
            "price": "16.42",
            "revenue": 595405
        },
        "2020-12": {
            "month": "2020-12",
            "price": "16.94",
            "revenue": 695510
        },
        "2021-01": {
            "month": "2021-01",
            "price": "16.55",
            "revenue": 542580
        },
        "2021-02": {
            "month": "2021-02",
            "price": "16.07",
            "revenue": 472016
        },
        "2021-03": {
            "month": "2021-03",
            "price": "16.61",
            "revenue": 723142
        },
        "2021-04": {
            "month": "2021-04",
            "price": "19.23",
            "revenue": 572110
        },
        "2021-05": {
            "month": "2021-05",
            "price": "20.56",
            "revenue": 596702
        },
        "2021-06": {
            "month": "2021-06",
            "price": "21.30",
            "revenue": 685864
        },
        "2021-07": {
            "month": "2021-07",
            "price": "21.61",
            "revenue": 757841
        },
        "2021-08": {
            "month": "2021-08",
            "price": "20.87",
            "revenue": 815573
        },
        "2021-09": {
            "month": "2021-09",
            "price": "20.54",
            "revenue": 753483
        },
        "2021-10": {
            "month": "2021-10",
            "price": "20.69",
            "revenue": 601494
        },
        "2021-11": {
            "month": "2021-11",
            "price": "21.08",
            "revenue": 756766
        },
        "2021-12": {
            "month": "2021-12",
            "price": "20.78",
            "revenue": 734906
        },
        "2022-01": {
            "month": "2022-01",
            "price": "20.92",
            "revenue": 669189
        },
        "2022-02": {
            "month": "2022-02",
            "price": "20.54",
            "revenue": 641972
        },
        "2022-03": {
            "month": "2022-03",
            "price": "20.22",
            "revenue": 661448
        },
        "2022-04": {
            "month": "2022-04",
            "price": "20.44",
            "revenue": 783369
        },
        "2022-05": {
            "month": "2022-05",
            "price": "22.04",
            "revenue": 901078
        },
        "2022-06": {
            "month": "2022-06",
            "price": "23.40",
            "revenue": 785726
        },
        "2022-07": {
            "month": "2022-07",
            "price": "21.84",
            "revenue": 861416
        },
        "2022-08": {
            "month": "2022-08",
            "price": "24.88",
            "revenue": 825466
        },
        "2022-09": {
            "month": "2022-09",
            "price": "24.74",
            "revenue": 724042
        },
        "2022-10": {
            "month": "2022-10",
            "price": "21.72",
            "revenue": 642537
        },
        "2022-11": {
            "month": "2022-11",
            "price": "21.80",
            "revenue": 771499
        },
        "2022-12": {
            "month": "2022-12",
            "price": "21.27",
            "revenue": 427427
        },
        "2023-01": {
            "month": "2023-01",
            "price": "21.10",
            "revenue": 558008
        },
        "2023-02": {
            "month": "2023-02",
            "price": "22.39",
            "revenue": 399572
        },
        "2023-03": {
            "month": "2023-03",
            "price": "23.07",
            "revenue": 546913
        },
        "2023-04": {
            "month": "2023-04",
            "price": "22.90",
            "revenue": 503074
        },
        "2023-05": {
            "month": "2023-05",
            "price": "21.45",
            "revenue": 686204
        },
        "2023-06": {
            "month": "2023-06",
            "price": "21.80",
            "revenue": 560978
        },
        "2023-07": {
            "month": "2023-07",
            "price": "19.91",
            "revenue": 632126
        },
        "2023-08": {
            "month": "2023-08",
            "price": "19.37",
            "revenue": 537506
        },
        "2023-09": {
            "month": "2023-09",
            "price": "19.01",
            "revenue": 461901
        }
    }
}
