{
    "summary": {
        "stock_name": "宏益",
        "stock_id": "1452",
        "category": "紡織纖維",
        "main_business": "聚酯加工絲",
        "website_url": "http://www.hongyilon.com.tw",
        "ceo": "羅昭甲",
        "pe_ratio": 78,
        "report_year_from": 2001,
        "report_year_to": 2023,
        "age": 22,
        "eps_negative_percentage": 17,
        "eps_growth_avg": {
            "last_all": -1.94,
            "last_2y": -2.84,
            "last_4y": -5.57,
            "last_8y": 6.8,
            "last_12y": 11.65,
            "last_16y": 7.24,
            "last_20y": -1.94,
            "at_2006_last_3y": -86.21,
            "at_2007_last_3y": -21.43,
            "at_2008_last_3y": -21.43,
            "at_2009_last_3y": -21.43,
            "at_2010_last_3y": 19.05,
            "at_2011_last_3y": -20.95,
            "at_2012_last_3y": 11.41,
            "at_2013_last_3y": 22.57,
            "at_2014_last_3y": 4.37,
            "at_2015_last_3y": 45.08,
            "at_2016_last_3y": 34.29,
            "at_2017_last_3y": 22.27,
            "at_2018_last_3y": 13.17,
            "at_2019_last_3y": -14.37,
            "at_2020_last_3y": -14.13,
            "at_2021_last_3y": 8.89,
            "at_2022_last_3y": -4.66,
            "at_2023_last_3y": -4.66,
            "at_2006_last_all": -47.84,
            "at_2007_last_all": -21.6,
            "at_2008_last_all": -37.28,
            "at_2009_last_all": -37.28,
            "at_2010_last_all": -14.4,
            "at_2011_last_all": -21.32,
            "at_2012_last_all": -19.02,
            "at_2013_last_all": -10.68,
            "at_2014_last_all": -6.89,
            "at_2015_last_all": 2.83,
            "at_2016_last_all": -1.25,
            "at_2017_last_all": -0.54,
            "at_2018_last_all": -1.16,
            "at_2019_last_all": -1.76,
            "at_2020_last_all": -4.47,
            "at_2021_last_all": 1.68,
            "at_2022_last_all": -1.94,
            "at_2023_last_all": -1.94
        },
        "latest_eps": 0.21,
        "latest_price": 16.3,
        "latest_roe": 1.06,
        "latest_gross_margin": 4.65,
        "latest_equity": 2629021,
        "latest_revenue": 279273,
        "latest_gross_profit": 12973,
        "latest_net_income": 4998,
        "latest_debt_ratio": 8.54,
        "latest_current_ratio": 1038.49,
        "latest_account_receivable_turnover_ratio": 1.99,
        "latest_inventory_turnover_ratio": 1.09,
        "latest_reinvestment_rate": -30.45,
        "latest_research_to_sale_ratio": 0.67
    },
    "eps_dividends": {
        "1991": {
            "cash": 0,
            "stock": 2.5,
            "eps": 0
        },
        "1992": {
            "cash": 0,
            "stock": 2,
            "eps": 0
        },
        "1993": {
            "cash": 0,
            "stock": 2,
            "eps": 0
        },
        "1994": {
            "cash": 0,
            "stock": 1.5,
            "eps": 0
        },
        "1995": {
            "cash": 0,
            "stock": 1.5,
            "eps": 0
        },
        "1998": {
            "cash": 0,
            "stock": 2,
            "eps": 0
        },
        "1999": {
            "cash": 10,
            "stock": 1.95,
            "eps": 0
        },
        "2001": {
            "cash": 0,
            "stock": 0,
            "eps": 0.45
        },
        "2002": {
            "cash": 0,
            "stock": 0,
            "eps": 0.58
        },
        "2003": {
            "cash": 0,
            "stock": 0,
            "eps": 0.16
        },
        "2004": {
            "cash": 0,
            "stock": 0.25,
            "eps": -0.08
        },
        "2005": {
            "cash": 0,
            "stock": 0.2,
            "eps": -0.31
        },
        "2006": {
            "cash": 0,
            "stock": 0.2,
            "eps": 0.35
        },
        "2007": {
            "cash": 0.3,
            "stock": 0,
            "eps": 0.55
        },
        "2008": {
            "cash": 0.45,
            "stock": 0,
            "eps": -0.41
        },
        "2009": {
            "cash": 0,
            "stock": 0.2,
            "eps": 0.73
        },
        "2010": {
            "cash": 0.5,
            "stock": 0,
            "eps": 1.83
        },
        "2011": {
            "cash": 1.3,
            "stock": 0.4,
            "eps": 0.68
        },
        "2012": {
            "cash": 0,
            "stock": 0,
            "eps": 0.66
        },
        "2013": {
            "cash": 0.5,
            "stock": 0,
            "eps": 1.03
        },
        "2014": {
            "cash": 0.8,
            "stock": 0,
            "eps": 1.31
        },
        "2015": {
            "cash": 1,
            "stock": 0,
            "eps": 2.8
        },
        "2016": {
            "cash": 1.8,
            "stock": 0,
            "eps": 1.51
        },
        "2017": {
            "cash": 1.2,
            "stock": 0,
            "eps": 1.63
        },
        "2018": {
            "cash": 1.4,
            "stock": 0,
            "eps": 1.48
        },
        "2019": {
            "cash": 1.4,
            "stock": 0,
            "eps": 1.33
        },
        "2020": {
            "cash": 1.2,
            "stock": 0,
            "eps": 0.73
        },
        "2021": {
            "cash": 0.7,
            "stock": 0,
            "eps": 2.65
        },
        "2022": {
            "cash": 2,
            "stock": 0,
            "eps": 0.97
        },
        "2023": {
            "cash": 0.8,
            "stock": 0,
            "eps": -0.05
        }
    },
    "dividends": {
        "1991-05-11": {
            "cash": 0,
            "stock": 2.5
        },
        "1992-04-02": {
            "cash": 0,
            "stock": 2
        },
        "1993-05-03": {
            "cash": 0,
            "stock": 2
        },
        "1994-06-06": {
            "cash": 0,
            "stock": 1.5
        },
        "1995-05-08": {
            "cash": 0,
            "stock": 1.5
        },
        "1998-05-27": {
            "cash": 0,
            "stock": 2
        },
        "1999-05-27": {
            "cash": 10,
            "stock": 1.95
        },
        "2004-03-12": {
            "cash": 0,
            "stock": 0.25
        },
        "2005-03-21": {
            "cash": 0,
            "stock": 0.2
        },
        "2006-03-16": {
            "cash": 0,
            "stock": 0.2
        },
        "2007-03-15": {
            "cash": 0.3,
            "stock": 0
        },
        "2008-03-06": {
            "cash": 0.45,
            "stock": 0
        },
        "2009-02-26": {
            "cash": 0,
            "stock": 0.2
        },
        "2010-02-25": {
            "cash": 0.5,
            "stock": 0
        },
        "2011-01-01": {
            "cash": 0.5,
            "stock": 0
        },
        "2011-02-23": {
            "cash": 0.8,
            "stock": 0.4
        },
        "2013-02-25": {
            "cash": 0.5,
            "stock": 0
        },
        "2014-06-06": {
            "cash": 0.8,
            "stock": 0
        },
        "2015-08-06": {
            "cash": 1,
            "stock": 0
        },
        "2016-08-10": {
            "cash": 1.8,
            "stock": 0
        },
        "2017-08-10": {
            "cash": 1.2,
            "stock": 0
        },
        "2018-08-10": {
            "cash": 1.4,
            "stock": 0
        },
        "2019-08-02": {
            "cash": 1.4,
            "stock": 0
        },
        "2020-08-07": {
            "cash": 1.2,
            "stock": 0
        },
        "2021-09-01": {
            "cash": 0.7,
            "stock": 0
        },
        "2022-08-05": {
            "cash": 2,
            "stock": 0
        },
        "2023-08-07": {
            "cash": 0.8,
            "stock": 0
        }
    },
    "prices": {
        "200101": "4.29",
        "200102": "4.70",
        "200103": "4.77",
        "200104": "5.53",
        "200105": "3.90",
        "200106": "3.47",
        "200107": "3.21",
        "200108": "4.05",
        "200109": "5.36",
        "200110": "4.00",
        "200111": "4.36",
        "200112": "4.96",
        "200201": "6.13",
        "200202": "6.07",
        "200203": "7.99",
        "200204": "8.29",
        "200205": "7.17",
        "200206": "6.76",
        "200207": "6.42",
        "200208": "7.02",
        "200209": "6.06",
        "200210": "5.76",
        "200211": "6.81",
        "200212": "7.27",
        "200301": "9.37",
        "200302": "7.54",
        "200303": "6.05",
        "200304": "5.64",
        "200305": "5.01",
        "200306": "6.01",
        "200307": "6.31",
        "200308": "6.34",
        "200309": "5.90",
        "200310": "6.64",
        "200311": "7.10",
        "200312": "7.25",
        "200401": "8.01",
        "200402": "8.46",
        "200403": "7.85",
        "200404": "8.00",
        "200405": "6.82",
        "200406": "6.45",
        "200407": "6.05",
        "200408": "6.14",
        "200409": "7.09",
        "200410": "7.19",
        "200411": "7.03",
        "200412": "6.82",
        "200501": "6.56",
        "200502": "6.07",
        "200503": "5.62",
        "200504": "4.91",
        "200505": "4.89",
        "200506": "5.71",
        "200507": "6.31",
        "200508": "6.08",
        "200509": "5.83",
        "200510": "5.08",
        "200511": "5.05",
        "200512": "5.78",
        "200601": "6.21",
        "200602": "5.92",
        "200603": "5.23",
        "200604": "5.30",
        "200605": "5.76",
        "200606": "5.65",
        "200607": "5.67",
        "200608": "5.67",
        "200609": "5.68",
        "200610": "6.44",
        "200611": "6.68",
        "200612": "7.07",
        "200701": "8.04",
        "200702": "8.48",
        "200703": "8.85",
        "200704": "8.98",
        "200705": "8.93",
        "200706": "8.93",
        "200707": "10.72",
        "200708": "10.80",
        "200709": "11.39",
        "200710": "11.66",
        "200711": "10.00",
        "200712": "9.00",
        "200801": "9.08",
        "200802": "9.37",
        "200803": "10.51",
        "200804": "10.55",
        "200805": "10.20",
        "200806": "8.86",
        "200807": "6.95",
        "200808": "6.74",
        "200809": "6.21",
        "200810": "5.32",
        "200811": "5.11",
        "200812": "5.75",
        "200901": "5.95",
        "200902": "5.64",
        "200903": "5.73",
        "200904": "6.29",
        "200905": "6.70",
        "200906": "6.22",
        "200907": "6.38",
        "200908": "7.19",
        "200909": "7.07",
        "200910": "7.70",
        "200911": "7.94",
        "200912": "8.45",
        "201001": "8.96",
        "201002": "8.33",
        "201003": "9.47",
        "201004": "12.05",
        "201005": "11.10",
        "201006": "10.57",
        "201007": "11.03",
        "201008": "13.31",
        "201009": "13.53",
        "201010": "15.90",
        "201011": "16.16",
        "201012": "17.31",
        "201101": "17.63",
        "201102": "17.80",
        "201103": "16.06",
        "201104": "16.01",
        "201105": "14.81",
        "201106": "14.17",
        "201107": "13.95",
        "201108": "11.71",
        "201109": "10.48",
        "201110": "9.96",
        "201111": "9.68",
        "201112": "8.67",
        "201201": "9.29",
        "201202": "10.24",
        "201203": "10.19",
        "201204": "9.12",
        "201205": "9.04",
        "201206": "8.92",
        "201207": "8.65",
        "201208": "8.86",
        "201209": "9.30",
        "201210": "9.11",
        "201211": "9.14",
        "201212": "9.44",
        "201301": "9.69",
        "201302": "9.64",
        "201303": "9.71",
        "201304": "9.80",
        "201305": "10.06",
        "201306": "10.35",
        "201307": "9.96",
        "201308": "9.53",
        "201309": "9.54",
        "201310": "9.91",
        "201311": "10.02",
        "201312": "10.50",
        "201401": "10.74",
        "201402": "10.61",
        "201403": "12.02",
        "201404": "12.40",
        "201405": "12.12",
        "201406": "12.31",
        "201407": "11.22",
        "201408": "11.74",
        "201409": "12.08",
        "201410": "11.85",
        "201411": "11.99",
        "201412": "12.53",
        "201501": "13.21",
        "201502": "14.26",
        "201503": "20.48",
        "201504": "27.34",
        "201505": "30.90",
        "201506": "37.10",
        "201507": "32.70",
        "201508": "28.30",
        "201509": "30.00",
        "201510": "27.26",
        "201511": "25.80",
        "201512": "23.70",
        "201601": "21.21",
        "201602": "22.70",
        "201603": "24.60",
        "201604": "22.60",
        "201605": "19.16",
        "201606": "19.54",
        "201607": "19.85",
        "201608": "23.61",
        "201609": "21.21",
        "201610": "19.63",
        "201611": "19.90",
        "201612": "21.17",
        "201701": "20.66",
        "201702": "21.40",
        "201703": "21.66",
        "201704": "22.19",
        "201705": "22.21",
        "201706": "24.78",
        "201707": "22.90",
        "201708": "22.20",
        "201709": "23.87",
        "201710": "22.88",
        "201711": "22.17",
        "201712": "21.89",
        "201801": "22.23",
        "201802": "21.00",
        "201803": "21.55",
        "201804": "21.09",
        "201805": "20.67",
        "201806": "20.58",
        "201807": "19.26",
        "201808": "19.33",
        "201809": "19.30",
        "201810": "17.10",
        "201811": "17.02",
        "201812": "17.28",
        "201901": "17.24",
        "201902": "18.80",
        "201903": "19.98",
        "201904": "20.01",
        "201905": "20.39",
        "201906": "20.80",
        "201907": "19.25",
        "201908": "18.42",
        "201909": "18.17",
        "201910": "18.12",
        "201911": "18.23",
        "201912": "18.42",
        "202001": "18.35",
        "202002": "18.09",
        "202003": "17.03",
        "202004": "16.82",
        "202005": "16.92",
        "202006": "17.46",
        "202007": "16.25",
        "202008": "15.33",
        "202009": "15.70",
        "202010": "15.49",
        "202011": "15.74",
        "202012": "16.90",
        "202101": "16.72",
        "202102": "17.24",
        "202103": "17.70",
        "202104": "21.54",
        "202105": "23.60",
        "202106": "25.68",
        "202107": "25.64",
        "202108": "24.18",
        "202109": "23.80",
        "202110": "23.74",
        "202111": "23.39",
        "202112": "23.82",
        "202201": "23.30",
        "202202": "23.59",
        "202203": "24.45",
        "202204": "24.13",
        "202205": "22.10",
        "202206": "22.00",
        "202207": "18.62",
        "202208": "18.74",
        "202209": "18.40",
        "202210": "17.10",
        "202211": "17.49",
        "202212": "17.62",
        "202301": "17.52",
        "202302": "17.98",
        "202303": "17.89",
        "202304": "17.66",
        "202305": "17.57",
        "202306": "17.64",
        "202307": "17.01",
        "202308": "16.46",
        "202309": "16.47",
        "202310": "16.28"
    },
    "quarters": {
        "20011": {
            "year_quarter": 20011,
            "year": 2001,
            "quarter": 1,
            "eps": 0.48,
            "eps_growth_year": 152.63,
            "eps_4q": -0.76,
            "eps_4q_growth_year": -331.27,
            "roe": 5.27,
            "roe_4q": 5.27,
            "gross_profit": 39834,
            "gross_margin": 8.85,
            "gross_margin_4q_avg": 8.85,
            "net_income": 90022,
            "net_income_4q": null,
            "revenue": 450090,
            "revenue_4q": null,
            "common_shares": 1892900,
            "book_valuer_per_share": 9.58,
            "book_valuer_per_share_4q_avg": 9.58,
            "equity": 1812913,
            "current_ratio": 137.02,
            "debt_ratio": 31.32,
            "inventory_turnover_ratio": 0.99,
            "account_receivable_turnover_ratio": null,
            "reinvestment_rate": null,
            "research_to_sale_ratio": null,
            "price_fair": 0,
            "eps_avg_yearly": 0,
            "eps_latest_yearly": 0,
            "eps_growth_yearly": 0
        },
        "20012": {
            "year_quarter": 20012,
            "year": 2001,
            "quarter": 2,
            "eps": -0.07,
            "eps_growth_year": null,
            "eps_4q": -0.7,
            "eps_4q_growth_year": null,
            "roe": -0.7,
            "roe_4q": 4.569999999999999,
            "gross_profit": 38740,
            "gross_margin": 8.94,
            "gross_margin_4q_avg": 8.9,
            "net_income": -12472,
            "net_income_4q": null,
            "revenue": 433130,
            "revenue_4q": null,
            "common_shares": 1892900,
            "book_valuer_per_share": 9.37,
            "book_valuer_per_share_4q_avg": 9.48,
            "equity": 1772940,
            "current_ratio": 159.63,
            "debt_ratio": 26.91,
            "inventory_turnover_ratio": 3.94,
            "account_receivable_turnover_ratio": null,
            "reinvestment_rate": null,
            "research_to_sale_ratio": null,
            "price_fair": 0,
            "eps_avg_yearly": 0,
            "eps_latest_yearly": 0,
            "eps_growth_yearly": 0
        },
        "20013": {
            "year_quarter": 20013,
            "year": 2001,
            "quarter": 3,
            "eps": -0.05,
            "eps_growth_year": null,
            "eps_4q": -0.37,
            "eps_4q_growth_year": null,
            "roe": -0.48,
            "roe_4q": 4.09,
            "gross_profit": 29402,
            "gross_margin": 6.66,
            "gross_margin_4q_avg": 8.15,
            "net_income": -8617,
            "net_income_4q": null,
            "revenue": 441530,
            "revenue_4q": null,
            "common_shares": 1892900,
            "book_valuer_per_share": 9.42,
            "book_valuer_per_share_4q_avg": 9.46,
            "equity": 1783625,
            "current_ratio": 171.51,
            "debt_ratio": 25.58,
            "inventory_turnover_ratio": 3.97,
            "account_receivable_turnover_ratio": null,
            "reinvestment_rate": null,
            "research_to_sale_ratio": null,
            "price_fair": 0,
            "eps_avg_yearly": 0,
            "eps_latest_yearly": 0,
            "eps_growth_yearly": 0
        },
        "20014": {
            "year_quarter": 20014,
            "year": 2001,
            "quarter": 4,
            "eps": 0.09,
            "eps_growth_year": null,
            "eps_4q": 0.45,
            "eps_4q_growth_year": null,
            "roe": 0.99,
            "roe_4q": 5.08,
            "gross_profit": 12603,
            "gross_margin": 3.64,
            "gross_margin_4q_avg": 7.02,
            "net_income": 17320,
            "net_income_4q": null,
            "revenue": 346697,
            "revenue_4q": null,
            "common_shares": 1892900,
            "book_valuer_per_share": 9.15,
            "book_valuer_per_share_4q_avg": 9.38,
            "equity": 1731363,
            "current_ratio": 132.13,
            "debt_ratio": 41.51,
            "inventory_turnover_ratio": 1.09,
            "account_receivable_turnover_ratio": null,
            "reinvestment_rate": null,
            "research_to_sale_ratio": null,
            "price_fair": 0,
            "eps_avg_yearly": 0,
            "eps_latest_yearly": 0,
            "eps_growth_yearly": 0
        },
        "20021": {
            "year_quarter": 20021,
            "year": 2002,
            "quarter": 1,
            "eps": 0.3,
            "eps_growth_year": -37.5,
            "eps_4q": 0.28,
            "eps_4q_growth_year": null,
            "roe": 2.91,
            "roe_4q": 2.7200000000000006,
            "gross_profit": 40556,
            "gross_margin": 9.92,
            "gross_margin_4q_avg": 7.29,
            "net_income": 52171,
            "net_income_4q": null,
            "revenue": 409000,
            "revenue_4q": null,
            "common_shares": 1892900,
            "book_valuer_per_share": 9.77,
            "book_valuer_per_share_4q_avg": 9.43,
            "equity": 1850132,
            "current_ratio": 171.48,
            "debt_ratio": 22.58,
            "inventory_turnover_ratio": 1.18,
            "account_receivable_turnover_ratio": null,
            "reinvestment_rate": null,
            "research_to_sale_ratio": null,
            "price_fair": 42,
            "eps_avg_yearly": 1.2,
            "eps_latest_yearly": 1.2,
            "eps_growth_yearly": 933.33
        },
        "20022": {
            "year_quarter": 20022,
            "year": 2002,
            "quarter": 2,
            "eps": 0.03,
            "eps_growth_year": null,
            "eps_4q": 0.33,
            "eps_4q_growth_year": null,
            "roe": 0.33,
            "roe_4q": 3.7500000000000004,
            "gross_profit": 46930,
            "gross_margin": 10.08,
            "gross_margin_4q_avg": 7.58,
            "net_income": 6030,
            "net_income_4q": null,
            "revenue": 465436,
            "revenue_4q": null,
            "common_shares": 1892900,
            "book_valuer_per_share": 9.77,
            "book_valuer_per_share_4q_avg": 9.53,
            "equity": 1848646,
            "current_ratio": 192.02,
            "debt_ratio": 21.09,
            "inventory_turnover_ratio": 3.63,
            "account_receivable_turnover_ratio": null,
            "reinvestment_rate": null,
            "research_to_sale_ratio": null,
            "price_fair": 23.1,
            "eps_avg_yearly": 0.66,
            "eps_latest_yearly": 0.12,
            "eps_growth_yearly": 286.67
        },
        "20023": {
            "year_quarter": 20023,
            "year": 2002,
            "quarter": 3,
            "eps": 0.08,
            "eps_growth_year": null,
            "eps_4q": 0.5,
            "eps_4q_growth_year": null,
            "roe": 0.75,
            "roe_4q": 4.98,
            "gross_profit": 22781,
            "gross_margin": 5.34,
            "gross_margin_4q_avg": 7.25,
            "net_income": 14509,
            "net_income_4q": null,
            "revenue": 426489,
            "revenue_4q": null,
            "common_shares": 1892900,
            "book_valuer_per_share": 10.71,
            "book_valuer_per_share_4q_avg": 9.85,
            "equity": 2026362,
            "current_ratio": 460.8,
            "debt_ratio": 9.43,
            "inventory_turnover_ratio": 3.29,
            "account_receivable_turnover_ratio": null,
            "reinvestment_rate": null,
            "research_to_sale_ratio": null,
            "price_fair": 19.13,
            "eps_avg_yearly": 0.55,
            "eps_latest_yearly": 0.32,
            "eps_growth_yearly": 413.33
        },
        "20024": {
            "year_quarter": 20024,
            "year": 2002,
            "quarter": 4,
            "eps": 0.17,
            "eps_growth_year": 88.89,
            "eps_4q": 0.56,
            "eps_4q_growth_year": 25.43,
            "roe": 1.54,
            "roe_4q": 5.53,
            "gross_profit": 11547,
            "gross_margin": 2.88,
            "gross_margin_4q_avg": 7.06,
            "net_income": 31517,
            "net_income_4q": null,
            "revenue": 401600,
            "revenue_4q": null,
            "common_shares": 1892900,
            "book_valuer_per_share": 10.92,
            "book_valuer_per_share_4q_avg": 10.29,
            "equity": 2067626,
            "current_ratio": 585.39,
            "debt_ratio": 8.93,
            "inventory_turnover_ratio": 2.99,
            "account_receivable_turnover_ratio": null,
            "reinvestment_rate": null,
            "research_to_sale_ratio": null,
            "price_fair": 20.3,
            "eps_avg_yearly": 0.58,
            "eps_latest_yearly": 0.68,
            "eps_growth_yearly": 422.5
        },
        "20031": {
            "year_quarter": 20031,
            "year": 2003,
            "quarter": 1,
            "eps": 0.05,
            "eps_growth_year": -83.33,
            "eps_4q": 0.31,
            "eps_4q_growth_year": 12.81,
            "roe": 0.48,
            "roe_4q": 3.1,
            "gross_profit": 42712,
            "gross_margin": 9.58,
            "gross_margin_4q_avg": 6.97,
            "net_income": 9860,
            "net_income_4q": null,
            "revenue": 445782,
            "revenue_4q": null,
            "common_shares": 1892900,
            "book_valuer_per_share": 10.88,
            "book_valuer_per_share_4q_avg": 10.57,
            "equity": 2060239,
            "current_ratio": 578.16,
            "debt_ratio": 9.28,
            "inventory_turnover_ratio": 2.79,
            "account_receivable_turnover_ratio": null,
            "reinvestment_rate": -1255.5,
            "research_to_sale_ratio": null,
            "price_fair": 17.64,
            "eps_avg_yearly": 0.5,
            "eps_latest_yearly": 0.2,
            "eps_growth_yearly": 281.53
        },
        "20032": {
            "year_quarter": 20032,
            "year": 2003,
            "quarter": 2,
            "eps": -0.1,
            "eps_growth_year": -433.33,
            "eps_4q": 0.21,
            "eps_4q_growth_year": -38.16,
            "roe": -0.96,
            "roe_4q": 1.81,
            "gross_profit": 16764,
            "gross_margin": 3.91,
            "gross_margin_4q_avg": 5.43,
            "net_income": -19394,
            "net_income_4q": null,
            "revenue": 428230,
            "revenue_4q": null,
            "common_shares": 1772900,
            "book_valuer_per_share": 11.09,
            "book_valuer_per_share_4q_avg": 10.9,
            "equity": 1966595,
            "current_ratio": 397.22,
            "debt_ratio": 11.79,
            "inventory_turnover_ratio": 2.83,
            "account_receivable_turnover_ratio": null,
            "reinvestment_rate": null,
            "research_to_sale_ratio": null,
            "price_fair": 17.64,
            "eps_avg_yearly": 0.5,
            "eps_latest_yearly": 0.2,
            "eps_growth_yearly": 281.53
        },
        "20033": {
            "year_quarter": 20033,
            "year": 2003,
            "quarter": 3,
            "eps": 0.04,
            "eps_growth_year": -50,
            "eps_4q": 0.16,
            "eps_4q_growth_year": -67.98,
            "roe": 0.38,
            "roe_4q": 1.44,
            "gross_profit": 16081,
            "gross_margin": 3.66,
            "gross_margin_4q_avg": 5.01,
            "net_income": 7392,
            "net_income_4q": null,
            "revenue": 438775,
            "revenue_4q": null,
            "common_shares": 1772900,
            "book_valuer_per_share": 11.1,
            "book_valuer_per_share_4q_avg": 11,
            "equity": 1968444,
            "current_ratio": 234.34,
            "debt_ratio": 17.93,
            "inventory_turnover_ratio": 3.19,
            "account_receivable_turnover_ratio": null,
            "reinvestment_rate": null,
            "research_to_sale_ratio": null,
            "price_fair": 17.64,
            "eps_avg_yearly": 0.5,
            "eps_latest_yearly": 0.2,
            "eps_growth_yearly": 281.53
        },
        "20034": {
            "year_quarter": 20034,
            "year": 2003,
            "quarter": 4,
            "eps": 0.17,
            "eps_growth_year": 0,
            "eps_4q": 0.16,
            "eps_4q_growth_year": -71.83,
            "roe": 1.57,
            "roe_4q": 1.4700000000000002,
            "gross_profit": 29231,
            "gross_margin": 5.94,
            "gross_margin_4q_avg": 5.77,
            "net_income": 31381,
            "net_income_4q": null,
            "revenue": 491834,
            "revenue_4q": null,
            "common_shares": 1772900,
            "book_valuer_per_share": 11.38,
            "book_valuer_per_share_4q_avg": 11.11,
            "equity": 2017996,
            "current_ratio": 453.9,
            "debt_ratio": 10.62,
            "inventory_turnover_ratio": 3.34,
            "account_receivable_turnover_ratio": null,
            "reinvestment_rate": -1386.39,
            "research_to_sale_ratio": null,
            "price_fair": 18.67,
            "eps_avg_yearly": 0.53,
            "eps_latest_yearly": 0.68,
            "eps_growth_yearly": 451.27
        },
        "20041": {
            "year_quarter": 20041,
            "year": 2004,
            "quarter": 1,
            "eps": 0.32,
            "eps_growth_year": 540,
            "eps_4q": 0.43,
            "eps_4q_growth_year": 36.22,
            "roe": 2.79,
            "roe_4q": 3.7800000000000002,
            "gross_profit": 37917,
            "gross_margin": 7.22,
            "gross_margin_4q_avg": 5.18,
            "net_income": 57580,
            "net_income_4q": null,
            "revenue": 525445,
            "revenue_4q": null,
            "common_shares": 1772900,
            "book_valuer_per_share": 11.88,
            "book_valuer_per_share_4q_avg": 11.36,
            "equity": 2106855,
            "current_ratio": 278.71,
            "debt_ratio": 17.17,
            "inventory_turnover_ratio": 3.29,
            "account_receivable_turnover_ratio": null,
            "reinvestment_rate": -859.4,
            "research_to_sale_ratio": null,
            "price_fair": 22.4,
            "eps_avg_yearly": 0.64,
            "eps_latest_yearly": 1.28,
            "eps_growth_yearly": 437.23
        },
        "20042": {
            "year_quarter": 20042,
            "year": 2004,
            "quarter": 2,
            "eps": -0.2,
            "eps_growth_year": null,
            "eps_4q": 0.34,
            "eps_4q_growth_year": 67.57,
            "roe": -1.67,
            "roe_4q": 3.0700000000000003,
            "gross_profit": 27961,
            "gross_margin": 5.63,
            "gross_margin_4q_avg": 5.61,
            "net_income": -35203,
            "net_income_4q": null,
            "revenue": 496447,
            "revenue_4q": null,
            "common_shares": 1772900,
            "book_valuer_per_share": 11.87,
            "book_valuer_per_share_4q_avg": 11.56,
            "equity": 2105058,
            "current_ratio": 991.2,
            "debt_ratio": 7.93,
            "inventory_turnover_ratio": 3.13,
            "account_receivable_turnover_ratio": null,
            "reinvestment_rate": -1287.65,
            "research_to_sale_ratio": null,
            "price_fair": 22.4,
            "eps_avg_yearly": 0.64,
            "eps_latest_yearly": 1.28,
            "eps_growth_yearly": 437.23
        },
        "20043": {
            "year_quarter": 20043,
            "year": 2004,
            "quarter": 3,
            "eps": 0.08,
            "eps_growth_year": 100,
            "eps_4q": 0.39,
            "eps_4q_growth_year": 145.66,
            "roe": 0.65,
            "roe_4q": 3.34,
            "gross_profit": 37410,
            "gross_margin": 7.23,
            "gross_margin_4q_avg": 6.51,
            "net_income": 13851,
            "net_income_4q": null,
            "revenue": 517304,
            "revenue_4q": null,
            "common_shares": 1817223,
            "book_valuer_per_share": 11.85,
            "book_valuer_per_share_4q_avg": 11.75,
            "equity": 2153831,
            "current_ratio": 664.39,
            "debt_ratio": 10.08,
            "inventory_turnover_ratio": 2.94,
            "account_receivable_turnover_ratio": null,
            "reinvestment_rate": -252.46,
            "research_to_sale_ratio": null,
            "price_fair": 22.4,
            "eps_avg_yearly": 0.64,
            "eps_latest_yearly": 1.28,
            "eps_growth_yearly": 437.23
        },
        "20044": {
            "year_quarter": 20044,
            "year": 2004,
            "quarter": 4,
            "eps": -0.28,
            "eps_growth_year": -264.71,
            "eps_4q": -0.08,
            "eps_4q_growth_year": -150.51,
            "roe": -2.45,
            "roe_4q": -0.6800000000000002,
            "gross_profit": 33053,
            "gross_margin": 6.62,
            "gross_margin_4q_avg": 6.68,
            "net_income": -50997,
            "net_income_4q": null,
            "revenue": 499658,
            "revenue_4q": null,
            "common_shares": 1697223,
            "book_valuer_per_share": 11.86,
            "book_valuer_per_share_4q_avg": 11.87,
            "equity": 2012409,
            "current_ratio": 798.56,
            "debt_ratio": 8.73,
            "inventory_turnover_ratio": 2.76,
            "account_receivable_turnover_ratio": null,
            "reinvestment_rate": -139.78,
            "research_to_sale_ratio": null,
            "price_fair": 22.4,
            "eps_avg_yearly": 0.64,
            "eps_latest_yearly": 1.28,
            "eps_growth_yearly": 437.23
        },
        "20051": {
            "year_quarter": 20051,
            "year": 2005,
            "quarter": 1,
            "eps": 0.01,
            "eps_growth_year": -96.88,
            "eps_4q": -0.43,
            "eps_4q_growth_year": -199.69,
            "roe": 0.08,
            "roe_4q": -3.39,
            "gross_profit": 24066,
            "gross_margin": 4.53,
            "gross_margin_4q_avg": 6,
            "net_income": 1658,
            "net_income_4q": null,
            "revenue": 531304,
            "revenue_4q": null,
            "common_shares": 1697223,
            "book_valuer_per_share": 11.77,
            "book_valuer_per_share_4q_avg": 11.84,
            "equity": 1997399,
            "current_ratio": 370.68,
            "debt_ratio": 14.28,
            "inventory_turnover_ratio": 3.08,
            "account_receivable_turnover_ratio": null,
            "reinvestment_rate": -237.86,
            "research_to_sale_ratio": null,
            "price_fair": 22.4,
            "eps_avg_yearly": 0.64,
            "eps_latest_yearly": 1.28,
            "eps_growth_yearly": 437.23
        },
        "20052": {
            "year_quarter": 20052,
            "year": 2005,
            "quarter": 2,
            "eps": -0.27,
            "eps_growth_year": null,
            "eps_4q": -0.49,
            "eps_4q_growth_year": -240.7,
            "roe": -2.32,
            "roe_4q": -4.039999999999999,
            "gross_profit": 22386,
            "gross_margin": 4.7,
            "gross_margin_4q_avg": 5.77,
            "net_income": -46876,
            "net_income_4q": null,
            "revenue": 476130,
            "revenue_4q": null,
            "common_shares": 1697223,
            "book_valuer_per_share": 12,
            "book_valuer_per_share_4q_avg": 11.87,
            "equity": 2036000,
            "current_ratio": 806.69,
            "debt_ratio": 7.72,
            "inventory_turnover_ratio": 2.84,
            "account_receivable_turnover_ratio": null,
            "reinvestment_rate": -327.36,
            "research_to_sale_ratio": null,
            "price_fair": 22.4,
            "eps_avg_yearly": 0.64,
            "eps_latest_yearly": 1.28,
            "eps_growth_yearly": 437.23
        },
        "20053": {
            "year_quarter": 20053,
            "year": 2005,
            "quarter": 3,
            "eps": -0.06,
            "eps_growth_year": -175,
            "eps_4q": -0.67,
            "eps_4q_growth_year": -272.75,
            "roe": -0.53,
            "roe_4q": -5.22,
            "gross_profit": 21245,
            "gross_margin": 4.48,
            "gross_margin_4q_avg": 5.08,
            "net_income": -10449,
            "net_income_4q": null,
            "revenue": 474546,
            "revenue_4q": null,
            "common_shares": 1581167,
            "book_valuer_per_share": 12.21,
            "book_valuer_per_share_4q_avg": 11.96,
            "equity": 1930926,
            "current_ratio": 716.88,
            "debt_ratio": 8.16,
            "inventory_turnover_ratio": 2.95,
            "account_receivable_turnover_ratio": null,
            "reinvestment_rate": -336.89,
            "research_to_sale_ratio": null,
            "price_fair": 22.4,
            "eps_avg_yearly": 0.64,
            "eps_latest_yearly": 1.28,
            "eps_growth_yearly": 437.23
        },
        "20054": {
            "year_quarter": 20054,
            "year": 2005,
            "quarter": 4,
            "eps": 0.01,
            "eps_growth_year": null,
            "eps_4q": -0.32,
            "eps_4q_growth_year": null,
            "roe": 0.06,
            "roe_4q": -2.71,
            "gross_profit": 26262,
            "gross_margin": 5.14,
            "gross_margin_4q_avg": 4.71,
            "net_income": 1207,
            "net_income_4q": null,
            "revenue": 510871,
            "revenue_4q": null,
            "common_shares": 1581167,
            "book_valuer_per_share": 12.22,
            "book_valuer_per_share_4q_avg": 12.05,
            "equity": 1931846,
            "current_ratio": 465.81,
            "debt_ratio": 12.96,
            "inventory_turnover_ratio": 2.97,
            "account_receivable_turnover_ratio": null,
            "reinvestment_rate": -409.64,
            "research_to_sale_ratio": null,
            "price_fair": 22.4,
            "eps_avg_yearly": 0.64,
            "eps_latest_yearly": 1.28,
            "eps_growth_yearly": 437.23
        },
        "20061": {
            "year_quarter": 20061,
            "year": 2006,
            "quarter": 1,
            "eps": -0.02,
            "eps_growth_year": -300,
            "eps_4q": -0.38,
            "eps_4q_growth_year": null,
            "roe": -0.16,
            "roe_4q": -2.9499999999999997,
            "gross_profit": 13562,
            "gross_margin": 3.05,
            "gross_margin_4q_avg": 4.34,
            "net_income": -3121,
            "net_income_4q": null,
            "revenue": 445310,
            "revenue_4q": null,
            "common_shares": 1461167,
            "book_valuer_per_share": 12.67,
            "book_valuer_per_share_4q_avg": 12.28,
            "equity": 1851623,
            "current_ratio": 751.92,
            "debt_ratio": 8.21,
            "inventory_turnover_ratio": 2.7,
            "account_receivable_turnover_ratio": null,
            "reinvestment_rate": -2881.93,
            "research_to_sale_ratio": null,
            "price_fair": 19.13,
            "eps_avg_yearly": 0.55,
            "eps_latest_yearly": 1.28,
            "eps_growth_yearly": 354.54
        },
        "20062": {
            "year_quarter": 20062,
            "year": 2006,
            "quarter": 2,
            "eps": 0.04,
            "eps_growth_year": null,
            "eps_4q": -0.03,
            "eps_4q_growth_year": null,
            "roe": 0.36,
            "roe_4q": -0.27,
            "gross_profit": 24368,
            "gross_margin": 5.27,
            "gross_margin_4q_avg": 4.49,
            "net_income": 6652,
            "net_income_4q": null,
            "revenue": 462010,
            "revenue_4q": null,
            "common_shares": 1461167,
            "book_valuer_per_share": 12.76,
            "book_valuer_per_share_4q_avg": 12.47,
            "equity": 1864436,
            "current_ratio": 713.79,
            "debt_ratio": 8.71,
            "inventory_turnover_ratio": 2.73,
            "account_receivable_turnover_ratio": null,
            "reinvestment_rate": -2270.69,
            "research_to_sale_ratio": null,
            "price_fair": 22.12,
            "eps_avg_yearly": 0.63,
            "eps_latest_yearly": 1.28,
            "eps_growth_yearly": 497.45
        },
        "20063": {
            "year_quarter": 20063,
            "year": 2006,
            "quarter": 3,
            "eps": -0.03,
            "eps_growth_year": null,
            "eps_4q": -0,
            "eps_4q_growth_year": null,
            "roe": -0.28,
            "roe_4q": -0.020000000000000046,
            "gross_profit": 16761,
            "gross_margin": 3.7,
            "gross_margin_4q_avg": 4.29,
            "net_income": -5164,
            "net_income_4q": null,
            "revenue": 452651,
            "revenue_4q": null,
            "common_shares": 1490390,
            "book_valuer_per_share": 12.47,
            "book_valuer_per_share_4q_avg": 12.53,
            "equity": 1859122,
            "current_ratio": 658.36,
            "debt_ratio": 9.25,
            "inventory_turnover_ratio": 2.45,
            "account_receivable_turnover_ratio": null,
            "reinvestment_rate": null,
            "research_to_sale_ratio": null,
            "price_fair": 24.85,
            "eps_avg_yearly": 0.71,
            "eps_latest_yearly": 1.28,
            "eps_growth_yearly": 455.15
        },
        "20064": {
            "year_quarter": 20064,
            "year": 2006,
            "quarter": 4,
            "eps": 0.36,
            "eps_growth_year": 3500,
            "eps_4q": 0.35,
            "eps_4q_growth_year": null,
            "roe": 2.84,
            "roe_4q": 2.7599999999999993,
            "gross_profit": 12164,
            "gross_margin": 2.45,
            "gross_margin_4q_avg": 3.62,
            "net_income": 52769,
            "net_income_4q": null,
            "revenue": 496770,
            "revenue_4q": null,
            "common_shares": 1370390,
            "book_valuer_per_share": 13.51,
            "book_valuer_per_share_4q_avg": 12.85,
            "equity": 1851817,
            "current_ratio": 425.22,
            "debt_ratio": 13.94,
            "inventory_turnover_ratio": 2.56,
            "account_receivable_turnover_ratio": null,
            "reinvestment_rate": -1485.81,
            "research_to_sale_ratio": null,
            "price_fair": 25.2,
            "eps_avg_yearly": 0.72,
            "eps_latest_yearly": 1.28,
            "eps_growth_yearly": 456.86
        },
        "20071": {
            "year_quarter": 20071,
            "year": 2007,
            "quarter": 1,
            "eps": 0.2,
            "eps_growth_year": null,
            "eps_4q": 0.6,
            "eps_4q_growth_year": null,
            "roe": 1.45,
            "roe_4q": 4.37,
            "gross_profit": 26298,
            "gross_margin": 4.82,
            "gross_margin_4q_avg": 4.06,
            "net_income": 27171,
            "net_income_4q": null,
            "revenue": 545941,
            "revenue_4q": null,
            "common_shares": 1370390,
            "book_valuer_per_share": 13.76,
            "book_valuer_per_share_4q_avg": 13.13,
            "equity": 1885689,
            "current_ratio": 483.28,
            "debt_ratio": 12.41,
            "inventory_turnover_ratio": 2.59,
            "account_receivable_turnover_ratio": null,
            "reinvestment_rate": -533.17,
            "research_to_sale_ratio": null,
            "price_fair": 32.2,
            "eps_avg_yearly": 0.92,
            "eps_latest_yearly": 0.8,
            "eps_growth_yearly": 491.72
        },
        "20072": {
            "year_quarter": 20072,
            "year": 2007,
            "quarter": 2,
            "eps": 0.21,
            "eps_growth_year": 425,
            "eps_4q": 0.76,
            "eps_4q_growth_year": null,
            "roe": 1.52,
            "roe_4q": 5.529999999999999,
            "gross_profit": 35562,
            "gross_margin": 6.46,
            "gross_margin_4q_avg": 4.36,
            "net_income": 28630,
            "net_income_4q": null,
            "revenue": 550690,
            "revenue_4q": null,
            "common_shares": 1370390,
            "book_valuer_per_share": 13.7,
            "book_valuer_per_share_4q_avg": 13.36,
            "equity": 1877867,
            "current_ratio": 486.08,
            "debt_ratio": 12.38,
            "inventory_turnover_ratio": 2.48,
            "account_receivable_turnover_ratio": null,
            "reinvestment_rate": -208.83,
            "research_to_sale_ratio": null,
            "price_fair": 31.5,
            "eps_avg_yearly": 0.9,
            "eps_latest_yearly": 0.84,
            "eps_growth_yearly": 373.79
        },
        "20073": {
            "year_quarter": 20073,
            "year": 2007,
            "quarter": 3,
            "eps": 0.26,
            "eps_growth_year": null,
            "eps_4q": 1.04,
            "eps_4q_growth_year": null,
            "roe": 1.88,
            "roe_4q": 7.6899999999999995,
            "gross_profit": 20899,
            "gross_margin": 3.9,
            "gross_margin_4q_avg": 4.41,
            "net_income": 35990,
            "net_income_4q": null,
            "revenue": 536359,
            "revenue_4q": null,
            "common_shares": 1370390,
            "book_valuer_per_share": 14.27,
            "book_valuer_per_share_4q_avg": 13.81,
            "equity": 1956075,
            "current_ratio": 564.31,
            "debt_ratio": 11.11,
            "inventory_turnover_ratio": 2.34,
            "account_receivable_turnover_ratio": null,
            "reinvestment_rate": -190.38,
            "research_to_sale_ratio": null,
            "price_fair": 32.48,
            "eps_avg_yearly": 0.93,
            "eps_latest_yearly": 1.04,
            "eps_growth_yearly": 318.08
        },
        "20074": {
            "year_quarter": 20074,
            "year": 2007,
            "quarter": 4,
            "eps": -0.12,
            "eps_growth_year": -133.33,
            "eps_4q": 0.55,
            "eps_4q_growth_year": 57.66,
            "roe": -0.85,
            "roe_4q": 4,
            "gross_profit": 49681,
            "gross_margin": 7.36,
            "gross_margin_4q_avg": 5.64,
            "net_income": -16432,
            "net_income_4q": null,
            "revenue": 674967,
            "revenue_4q": null,
            "common_shares": 1370390,
            "book_valuer_per_share": 13.95,
            "book_valuer_per_share_4q_avg": 13.92,
            "equity": 1912284,
            "current_ratio": 1081.43,
            "debt_ratio": 7.06,
            "inventory_turnover_ratio": 2.93,
            "account_receivable_turnover_ratio": null,
            "reinvestment_rate": -317.52,
            "research_to_sale_ratio": null,
            "price_fair": 34.65,
            "eps_avg_yearly": 0.99,
            "eps_latest_yearly": 1.04,
            "eps_growth_yearly": 72.6
        },
        "20081": {
            "year_quarter": 20081,
            "year": 2008,
            "quarter": 1,
            "eps": 0.16,
            "eps_growth_year": -20,
            "eps_4q": 0.51,
            "eps_4q_growth_year": -14.82,
            "roe": 1.14,
            "roe_4q": 3.69,
            "gross_profit": 49530,
            "gross_margin": 8.09,
            "gross_margin_4q_avg": 6.45,
            "net_income": 21995,
            "net_income_4q": null,
            "revenue": 612011,
            "revenue_4q": null,
            "common_shares": 1370390,
            "book_valuer_per_share": 14.18,
            "book_valuer_per_share_4q_avg": 14.03,
            "equity": 1942655,
            "current_ratio": 1293.96,
            "debt_ratio": 6.35,
            "inventory_turnover_ratio": 3.07,
            "account_receivable_turnover_ratio": null,
            "reinvestment_rate": -801.75,
            "research_to_sale_ratio": null,
            "price_fair": 2.68,
            "eps_avg_yearly": 0.89,
            "eps_latest_yearly": 1.04,
            "eps_growth_yearly": -20.85
        },
        "20082": {
            "year_quarter": 20082,
            "year": 2008,
            "quarter": 2,
            "eps": -0.08,
            "eps_growth_year": -138.1,
            "eps_4q": 0.22,
            "eps_4q_growth_year": -71.18,
            "roe": -0.61,
            "roe_4q": 1.5599999999999998,
            "gross_profit": 47390,
            "gross_margin": 8.55,
            "gross_margin_4q_avg": 6.98,
            "net_income": -11592,
            "net_income_4q": null,
            "revenue": 554068,
            "revenue_4q": null,
            "common_shares": 1370390,
            "book_valuer_per_share": 13.46,
            "book_valuer_per_share_4q_avg": 13.97,
            "equity": 1844087,
            "current_ratio": 727.62,
            "debt_ratio": 9.43,
            "inventory_turnover_ratio": 2.99,
            "account_receivable_turnover_ratio": null,
            "reinvestment_rate": -280.05,
            "research_to_sale_ratio": null,
            "price_fair": 2.68,
            "eps_avg_yearly": 0.89,
            "eps_latest_yearly": 1.04,
            "eps_growth_yearly": -20.85
        },
        "20083": {
            "year_quarter": 20083,
            "year": 2008,
            "quarter": 3,
            "eps": -0.22,
            "eps_growth_year": -184.62,
            "eps_4q": -0.27,
            "eps_4q_growth_year": -125.52,
            "roe": -1.7,
            "roe_4q": -2.02,
            "gross_profit": 23403,
            "gross_margin": 5.5,
            "gross_margin_4q_avg": 7.38,
            "net_income": -30499,
            "net_income_4q": null,
            "revenue": 425293,
            "revenue_4q": null,
            "common_shares": 1370390,
            "book_valuer_per_share": 12.75,
            "book_valuer_per_share_4q_avg": 13.59,
            "equity": 1747809,
            "current_ratio": 603.51,
            "debt_ratio": 10.94,
            "inventory_turnover_ratio": 2.29,
            "account_receivable_turnover_ratio": null,
            "reinvestment_rate": -16462.53,
            "research_to_sale_ratio": null,
            "price_fair": 2.68,
            "eps_avg_yearly": 0.89,
            "eps_latest_yearly": 1.04,
            "eps_growth_yearly": -20.85
        },
        "20084": {
            "year_quarter": 20084,
            "year": 2008,
            "quarter": 4,
            "eps": -0.27,
            "eps_growth_year": null,
            "eps_4q": -0.42,
            "eps_4q_growth_year": -176.36,
            "roe": -2.21,
            "roe_4q": -3.380000000000001,
            "gross_profit": -22114,
            "gross_margin": -7.59,
            "gross_margin_4q_avg": 3.64,
            "net_income": -37149,
            "net_income_4q": null,
            "revenue": 291425,
            "revenue_4q": null,
            "common_shares": 1370390,
            "book_valuer_per_share": 11.82,
            "book_valuer_per_share_4q_avg": 13.05,
            "equity": 1619903,
            "current_ratio": 1048.02,
            "debt_ratio": 7.22,
            "inventory_turnover_ratio": 1.88,
            "account_receivable_turnover_ratio": 4.29,
            "reinvestment_rate": -1039.13,
            "research_to_sale_ratio": null,
            "price_fair": 2.68,
            "eps_avg_yearly": 0.89,
            "eps_latest_yearly": 1.04,
            "eps_growth_yearly": -20.85
        },
        "20091": {
            "year_quarter": 20091,
            "year": 2009,
            "quarter": 1,
            "eps": 0.04,
            "eps_growth_year": -75,
            "eps_4q": -0.62,
            "eps_4q_growth_year": -222.26,
            "roe": 0.29,
            "roe_4q": -4.23,
            "gross_profit": 19531,
            "gross_margin": 6.11,
            "gross_margin_4q_avg": 3.14,
            "net_income": 4772,
            "net_income_4q": null,
            "revenue": 319646,
            "revenue_4q": null,
            "common_shares": 1250390,
            "book_valuer_per_share": 13.15,
            "book_valuer_per_share_4q_avg": 12.8,
            "equity": 1644325,
            "current_ratio": 1279.01,
            "debt_ratio": 6.46,
            "inventory_turnover_ratio": 1.92,
            "account_receivable_turnover_ratio": 2.26,
            "reinvestment_rate": -846.9,
            "research_to_sale_ratio": null,
            "price_fair": 2.68,
            "eps_avg_yearly": 0.89,
            "eps_latest_yearly": 1.04,
            "eps_growth_yearly": -20.85
        },
        "20092": {
            "year_quarter": 20092,
            "year": 2009,
            "quarter": 2,
            "eps": 0.18,
            "eps_growth_year": null,
            "eps_4q": -0.32,
            "eps_4q_growth_year": -246.05,
            "roe": 1.35,
            "roe_4q": -2.2699999999999996,
            "gross_profit": 25953,
            "gross_margin": 7.27,
            "gross_margin_4q_avg": 2.82,
            "net_income": 22667,
            "net_income_4q": null,
            "revenue": 357080,
            "revenue_4q": null,
            "common_shares": 1250390,
            "book_valuer_per_share": 13.61,
            "book_valuer_per_share_4q_avg": 12.83,
            "equity": 1701970,
            "current_ratio": 1009.92,
            "debt_ratio": 7.62,
            "inventory_turnover_ratio": 2.05,
            "account_receivable_turnover_ratio": 2.36,
            "reinvestment_rate": -161.96,
            "research_to_sale_ratio": null,
            "price_fair": 29.75,
            "eps_avg_yearly": 0.85,
            "eps_latest_yearly": 0.72,
            "eps_growth_yearly": 334.37
        },
        "20093": {
            "year_quarter": 20093,
            "year": 2009,
            "quarter": 3,
            "eps": 0.2,
            "eps_growth_year": null,
            "eps_4q": 0.12,
            "eps_4q_growth_year": null,
            "roe": 1.46,
            "roe_4q": 0.8900000000000001,
            "gross_profit": 21230,
            "gross_margin": 5.77,
            "gross_margin_4q_avg": 2.89,
            "net_income": 25217,
            "net_income_4q": null,
            "revenue": 368055,
            "revenue_4q": null,
            "common_shares": 1275398,
            "book_valuer_per_share": 13.71,
            "book_valuer_per_share_4q_avg": 13.07,
            "equity": 1749052,
            "current_ratio": 916.63,
            "debt_ratio": 8.21,
            "inventory_turnover_ratio": 2.18,
            "account_receivable_turnover_ratio": 2.33,
            "reinvestment_rate": -102.36,
            "research_to_sale_ratio": null,
            "price_fair": 29.4,
            "eps_avg_yearly": 0.84,
            "eps_latest_yearly": 0.8,
            "eps_growth_yearly": 276.38
        },
        "20094": {
            "year_quarter": 20094,
            "year": 2009,
            "quarter": 4,
            "eps": 0.31,
            "eps_growth_year": null,
            "eps_4q": 0.73,
            "eps_4q_growth_year": null,
            "roe": 2.24,
            "roe_4q": 5.340000000000001,
            "gross_profit": 32420,
            "gross_margin": 7.14,
            "gross_margin_4q_avg": 6.57,
            "net_income": 39885,
            "net_income_4q": null,
            "revenue": 454134,
            "revenue_4q": null,
            "common_shares": 1275398,
            "book_valuer_per_share": 14.23,
            "book_valuer_per_share_4q_avg": 13.68,
            "equity": 1815274,
            "current_ratio": 1134.02,
            "debt_ratio": 7.11,
            "inventory_turnover_ratio": 2.68,
            "account_receivable_turnover_ratio": 4.35,
            "reinvestment_rate": 179.64,
            "research_to_sale_ratio": null,
            "price_fair": 31.73,
            "eps_avg_yearly": 0.91,
            "eps_latest_yearly": 1.24,
            "eps_growth_yearly": 266.98
        },
        "20101": {
            "year_quarter": 20101,
            "year": 2010,
            "quarter": 1,
            "eps": 0.25,
            "eps_growth_year": 525,
            "eps_4q": 0.94,
            "eps_4q_growth_year": null,
            "roe": 1.77,
            "roe_4q": 6.82,
            "gross_profit": 52771,
            "gross_margin": 10.97,
            "gross_margin_4q_avg": 7.79,
            "net_income": 32316,
            "net_income_4q": null,
            "revenue": 481257,
            "revenue_4q": null,
            "common_shares": 1275398,
            "book_valuer_per_share": 14.46,
            "book_valuer_per_share_4q_avg": 14,
            "equity": 1843796,
            "current_ratio": 969.55,
            "debt_ratio": 8,
            "inventory_turnover_ratio": 2.59,
            "account_receivable_turnover_ratio": 2.28,
            "reinvestment_rate": 151.81,
            "research_to_sale_ratio": 0.28,
            "price_fair": 32.2,
            "eps_avg_yearly": 0.92,
            "eps_latest_yearly": 1,
            "eps_growth_yearly": 217.78
        },
        "20102": {
            "year_quarter": 20102,
            "year": 2010,
            "quarter": 2,
            "eps": 0.48,
            "eps_growth_year": 168.16,
            "eps_4q": 1.25,
            "eps_4q_growth_year": null,
            "roe": 3.34,
            "roe_4q": 8.809999999999999,
            "gross_profit": 51283,
            "gross_margin": 9.78,
            "gross_margin_4q_avg": 8.42,
            "net_income": 61561,
            "net_income_4q": null,
            "revenue": 524489,
            "revenue_4q": null,
            "common_shares": 1275398,
            "book_valuer_per_share": 14.47,
            "book_valuer_per_share_4q_avg": 14.22,
            "equity": 1845009,
            "current_ratio": 622.56,
            "debt_ratio": 11.32,
            "inventory_turnover_ratio": 2.63,
            "account_receivable_turnover_ratio": 2.57,
            "reinvestment_rate": 124.61,
            "research_to_sale_ratio": 0.27,
            "price_fair": 36.58,
            "eps_avg_yearly": 1.05,
            "eps_latest_yearly": 1.92,
            "eps_growth_yearly": 236.56
        },
        "20103": {
            "year_quarter": 20103,
            "year": 2010,
            "quarter": 3,
            "eps": 0.62,
            "eps_growth_year": 210.77,
            "eps_4q": 1.67,
            "eps_4q_growth_year": 1258.12,
            "roe": 4.16,
            "roe_4q": 11.51,
            "gross_profit": 51200,
            "gross_margin": 9.79,
            "gross_margin_4q_avg": 9.42,
            "net_income": 79271,
            "net_income_4q": null,
            "revenue": 522895,
            "revenue_4q": null,
            "common_shares": 1275398,
            "book_valuer_per_share": 15.43,
            "book_valuer_per_share_4q_avg": 14.65,
            "equity": 1968452,
            "current_ratio": 1061.92,
            "debt_ratio": 7.65,
            "inventory_turnover_ratio": 2.47,
            "account_receivable_turnover_ratio": 2.64,
            "reinvestment_rate": 98.58,
            "research_to_sale_ratio": 0.26,
            "price_fair": 42.16,
            "eps_avg_yearly": 1.2,
            "eps_latest_yearly": 2.48,
            "eps_growth_yearly": 223.24
        },
        "20104": {
            "year_quarter": 20104,
            "year": 2010,
            "quarter": 4,
            "eps": 0.48,
            "eps_growth_year": 53.84,
            "eps_4q": 1.83,
            "eps_4q_growth_year": 152.83,
            "roe": 3,
            "roe_4q": 12.27,
            "gross_profit": 86580,
            "gross_margin": 13.88,
            "gross_margin_4q_avg": 11.11,
            "net_income": 60823,
            "net_income_4q": null,
            "revenue": 623988,
            "revenue_4q": null,
            "common_shares": 1275398,
            "book_valuer_per_share": 16.37,
            "book_valuer_per_share_4q_avg": 15.18,
            "equity": 2088267,
            "current_ratio": 836.22,
            "debt_ratio": 9.14,
            "inventory_turnover_ratio": 2.68,
            "account_receivable_turnover_ratio": 2.84,
            "reinvestment_rate": 110.31,
            "research_to_sale_ratio": 0.25,
            "price_fair": 44.66,
            "eps_avg_yearly": 1.28,
            "eps_latest_yearly": 1.92,
            "eps_growth_yearly": 191.88
        },
        "20111": {
            "year_quarter": 20111,
            "year": 2011,
            "quarter": 1,
            "eps": 0.6,
            "eps_growth_year": 140,
            "eps_4q": 2.19,
            "eps_4q_growth_year": 132.18,
            "roe": 3.66,
            "roe_4q": 14.16,
            "gross_profit": 101217,
            "gross_margin": 15.68,
            "gross_margin_4q_avg": 12.28,
            "net_income": 77153,
            "net_income_4q": null,
            "revenue": 645450,
            "revenue_4q": null,
            "common_shares": 1275398,
            "book_valuer_per_share": 16.65,
            "book_valuer_per_share_4q_avg": 15.73,
            "equity": 2123852,
            "current_ratio": 868.12,
            "debt_ratio": 9.01,
            "inventory_turnover_ratio": 2.34,
            "account_receivable_turnover_ratio": 2.71,
            "reinvestment_rate": 92.82,
            "research_to_sale_ratio": 0.23,
            "price_fair": 50.26,
            "eps_avg_yearly": 1.44,
            "eps_latest_yearly": 2.4,
            "eps_growth_yearly": 219.66
        },
        "20112": {
            "year_quarter": 20112,
            "year": 2011,
            "quarter": 2,
            "eps": 0.07,
            "eps_growth_year": -84.48,
            "eps_4q": 1.71,
            "eps_4q_growth_year": 37.4,
            "roe": 0.48,
            "roe_4q": 11.3,
            "gross_profit": 40260,
            "gross_margin": 7.39,
            "gross_margin_4q_avg": 11.69,
            "net_income": 9934,
            "net_income_4q": null,
            "revenue": 544962,
            "revenue_4q": null,
            "common_shares": 1275398,
            "book_valuer_per_share": 15.82,
            "book_valuer_per_share_4q_avg": 16.07,
            "equity": 2018252,
            "current_ratio": 507.46,
            "debt_ratio": 13.9,
            "inventory_turnover_ratio": 1.95,
            "account_receivable_turnover_ratio": 2.26,
            "reinvestment_rate": 98.84,
            "research_to_sale_ratio": 0.21,
            "price_fair": 48.3,
            "eps_avg_yearly": 1.38,
            "eps_latest_yearly": 0.28,
            "eps_growth_yearly": 182.33
        },
        "20113": {
            "year_quarter": 20113,
            "year": 2011,
            "quarter": 3,
            "eps": 0.04,
            "eps_growth_year": -93.11,
            "eps_4q": 1.16,
            "eps_4q_growth_year": -30.68,
            "roe": 0.28,
            "roe_4q": 7.42,
            "gross_profit": 27490,
            "gross_margin": 4.86,
            "gross_margin_4q_avg": 10.45,
            "net_income": 5681,
            "net_income_4q": null,
            "revenue": 565459,
            "revenue_4q": null,
            "common_shares": 1326414,
            "book_valuer_per_share": 15.14,
            "book_valuer_per_share_4q_avg": 16,
            "equity": 2008503,
            "current_ratio": 825.11,
            "debt_ratio": 9.02,
            "inventory_turnover_ratio": 2.18,
            "account_receivable_turnover_ratio": 2.14,
            "reinvestment_rate": 114.54,
            "research_to_sale_ratio": 0.2,
            "price_fair": 45.22,
            "eps_avg_yearly": 1.29,
            "eps_latest_yearly": 0.16,
            "eps_growth_yearly": 155.66
        },
        "20114": {
            "year_quarter": 20114,
            "year": 2011,
            "quarter": 4,
            "eps": -0.03,
            "eps_growth_year": -106.31,
            "eps_4q": 0.67,
            "eps_4q_growth_year": -63.52,
            "roe": -0.2,
            "roe_4q": 4.220000000000001,
            "gross_profit": 18582,
            "gross_margin": 3.5,
            "gross_margin_4q_avg": 7.86,
            "net_income": -3993,
            "net_income_4q": null,
            "revenue": 530484,
            "revenue_4q": null,
            "common_shares": 1326414,
            "book_valuer_per_share": 15.04,
            "book_valuer_per_share_4q_avg": 15.66,
            "equity": 1995034,
            "current_ratio": 590.84,
            "debt_ratio": 12.58,
            "inventory_turnover_ratio": 2.35,
            "account_receivable_turnover_ratio": 1.96,
            "reinvestment_rate": 85.87,
            "research_to_sale_ratio": 0.2,
            "price_fair": 45.22,
            "eps_avg_yearly": 1.29,
            "eps_latest_yearly": 0.16,
            "eps_growth_yearly": 155.66
        },
        "20121": {
            "year_quarter": 20121,
            "year": 2012,
            "quarter": 1,
            "eps": 0.25,
            "eps_growth_year": -58.33,
            "eps_4q": 0.33,
            "eps_4q_growth_year": -84.7,
            "roe": 1.62,
            "roe_4q": 2.18,
            "gross_profit": 42895,
            "gross_margin": 8.1,
            "gross_margin_4q_avg": 5.96,
            "net_income": 32751,
            "net_income_4q": null,
            "revenue": 529767,
            "revenue_4q": null,
            "common_shares": 1326414,
            "book_valuer_per_share": 15.37,
            "book_valuer_per_share_4q_avg": 15.34,
            "equity": 2038181,
            "current_ratio": 793.07,
            "debt_ratio": 9.87,
            "inventory_turnover_ratio": 2.3,
            "account_receivable_turnover_ratio": 1.91,
            "reinvestment_rate": 86.69,
            "research_to_sale_ratio": 0.27,
            "price_fair": 45.22,
            "eps_avg_yearly": 1.29,
            "eps_latest_yearly": 0.16,
            "eps_growth_yearly": 155.66
        },
        "20122": {
            "year_quarter": 20122,
            "year": 2012,
            "quarter": 2,
            "eps": 0.06,
            "eps_growth_year": -22.06,
            "eps_4q": 0.32,
            "eps_4q_growth_year": -81.43,
            "roe": 0.39,
            "roe_4q": 2.0900000000000003,
            "gross_profit": 35506,
            "gross_margin": 6.72,
            "gross_margin_4q_avg": 5.8,
            "net_income": 7743,
            "net_income_4q": null,
            "revenue": 528435,
            "revenue_4q": null,
            "common_shares": 1326414,
            "book_valuer_per_share": 14.87,
            "book_valuer_per_share_4q_avg": 15.11,
            "equity": 1971829,
            "current_ratio": 602.75,
            "debt_ratio": 12.36,
            "inventory_turnover_ratio": 2.21,
            "account_receivable_turnover_ratio": 1.9,
            "reinvestment_rate": 72.57,
            "research_to_sale_ratio": 0.24,
            "price_fair": 41.87,
            "eps_avg_yearly": 1.2,
            "eps_latest_yearly": 0.24,
            "eps_growth_yearly": 113.87
        },
        "20123": {
            "year_quarter": 20123,
            "year": 2012,
            "quarter": 3,
            "eps": 0.35,
            "eps_growth_year": 728.69,
            "eps_4q": 0.63,
            "eps_4q_growth_year": -45.58,
            "roe": 2.36,
            "roe_4q": 4.17,
            "gross_profit": 32849,
            "gross_margin": 5.89,
            "gross_margin_4q_avg": 6.05,
            "net_income": 47078,
            "net_income_4q": null,
            "revenue": 557961,
            "revenue_4q": null,
            "common_shares": 1326414,
            "book_valuer_per_share": 15.25,
            "book_valuer_per_share_4q_avg": 15.13,
            "equity": 2023401,
            "current_ratio": 808.87,
            "debt_ratio": 9.87,
            "inventory_turnover_ratio": 2.46,
            "account_receivable_turnover_ratio": 1.99,
            "reinvestment_rate": 59.47,
            "research_to_sale_ratio": 0.24,
            "price_fair": 42.47,
            "eps_avg_yearly": 1.21,
            "eps_latest_yearly": 1.4,
            "eps_growth_yearly": 265.5
        },
        "20124": {
            "year_quarter": 20124,
            "year": 2012,
            "quarter": 4,
            "eps": 0,
            "eps_growth_year": null,
            "eps_4q": 0.66,
            "eps_4q_growth_year": -1.15,
            "roe": 0.01,
            "roe_4q": 4.38,
            "gross_profit": 42555,
            "gross_margin": 7.7,
            "gross_margin_4q_avg": 7.1,
            "net_income": 183,
            "net_income_4q": null,
            "revenue": 552519,
            "revenue_4q": null,
            "common_shares": 1326414,
            "book_valuer_per_share": 15.3,
            "book_valuer_per_share_4q_avg": 15.2,
            "equity": 2030045,
            "current_ratio": 850.03,
            "debt_ratio": 9.48,
            "inventory_turnover_ratio": 2.41,
            "account_receivable_turnover_ratio": 1.77,
            "reinvestment_rate": 58.76,
            "research_to_sale_ratio": 0.19,
            "price_fair": 42.47,
            "eps_avg_yearly": 1.21,
            "eps_latest_yearly": 1.4,
            "eps_growth_yearly": 265.5
        },
        "20131": {
            "year_quarter": 20131,
            "year": 2013,
            "quarter": 1,
            "eps": 0.22,
            "eps_growth_year": -12,
            "eps_4q": 0.64,
            "eps_4q_growth_year": 90.03,
            "roe": 1.44,
            "roe_4q": 4.199999999999999,
            "gross_profit": 49299,
            "gross_margin": 9.07,
            "gross_margin_4q_avg": 7.35,
            "net_income": 29317,
            "net_income_4q": null,
            "revenue": 543440,
            "revenue_4q": null,
            "common_shares": 1326414,
            "book_valuer_per_share": 15.29,
            "book_valuer_per_share_4q_avg": 15.18,
            "equity": 2028366,
            "current_ratio": 893.89,
            "debt_ratio": 10.12,
            "inventory_turnover_ratio": 2.11,
            "account_receivable_turnover_ratio": 1.7,
            "reinvestment_rate": 57.37,
            "research_to_sale_ratio": 0.21,
            "price_fair": 42.47,
            "eps_avg_yearly": 1.21,
            "eps_latest_yearly": 1.4,
            "eps_growth_yearly": 265.5
        },
        "20132": {
            "year_quarter": 20132,
            "year": 2013,
            "quarter": 2,
            "eps": 0.15,
            "eps_growth_year": 156.96,
            "eps_4q": 0.73,
            "eps_4q_growth_year": 129.61,
            "roe": 1.01,
            "roe_4q": 4.82,
            "gross_profit": 34427,
            "gross_margin": 6.32,
            "gross_margin_4q_avg": 7.25,
            "net_income": 20278,
            "net_income_4q": null,
            "revenue": 544605,
            "revenue_4q": null,
            "common_shares": 1326414,
            "book_valuer_per_share": 14.98,
            "book_valuer_per_share_4q_avg": 15.21,
            "equity": 1987604,
            "current_ratio": 524.04,
            "debt_ratio": 15.09,
            "inventory_turnover_ratio": 2.16,
            "account_receivable_turnover_ratio": 1.81,
            "reinvestment_rate": 57.35,
            "research_to_sale_ratio": 0.2,
            "price_fair": 42.12,
            "eps_avg_yearly": 1.2,
            "eps_latest_yearly": 0.6,
            "eps_growth_yearly": 138.22
        },
        "20133": {
            "year_quarter": 20133,
            "year": 2013,
            "quarter": 3,
            "eps": 0.23,
            "eps_growth_year": -35.2,
            "eps_4q": 0.6,
            "eps_4q_growth_year": -4.5,
            "roe": 1.5,
            "roe_4q": 3.9599999999999995,
            "gross_profit": 43566,
            "gross_margin": 8.59,
            "gross_margin_4q_avg": 7.92,
            "net_income": 30037,
            "net_income_4q": null,
            "revenue": 507327,
            "revenue_4q": null,
            "common_shares": 1326414,
            "book_valuer_per_share": 15.24,
            "book_valuer_per_share_4q_avg": 15.2,
            "equity": 2021078,
            "current_ratio": 679.54,
            "debt_ratio": 12.33,
            "inventory_turnover_ratio": 2.03,
            "account_receivable_turnover_ratio": 1.86,
            "reinvestment_rate": 58.1,
            "research_to_sale_ratio": 0.26,
            "price_fair": 42.47,
            "eps_avg_yearly": 1.21,
            "eps_latest_yearly": 0.92,
            "eps_growth_yearly": 152.3
        },
        "20134": {
            "year_quarter": 20134,
            "year": 2013,
            "quarter": 4,
            "eps": 0.43,
            "eps_growth_year": 31217.97,
            "eps_4q": 1.03,
            "eps_4q_growth_year": 56.07,
            "roe": 2.78,
            "roe_4q": 6.729999999999999,
            "gross_profit": 51500,
            "gross_margin": 9.23,
            "gross_margin_4q_avg": 8.3,
            "net_income": 57326,
            "net_income_4q": null,
            "revenue": 558144,
            "revenue_4q": null,
            "common_shares": 1326414,
            "book_valuer_per_share": 15.83,
            "book_valuer_per_share_4q_avg": 15.34,
            "equity": 2099941,
            "current_ratio": 875.16,
            "debt_ratio": 10.02,
            "inventory_turnover_ratio": 2.17,
            "account_receivable_turnover_ratio": 2.17,
            "reinvestment_rate": -16.28,
            "research_to_sale_ratio": 0.25,
            "price_fair": 43.87,
            "eps_avg_yearly": 1.25,
            "eps_latest_yearly": 1.72,
            "eps_growth_yearly": 162.95
        },
        "20141": {
            "year_quarter": 20141,
            "year": 2014,
            "quarter": 1,
            "eps": 0.29,
            "eps_growth_year": 31.82,
            "eps_4q": 1.11,
            "eps_4q_growth_year": 73.83,
            "roe": 1.84,
            "roe_4q": 7.13,
            "gross_profit": 54283,
            "gross_margin": 10.34,
            "gross_margin_4q_avg": 8.62,
            "net_income": 38935,
            "net_income_4q": null,
            "revenue": 525035,
            "revenue_4q": null,
            "common_shares": 1326414,
            "book_valuer_per_share": 16.16,
            "book_valuer_per_share_4q_avg": 15.55,
            "equity": 2143319,
            "current_ratio": 550.32,
            "debt_ratio": 13.85,
            "inventory_turnover_ratio": 2.11,
            "account_receivable_turnover_ratio": 2.05,
            "reinvestment_rate": -7.61,
            "research_to_sale_ratio": 0.25,
            "price_fair": 44.33,
            "eps_avg_yearly": 1.27,
            "eps_latest_yearly": 1.16,
            "eps_growth_yearly": 158.55
        },
        "20142": {
            "year_quarter": 20142,
            "year": 2014,
            "quarter": 2,
            "eps": 0.3,
            "eps_growth_year": 100,
            "eps_4q": 1.25,
            "eps_4q_growth_year": 71.19,
            "roe": 1.88,
            "roe_4q": 8,
            "gross_profit": 59161,
            "gross_margin": 12.1,
            "gross_margin_4q_avg": 10.07,
            "net_income": 39509,
            "net_income_4q": null,
            "revenue": 489132,
            "revenue_4q": null,
            "common_shares": 1326414,
            "book_valuer_per_share": 15.6,
            "book_valuer_per_share_4q_avg": 15.71,
            "equity": 2068871,
            "current_ratio": 434.95,
            "debt_ratio": 16.86,
            "inventory_turnover_ratio": 1.83,
            "account_receivable_turnover_ratio": 2.05,
            "reinvestment_rate": 9.61,
            "research_to_sale_ratio": 0.27,
            "price_fair": 42.23,
            "eps_avg_yearly": 1.21,
            "eps_latest_yearly": 1.2,
            "eps_growth_yearly": 129.03
        },
        "20143": {
            "year_quarter": 20143,
            "year": 2014,
            "quarter": 3,
            "eps": 0.36,
            "eps_growth_year": 56.52,
            "eps_4q": 1.39,
            "eps_4q_growth_year": 130.3,
            "roe": 2.3,
            "roe_4q": 8.799999999999999,
            "gross_profit": 56032,
            "gross_margin": 10.65,
            "gross_margin_4q_avg": 10.58,
            "net_income": 48041,
            "net_income_4q": null,
            "revenue": 526001,
            "revenue_4q": null,
            "common_shares": 1326414,
            "book_valuer_per_share": 15.96,
            "book_valuer_per_share_4q_avg": 15.89,
            "equity": 2116525,
            "current_ratio": 603,
            "debt_ratio": 12.82,
            "inventory_turnover_ratio": 1.81,
            "account_receivable_turnover_ratio": 2.27,
            "reinvestment_rate": 9.32,
            "research_to_sale_ratio": 0.27,
            "price_fair": 39.2,
            "eps_avg_yearly": 1.12,
            "eps_latest_yearly": 1.44,
            "eps_growth_yearly": 125.97
        },
        "20144": {
            "year_quarter": 20144,
            "year": 2014,
            "quarter": 4,
            "eps": 0.36,
            "eps_growth_year": -17.58,
            "eps_4q": 1.31,
            "eps_4q_growth_year": 26.85,
            "roe": 2.2,
            "roe_4q": 8.22,
            "gross_profit": 72414,
            "gross_margin": 12.49,
            "gross_margin_4q_avg": 11.4,
            "net_income": 47246,
            "net_income_4q": null,
            "revenue": 579743,
            "revenue_4q": null,
            "common_shares": 1326414,
            "book_valuer_per_share": 16.48,
            "book_valuer_per_share_4q_avg": 16.05,
            "equity": 2186125,
            "current_ratio": 987.17,
            "debt_ratio": 8.55,
            "inventory_turnover_ratio": 2.1,
            "account_receivable_turnover_ratio": 2.23,
            "reinvestment_rate": 2.77,
            "research_to_sale_ratio": 0.23,
            "price_fair": 37.8,
            "eps_avg_yearly": 1.08,
            "eps_latest_yearly": 1.44,
            "eps_growth_yearly": 133.5
        },
        "20151": {
            "year_quarter": 20151,
            "year": 2015,
            "quarter": 1,
            "eps": 0.66,
            "eps_growth_year": 127.59,
            "eps_4q": 1.68,
            "eps_4q_growth_year": 51.74,
            "roe": 3.89,
            "roe_4q": 10.27,
            "gross_profit": 109401,
            "gross_margin": 18.98,
            "gross_margin_4q_avg": 13.56,
            "net_income": 87614,
            "net_income_4q": null,
            "revenue": 576453,
            "revenue_4q": null,
            "common_shares": 1326414,
            "book_valuer_per_share": 17.51,
            "book_valuer_per_share_4q_avg": 16.39,
            "equity": 2322837,
            "current_ratio": 1065.02,
            "debt_ratio": 8.04,
            "inventory_turnover_ratio": 2.23,
            "account_receivable_turnover_ratio": 2.01,
            "reinvestment_rate": 15.83,
            "research_to_sale_ratio": 0.29,
            "price_fair": 38.5,
            "eps_avg_yearly": 1.1,
            "eps_latest_yearly": 2.64,
            "eps_growth_yearly": 152.95
        },
        "20152": {
            "year_quarter": 20152,
            "year": 2015,
            "quarter": 2,
            "eps": 1.18,
            "eps_growth_year": 293.33,
            "eps_4q": 2.56,
            "eps_4q_growth_year": 104.54,
            "roe": 6.66,
            "roe_4q": 15.05,
            "gross_profit": 93559,
            "gross_margin": 19.1,
            "gross_margin_4q_avg": 15.31,
            "net_income": 156235,
            "net_income_4q": null,
            "revenue": 489749,
            "revenue_4q": null,
            "common_shares": 1326414,
            "book_valuer_per_share": 17.86,
            "book_valuer_per_share_4q_avg": 16.95,
            "equity": 2369275,
            "current_ratio": 576.74,
            "debt_ratio": 12.83,
            "inventory_turnover_ratio": 1.78,
            "account_receivable_turnover_ratio": 1.82,
            "reinvestment_rate": 17.68,
            "research_to_sale_ratio": 0.55,
            "price_fair": 51.45,
            "eps_avg_yearly": 1.47,
            "eps_latest_yearly": 4.72,
            "eps_growth_yearly": 208.65
        },
        "20153": {
            "year_quarter": 20153,
            "year": 2015,
            "quarter": 3,
            "eps": 0.69,
            "eps_growth_year": 91.67,
            "eps_4q": 2.88,
            "eps_4q_growth_year": 107.8,
            "roe": 3.79,
            "roe_4q": 16.54,
            "gross_profit": 66972,
            "gross_margin": 14.67,
            "gross_margin_4q_avg": 16.31,
            "net_income": 90871,
            "net_income_4q": null,
            "revenue": 456387,
            "revenue_4q": null,
            "common_shares": 1326414,
            "book_valuer_per_share": 18.29,
            "book_valuer_per_share_4q_avg": 17.54,
            "equity": 2426264,
            "current_ratio": 793.13,
            "debt_ratio": 9.97,
            "inventory_turnover_ratio": 1.51,
            "account_receivable_turnover_ratio": 1.78,
            "reinvestment_rate": 10.46,
            "research_to_sale_ratio": 0.59,
            "price_fair": 59.03,
            "eps_avg_yearly": 1.69,
            "eps_latest_yearly": 2.76,
            "eps_growth_yearly": 209.1
        },
        "20154": {
            "year_quarter": 20154,
            "year": 2015,
            "quarter": 4,
            "eps": 0.27,
            "eps_growth_year": -23.67,
            "eps_4q": 2.8,
            "eps_4q_growth_year": 113.42,
            "roe": 1.48,
            "roe_4q": 15.82,
            "gross_profit": 65330,
            "gross_margin": 14.23,
            "gross_margin_4q_avg": 16.75,
            "net_income": 36061,
            "net_income_4q": null,
            "revenue": 459055,
            "revenue_4q": null,
            "common_shares": 1326414,
            "book_valuer_per_share": 18.51,
            "book_valuer_per_share_4q_avg": 18.04,
            "equity": 2455825,
            "current_ratio": 803,
            "debt_ratio": 9.34,
            "inventory_turnover_ratio": 1.49,
            "account_receivable_turnover_ratio": 1.75,
            "reinvestment_rate": 35.4,
            "research_to_sale_ratio": 0.54,
            "price_fair": 57.4,
            "eps_avg_yearly": 1.64,
            "eps_latest_yearly": 1.08,
            "eps_growth_yearly": 174.28
        },
        "20161": {
            "year_quarter": 20161,
            "year": 2016,
            "quarter": 1,
            "eps": 0.29,
            "eps_growth_year": -56.06,
            "eps_4q": 2.42,
            "eps_4q_growth_year": 44.6,
            "roe": 1.55,
            "roe_4q": 13.48,
            "gross_profit": 81294,
            "gross_margin": 16.27,
            "gross_margin_4q_avg": 16.07,
            "net_income": 38445,
            "net_income_4q": null,
            "revenue": 499511,
            "revenue_4q": null,
            "common_shares": 1326414,
            "book_valuer_per_share": 18.82,
            "book_valuer_per_share_4q_avg": 18.37,
            "equity": 2495826,
            "current_ratio": 853.31,
            "debt_ratio": 8.92,
            "inventory_turnover_ratio": 1.66,
            "account_receivable_turnover_ratio": 1.99,
            "reinvestment_rate": 34.52,
            "research_to_sale_ratio": 0.39,
            "price_fair": 56.2,
            "eps_avg_yearly": 1.61,
            "eps_latest_yearly": 1.16,
            "eps_growth_yearly": 163.95
        },
        "20162": {
            "year_quarter": 20162,
            "year": 2016,
            "quarter": 2,
            "eps": 0.3,
            "eps_growth_year": -74.58,
            "eps_4q": 1.55,
            "eps_4q_growth_year": -39.43,
            "roe": 1.67,
            "roe_4q": 8.489999999999998,
            "gross_profit": 72539,
            "gross_margin": 15.53,
            "gross_margin_4q_avg": 15.18,
            "net_income": 40032,
            "net_income_4q": null,
            "revenue": 467178,
            "revenue_4q": null,
            "common_shares": 1326414,
            "book_valuer_per_share": 17.32,
            "book_valuer_per_share_4q_avg": 18.24,
            "equity": 2297444,
            "current_ratio": 406.52,
            "debt_ratio": 16.6,
            "inventory_turnover_ratio": 1.53,
            "account_receivable_turnover_ratio": 1.9,
            "reinvestment_rate": 33.47,
            "research_to_sale_ratio": 0.32,
            "price_fair": 58.6,
            "eps_avg_yearly": 1.67,
            "eps_latest_yearly": 1.2,
            "eps_growth_yearly": 186.65
        },
        "20163": {
            "year_quarter": 20163,
            "year": 2016,
            "quarter": 3,
            "eps": 0.48,
            "eps_growth_year": -30.43,
            "eps_4q": 1.34,
            "eps_4q_growth_year": -53.51,
            "roe": 2.71,
            "roe_4q": 7.41,
            "gross_profit": 76656,
            "gross_margin": 15.58,
            "gross_margin_4q_avg": 15.4,
            "net_income": 63036,
            "net_income_4q": null,
            "revenue": 491977,
            "revenue_4q": null,
            "common_shares": 1326414,
            "book_valuer_per_share": 17.78,
            "book_valuer_per_share_4q_avg": 18.11,
            "equity": 2358131,
            "current_ratio": 984.1,
            "debt_ratio": 7.65,
            "inventory_turnover_ratio": 1.55,
            "account_receivable_turnover_ratio": 2.02,
            "reinvestment_rate": 42.13,
            "research_to_sale_ratio": 0.39,
            "price_fair": 59.9,
            "eps_avg_yearly": 1.71,
            "eps_latest_yearly": 1.92,
            "eps_growth_yearly": 65.7
        },
        "20164": {
            "year_quarter": 20164,
            "year": 2016,
            "quarter": 4,
            "eps": 0.44,
            "eps_growth_year": 60.83,
            "eps_4q": 1.5,
            "eps_4q_growth_year": -46.19,
            "roe": 2.43,
            "roe_4q": 8.360000000000001,
            "gross_profit": 79953,
            "gross_margin": 15.52,
            "gross_margin_4q_avg": 15.73,
            "net_income": 57995,
            "net_income_4q": null,
            "revenue": 515176,
            "revenue_4q": null,
            "common_shares": 1326414,
            "book_valuer_per_share": 18.21,
            "book_valuer_per_share_4q_avg": 18.03,
            "equity": 2415141,
            "current_ratio": 987.61,
            "debt_ratio": 8.81,
            "inventory_turnover_ratio": 1.69,
            "account_receivable_turnover_ratio": 1.77,
            "reinvestment_rate": -0.14,
            "research_to_sale_ratio": 0.36,
            "price_fair": 60.01,
            "eps_avg_yearly": 1.71,
            "eps_latest_yearly": 1.76,
            "eps_growth_yearly": 59.1
        },
        "20171": {
            "year_quarter": 20171,
            "year": 2017,
            "quarter": 1,
            "eps": 0.46,
            "eps_growth_year": 58.62,
            "eps_4q": 1.67,
            "eps_4q_growth_year": -30.92,
            "roe": 2.5,
            "roe_4q": 9.309999999999999,
            "gross_profit": 105053,
            "gross_margin": 18.55,
            "gross_margin_4q_avg": 16.3,
            "net_income": 61091,
            "net_income_4q": null,
            "revenue": 566208,
            "revenue_4q": null,
            "common_shares": 1326414,
            "book_valuer_per_share": 18.65,
            "book_valuer_per_share_4q_avg": 17.99,
            "equity": 2474319,
            "current_ratio": 1167.6,
            "debt_ratio": 7.74,
            "inventory_turnover_ratio": 1.98,
            "account_receivable_turnover_ratio": 1.76,
            "reinvestment_rate": -0.62,
            "research_to_sale_ratio": 0.35,
            "price_fair": 60.29,
            "eps_avg_yearly": 1.72,
            "eps_latest_yearly": 1.84,
            "eps_growth_yearly": 56.54
        },
        "20172": {
            "year_quarter": 20172,
            "year": 2017,
            "quarter": 2,
            "eps": 0.4,
            "eps_growth_year": 33.33,
            "eps_4q": 1.77,
            "eps_4q_growth_year": 14.44,
            "roe": 2.19,
            "roe_4q": 9.829999999999998,
            "gross_profit": 90852,
            "gross_margin": 17.11,
            "gross_margin_4q_avg": 16.69,
            "net_income": 52946,
            "net_income_4q": null,
            "revenue": 530980,
            "revenue_4q": null,
            "common_shares": 1326414,
            "book_valuer_per_share": 17.84,
            "book_valuer_per_share_4q_avg": 18.12,
            "equity": 2366503,
            "current_ratio": 572.64,
            "debt_ratio": 13.68,
            "inventory_turnover_ratio": 1.97,
            "account_receivable_turnover_ratio": 1.87,
            "reinvestment_rate": 5.25,
            "research_to_sale_ratio": 0.38,
            "price_fair": 62.48,
            "eps_avg_yearly": 1.79,
            "eps_latest_yearly": 1.6,
            "eps_growth_yearly": 61.23
        },
        "20173": {
            "year_quarter": 20173,
            "year": 2017,
            "quarter": 3,
            "eps": 0.41,
            "eps_growth_year": -14.58,
            "eps_4q": 1.71,
            "eps_4q_growth_year": 27.51,
            "roe": 2.27,
            "roe_4q": 9.39,
            "gross_profit": 80069,
            "gross_margin": 15.82,
            "gross_margin_4q_avg": 16.75,
            "net_income": 54385,
            "net_income_4q": null,
            "revenue": 506184,
            "revenue_4q": null,
            "common_shares": 1326414,
            "book_valuer_per_share": 18.23,
            "book_valuer_per_share_4q_avg": 18.23,
            "equity": 2417960,
            "current_ratio": 1210.45,
            "debt_ratio": 7.38,
            "inventory_turnover_ratio": 1.77,
            "account_receivable_turnover_ratio": 2.02,
            "reinvestment_rate": 7.04,
            "research_to_sale_ratio": 0.44,
            "price_fair": 64.05,
            "eps_avg_yearly": 1.83,
            "eps_latest_yearly": 1.64,
            "eps_growth_yearly": 48.52
        },
        "20174": {
            "year_quarter": 20174,
            "year": 2017,
            "quarter": 4,
            "eps": 0.36,
            "eps_growth_year": -18.61,
            "eps_4q": 1.63,
            "eps_4q_growth_year": 8.08,
            "roe": 1.93,
            "roe_4q": 8.89,
            "gross_profit": 78508,
            "gross_margin": 15.37,
            "gross_margin_4q_avg": 16.71,
            "net_income": 47205,
            "net_income_4q": null,
            "revenue": 510734,
            "revenue_4q": null,
            "common_shares": 1326414,
            "book_valuer_per_share": 18.56,
            "book_valuer_per_share_4q_avg": 18.32,
            "equity": 2461516,
            "current_ratio": 960.26,
            "debt_ratio": 8.7,
            "inventory_turnover_ratio": 1.63,
            "account_receivable_turnover_ratio": 1.74,
            "reinvestment_rate": 14.8,
            "research_to_sale_ratio": 0.45,
            "price_fair": 61.15,
            "eps_avg_yearly": 1.81,
            "eps_latest_yearly": 1.44,
            "eps_growth_yearly": 23.74
        },
        "20181": {
            "year_quarter": 20181,
            "year": 2018,
            "quarter": 1,
            "eps": 0.38,
            "eps_growth_year": -17.39,
            "eps_4q": 1.54,
            "eps_4q_growth_year": -8.04,
            "roe": 2,
            "roe_4q": 8.389999999999999,
            "gross_profit": 89622,
            "gross_margin": 16.84,
            "gross_margin_4q_avg": 16.29,
            "net_income": 49759,
            "net_income_4q": null,
            "revenue": 532312,
            "revenue_4q": null,
            "common_shares": 1326414,
            "book_valuer_per_share": 18.97,
            "book_valuer_per_share_4q_avg": 18.4,
            "equity": 2515992,
            "current_ratio": 1180,
            "debt_ratio": 7.47,
            "inventory_turnover_ratio": 1.59,
            "account_receivable_turnover_ratio": 1.71,
            "reinvestment_rate": -7.48,
            "research_to_sale_ratio": 0.45,
            "price_fair": 64.23,
            "eps_avg_yearly": 1.84,
            "eps_latest_yearly": 1.52,
            "eps_growth_yearly": 33.26
        },
        "20182": {
            "year_quarter": 20182,
            "year": 2018,
            "quarter": 2,
            "eps": 0.3,
            "eps_growth_year": -25,
            "eps_4q": 1.44,
            "eps_4q_growth_year": -18.85,
            "roe": 1.61,
            "roe_4q": 7.8100000000000005,
            "gross_profit": 67827,
            "gross_margin": 14.38,
            "gross_margin_4q_avg": 15.6,
            "net_income": 39415,
            "net_income_4q": null,
            "revenue": 471652,
            "revenue_4q": null,
            "common_shares": 1326414,
            "book_valuer_per_share": 17.87,
            "book_valuer_per_share_4q_avg": 18.41,
            "equity": 2370532,
            "current_ratio": 535.13,
            "debt_ratio": 14.26,
            "inventory_turnover_ratio": 1.38,
            "account_receivable_turnover_ratio": 1.58,
            "reinvestment_rate": -17.63,
            "research_to_sale_ratio": 0.49,
            "price_fair": 64.23,
            "eps_avg_yearly": 1.84,
            "eps_latest_yearly": 1.2,
            "eps_growth_yearly": 27.14
        },
        "20183": {
            "year_quarter": 20183,
            "year": 2018,
            "quarter": 3,
            "eps": 0.57,
            "eps_growth_year": 39.02,
            "eps_4q": 1.6,
            "eps_4q_growth_year": -6.34,
            "roe": 3.14,
            "roe_4q": 8.68,
            "gross_profit": 89527,
            "gross_margin": 14.76,
            "gross_margin_4q_avg": 15.34,
            "net_income": 75687,
            "net_income_4q": null,
            "revenue": 606711,
            "revenue_4q": null,
            "common_shares": 1326414,
            "book_valuer_per_share": 18.44,
            "book_valuer_per_share_4q_avg": 18.46,
            "equity": 2445524,
            "current_ratio": 1110.28,
            "debt_ratio": 7.93,
            "inventory_turnover_ratio": 1.76,
            "account_receivable_turnover_ratio": 1.71,
            "reinvestment_rate": -18.02,
            "research_to_sale_ratio": 0.43,
            "price_fair": 66.06,
            "eps_avg_yearly": 1.89,
            "eps_latest_yearly": 2.28,
            "eps_growth_yearly": 44.64
        },
        "20184": {
            "year_quarter": 20184,
            "year": 2018,
            "quarter": 4,
            "eps": 0.23,
            "eps_growth_year": -36.33,
            "eps_4q": 1.47,
            "eps_4q_growth_year": -9.6,
            "roe": 1.21,
            "roe_4q": 7.96,
            "gross_profit": 64274,
            "gross_margin": 12.36,
            "gross_margin_4q_avg": 14.59,
            "net_income": 30055,
            "net_income_4q": null,
            "revenue": 520175,
            "revenue_4q": null,
            "common_shares": 1326414,
            "book_valuer_per_share": 18.9,
            "book_valuer_per_share_4q_avg": 18.55,
            "equity": 2507486,
            "current_ratio": 809.97,
            "debt_ratio": 10.02,
            "inventory_turnover_ratio": 1.59,
            "account_receivable_turnover_ratio": 1.44,
            "reinvestment_rate": -19.56,
            "research_to_sale_ratio": 0.5,
            "price_fair": 64.93,
            "eps_avg_yearly": 1.86,
            "eps_latest_yearly": 0.92,
            "eps_growth_yearly": 29.73
        },
        "20191": {
            "year_quarter": 20191,
            "year": 2019,
            "quarter": 1,
            "eps": 0.38,
            "eps_growth_year": 0,
            "eps_4q": 1.47,
            "eps_4q_growth_year": -4.43,
            "roe": 1.98,
            "roe_4q": 7.94,
            "gross_profit": 88574,
            "gross_margin": 17.34,
            "gross_margin_4q_avg": 14.71,
            "net_income": 50078,
            "net_income_4q": null,
            "revenue": 510829,
            "revenue_4q": null,
            "common_shares": 1326414,
            "book_valuer_per_share": 19.27,
            "book_valuer_per_share_4q_avg": 18.62,
            "equity": 2556596,
            "current_ratio": 1205.65,
            "debt_ratio": 7.38,
            "inventory_turnover_ratio": 1.44,
            "account_receivable_turnover_ratio": 1.64,
            "reinvestment_rate": -25.83,
            "research_to_sale_ratio": 0.5,
            "price_fair": 62.48,
            "eps_avg_yearly": 1.79,
            "eps_latest_yearly": 1.52,
            "eps_growth_yearly": 25.2
        },
        "20192": {
            "year_quarter": 20192,
            "year": 2019,
            "quarter": 2,
            "eps": 0.28,
            "eps_growth_year": -6.67,
            "eps_4q": 1.45,
            "eps_4q_growth_year": 1.09,
            "roe": 1.49,
            "roe_4q": 7.82,
            "gross_profit": 82504,
            "gross_margin": 16.04,
            "gross_margin_4q_avg": 15.13,
            "net_income": 37024,
            "net_income_4q": null,
            "revenue": 514271,
            "revenue_4q": null,
            "common_shares": 1326414,
            "book_valuer_per_share": 18.15,
            "book_valuer_per_share_4q_avg": 18.69,
            "equity": 2407539,
            "current_ratio": 542.12,
            "debt_ratio": 14.25,
            "inventory_turnover_ratio": 1.48,
            "account_receivable_turnover_ratio": 1.7,
            "reinvestment_rate": -36.64,
            "research_to_sale_ratio": 0.48,
            "price_fair": 4.68,
            "eps_avg_yearly": 1.56,
            "eps_latest_yearly": 1.12,
            "eps_growth_yearly": -1.08
        },
        "20193": {
            "year_quarter": 20193,
            "year": 2019,
            "quarter": 3,
            "eps": 0.38,
            "eps_growth_year": -33.33,
            "eps_4q": 1.27,
            "eps_4q_growth_year": -20.75,
            "roe": 2.09,
            "roe_4q": 6.7700000000000005,
            "gross_profit": 52739,
            "gross_margin": 12.12,
            "gross_margin_4q_avg": 14.47,
            "net_income": 50911,
            "net_income_4q": null,
            "revenue": 435173,
            "revenue_4q": null,
            "common_shares": 1326414,
            "book_valuer_per_share": 18.51,
            "book_valuer_per_share_4q_avg": 18.71,
            "equity": 2455233,
            "current_ratio": 1414.93,
            "debt_ratio": 6.64,
            "inventory_turnover_ratio": 1.28,
            "account_receivable_turnover_ratio": 1.57,
            "reinvestment_rate": -39.58,
            "research_to_sale_ratio": 0.6,
            "price_fair": 41.85,
            "eps_avg_yearly": 1.48,
            "eps_latest_yearly": 1.52,
            "eps_growth_yearly": 18.23
        },
        "20194": {
            "year_quarter": 20194,
            "year": 2019,
            "quarter": 4,
            "eps": 0.29,
            "eps_growth_year": 26.52,
            "eps_4q": 1.33,
            "eps_4q_growth_year": -9.69,
            "roe": 1.54,
            "roe_4q": 7.1,
            "gross_profit": 77509,
            "gross_margin": 16.93,
            "gross_margin_4q_avg": 15.61,
            "net_income": 38025,
            "net_income_4q": null,
            "revenue": 457865,
            "revenue_4q": null,
            "common_shares": 1326414,
            "book_valuer_per_share": 18.8,
            "book_valuer_per_share_4q_avg": 18.68,
            "equity": 2494190,
            "current_ratio": 1198.86,
            "debt_ratio": 7.6,
            "inventory_turnover_ratio": 1.24,
            "account_receivable_turnover_ratio": 1.99,
            "reinvestment_rate": -54.11,
            "research_to_sale_ratio": 0.57,
            "price_fair": 52.06,
            "eps_avg_yearly": 1.49,
            "eps_latest_yearly": 1.16,
            "eps_growth_yearly": 27.53
        },
        "20201": {
            "year_quarter": 20201,
            "year": 2020,
            "quarter": 1,
            "eps": 0.03,
            "eps_growth_year": -92.11,
            "eps_4q": 0.98,
            "eps_4q_growth_year": -33.52,
            "roe": 0.15,
            "roe_4q": 5.27,
            "gross_profit": 51669,
            "gross_margin": 13.84,
            "gross_margin_4q_avg": 14.73,
            "net_income": 3841,
            "net_income_4q": null,
            "revenue": 373345,
            "revenue_4q": null,
            "common_shares": 1326414,
            "book_valuer_per_share": 18.83,
            "book_valuer_per_share_4q_avg": 18.57,
            "equity": 2497844,
            "current_ratio": 1676.64,
            "debt_ratio": 6.05,
            "inventory_turnover_ratio": 1.03,
            "account_receivable_turnover_ratio": 1.88,
            "reinvestment_rate": -58.25,
            "research_to_sale_ratio": 0.6,
            "price_fair": 18.87,
            "eps_avg_yearly": 1.42,
            "eps_latest_yearly": 0.12,
            "eps_growth_yearly": 3.26
        },
        "20202": {
            "year_quarter": 20202,
            "year": 2020,
            "quarter": 2,
            "eps": -0.15,
            "eps_growth_year": -153.57,
            "eps_4q": 0.55,
            "eps_4q_growth_year": -61.95,
            "roe": -0.8,
            "roe_4q": 2.98,
            "gross_profit": -14979,
            "gross_margin": -10.36,
            "gross_margin_4q_avg": 8.13,
            "net_income": -19394,
            "net_income_4q": null,
            "revenue": 144649,
            "revenue_4q": null,
            "common_shares": 1326414,
            "book_valuer_per_share": 17.57,
            "book_valuer_per_share_4q_avg": 18.43,
            "equity": 2330563,
            "current_ratio": 692.33,
            "debt_ratio": 11.75,
            "inventory_turnover_ratio": 0.53,
            "account_receivable_turnover_ratio": 1.08,
            "reinvestment_rate": -64.22,
            "research_to_sale_ratio": 1.02,
            "price_fair": 18.05,
            "eps_avg_yearly": 1.44,
            "eps_latest_yearly": 0.12,
            "eps_growth_yearly": 2.56
        },
        "20203": {
            "year_quarter": 20203,
            "year": 2020,
            "quarter": 3,
            "eps": 0.37,
            "eps_growth_year": -2.63,
            "eps_4q": 0.54,
            "eps_4q_growth_year": -57.55,
            "roe": 2.06,
            "roe_4q": 2.95,
            "gross_profit": 38266,
            "gross_margin": 12.39,
            "gross_margin_4q_avg": 8.2,
            "net_income": 48874,
            "net_income_4q": null,
            "revenue": 308853,
            "revenue_4q": null,
            "common_shares": 1326414,
            "book_valuer_per_share": 18.25,
            "book_valuer_per_share_4q_avg": 18.36,
            "equity": 2420599,
            "current_ratio": 1673.72,
            "debt_ratio": 6.04,
            "inventory_turnover_ratio": 1.02,
            "account_receivable_turnover_ratio": 2.5,
            "reinvestment_rate": -76.02,
            "research_to_sale_ratio": 0.61,
            "price_fair": 4.21,
            "eps_avg_yearly": 1.4,
            "eps_latest_yearly": 0.12,
            "eps_growth_yearly": -14.4
        },
        "20204": {
            "year_quarter": 20204,
            "year": 2020,
            "quarter": 4,
            "eps": 0.48,
            "eps_growth_year": 68.77,
            "eps_4q": 0.74,
            "eps_4q_growth_year": -44.62,
            "roe": 2.6,
            "roe_4q": 4.010000000000001,
            "gross_profit": 72928,
            "gross_margin": 16.39,
            "gross_margin_4q_avg": 8.07,
            "net_income": 64176,
            "net_income_4q": null,
            "revenue": 445058,
            "revenue_4q": null,
            "common_shares": 1326414,
            "book_valuer_per_share": 18.95,
            "book_valuer_per_share_4q_avg": 18.4,
            "equity": 2514111,
            "current_ratio": 1040.82,
            "debt_ratio": 8.58,
            "inventory_turnover_ratio": 1.53,
            "account_receivable_turnover_ratio": 2.39,
            "reinvestment_rate": -26.95,
            "research_to_sale_ratio": 0.56,
            "price_fair": 4.24,
            "eps_avg_yearly": 1.41,
            "eps_latest_yearly": 1.92,
            "eps_growth_yearly": -3.52
        },
        "20211": {
            "year_quarter": 20211,
            "year": 2021,
            "quarter": 1,
            "eps": 1.01,
            "eps_growth_year": 3266.67,
            "eps_4q": 1.72,
            "eps_4q_growth_year": 75.83,
            "roe": 5.18,
            "roe_4q": 9.04,
            "gross_profit": 105845,
            "gross_margin": 20.62,
            "gross_margin_4q_avg": 9.76,
            "net_income": 134567,
            "net_income_4q": null,
            "revenue": 513362,
            "revenue_4q": null,
            "common_shares": 1326414,
            "book_valuer_per_share": 20.23,
            "book_valuer_per_share_4q_avg": 18.75,
            "equity": 2683443,
            "current_ratio": 1277.13,
            "debt_ratio": 7.35,
            "inventory_turnover_ratio": 1.75,
            "account_receivable_turnover_ratio": 2.12,
            "reinvestment_rate": -24.42,
            "research_to_sale_ratio": 0.54,
            "price_fair": 55,
            "eps_avg_yearly": 1.57,
            "eps_latest_yearly": 4.04,
            "eps_growth_yearly": 26.73
        },
        "20212": {
            "year_quarter": 20212,
            "year": 2021,
            "quarter": 2,
            "eps": 0.82,
            "eps_growth_year": null,
            "eps_4q": 2.69,
            "eps_4q_growth_year": 385.33,
            "roe": 3.95,
            "roe_4q": 13.79,
            "gross_profit": 87990,
            "gross_margin": 17.92,
            "gross_margin_4q_avg": 16.83,
            "net_income": 108530,
            "net_income_4q": null,
            "revenue": 490889,
            "revenue_4q": null,
            "common_shares": 1326414,
            "book_valuer_per_share": 21.22,
            "book_valuer_per_share_4q_avg": 19.66,
            "equity": 2814581,
            "current_ratio": 1191.63,
            "debt_ratio": 7.7,
            "inventory_turnover_ratio": 1.71,
            "account_receivable_turnover_ratio": 1.89,
            "reinvestment_rate": -29.97,
            "research_to_sale_ratio": 0.52,
            "price_fair": 59.2,
            "eps_avg_yearly": 1.69,
            "eps_latest_yearly": 3.28,
            "eps_growth_yearly": 25.08
        },
        "20213": {
            "year_quarter": 20213,
            "year": 2021,
            "quarter": 3,
            "eps": 0.37,
            "eps_growth_year": 0,
            "eps_4q": 2.68,
            "eps_4q_growth_year": 398.85,
            "roe": 1.75,
            "roe_4q": 13.479999999999999,
            "gross_profit": 82271,
            "gross_margin": 16.43,
            "gross_margin_4q_avg": 17.84,
            "net_income": 48637,
            "net_income_4q": null,
            "revenue": 500842,
            "revenue_4q": null,
            "common_shares": 1326414,
            "book_valuer_per_share": 20.58,
            "book_valuer_per_share_4q_avg": 20.25,
            "equity": 2729912,
            "current_ratio": 1082.76,
            "debt_ratio": 8.42,
            "inventory_turnover_ratio": 1.65,
            "account_receivable_turnover_ratio": 1.96,
            "reinvestment_rate": -33.36,
            "research_to_sale_ratio": 0.43,
            "price_fair": 31.39,
            "eps_avg_yearly": 1.68,
            "eps_latest_yearly": 1.48,
            "eps_growth_yearly": 8.68
        },
        "20214": {
            "year_quarter": 20214,
            "year": 2021,
            "quarter": 4,
            "eps": 0.45,
            "eps_growth_year": -6.75,
            "eps_4q": 2.65,
            "eps_4q_growth_year": 260.6,
            "roe": 2.15,
            "roe_4q": 13.03,
            "gross_profit": 100227,
            "gross_margin": 16.91,
            "gross_margin_4q_avg": 17.97,
            "net_income": 59845,
            "net_income_4q": null,
            "revenue": 592579,
            "revenue_4q": null,
            "common_shares": 1326414,
            "book_valuer_per_share": 21.3,
            "book_valuer_per_share_4q_avg": 20.83,
            "equity": 2825818,
            "current_ratio": 734.81,
            "debt_ratio": 11.58,
            "inventory_turnover_ratio": 1.89,
            "account_receivable_turnover_ratio": 2.03,
            "reinvestment_rate": -43.68,
            "research_to_sale_ratio": 0.5,
            "price_fair": 48.35,
            "eps_avg_yearly": 1.71,
            "eps_latest_yearly": 1.8,
            "eps_growth_yearly": 18.35
        },
        "20221": {
            "year_quarter": 20221,
            "year": 2022,
            "quarter": 1,
            "eps": 0.39,
            "eps_growth_year": -61.39,
            "eps_4q": 2.02,
            "eps_4q_growth_year": 17.51,
            "roe": 1.79,
            "roe_4q": 9.64,
            "gross_profit": 97729,
            "gross_margin": 18.97,
            "gross_margin_4q_avg": 17.56,
            "net_income": 51184,
            "net_income_4q": null,
            "revenue": 515193,
            "revenue_4q": null,
            "common_shares": 1326414,
            "book_valuer_per_share": 21.89,
            "book_valuer_per_share_4q_avg": 21.25,
            "equity": 2903652,
            "current_ratio": 1134.04,
            "debt_ratio": 8.04,
            "inventory_turnover_ratio": 1.54,
            "account_receivable_turnover_ratio": 1.75,
            "reinvestment_rate": -23.69,
            "research_to_sale_ratio": 0.56,
            "price_fair": 39.21,
            "eps_avg_yearly": 1.71,
            "eps_latest_yearly": 1.56,
            "eps_growth_yearly": 12.95
        },
        "20222": {
            "year_quarter": 20222,
            "year": 2022,
            "quarter": 2,
            "eps": 0.32,
            "eps_growth_year": -60.98,
            "eps_4q": 1.52,
            "eps_4q_growth_year": -43.28,
            "roe": 1.52,
            "roe_4q": 7.21,
            "gross_profit": 76336,
            "gross_margin": 14.96,
            "gross_margin_4q_avg": 16.82,
            "net_income": 42351,
            "net_income_4q": null,
            "revenue": 510259,
            "revenue_4q": null,
            "common_shares": 1326414,
            "book_valuer_per_share": 20.01,
            "book_valuer_per_share_4q_avg": 20.95,
            "equity": 2654659,
            "current_ratio": 523.83,
            "debt_ratio": 15.69,
            "inventory_turnover_ratio": 1.52,
            "account_receivable_turnover_ratio": 2,
            "reinvestment_rate": -24.22,
            "research_to_sale_ratio": 0.5,
            "price_fair": 40.86,
            "eps_avg_yearly": 1.71,
            "eps_latest_yearly": 1.28,
            "eps_growth_yearly": 13.84
        },
        "20223": {
            "year_quarter": 20223,
            "year": 2022,
            "quarter": 3,
            "eps": 0.33,
            "eps_growth_year": -10.81,
            "eps_4q": 1.49,
            "eps_4q_growth_year": -44.48,
            "roe": 1.66,
            "roe_4q": 7.119999999999999,
            "gross_profit": 25271,
            "gross_margin": 6.26,
            "gross_margin_4q_avg": 14.28,
            "net_income": 44237,
            "net_income_4q": null,
            "revenue": 403406,
            "revenue_4q": null,
            "common_shares": 1326414,
            "book_valuer_per_share": 20.23,
            "book_valuer_per_share_4q_avg": 20.86,
            "equity": 2683298,
            "current_ratio": 1353.77,
            "debt_ratio": 7.28,
            "inventory_turnover_ratio": 1.3,
            "account_receivable_turnover_ratio": 1.85,
            "reinvestment_rate": -25.29,
            "research_to_sale_ratio": 0.64,
            "price_fair": 4.94,
            "eps_avg_yearly": 1.65,
            "eps_latest_yearly": 1.32,
            "eps_growth_yearly": -10.99
        },
        "20224": {
            "year_quarter": 20224,
            "year": 2022,
            "quarter": 4,
            "eps": -0.07,
            "eps_growth_year": -115.92,
            "eps_4q": 0.97,
            "eps_4q_growth_year": -63.52,
            "roe": -0.35,
            "roe_4q": 4.62,
            "gross_profit": 18877,
            "gross_margin": 4.85,
            "gross_margin_4q_avg": 11.26,
            "net_income": -9528,
            "net_income_4q": null,
            "revenue": 389566,
            "revenue_4q": null,
            "common_shares": 1326414,
            "book_valuer_per_share": 20.34,
            "book_valuer_per_share_4q_avg": 20.62,
            "equity": 2697577,
            "current_ratio": 1336.21,
            "debt_ratio": 7.07,
            "inventory_turnover_ratio": 1.39,
            "account_receivable_turnover_ratio": 1.83,
            "reinvestment_rate": -26.48,
            "research_to_sale_ratio": 0.53,
            "price_fair": 28.11,
            "eps_avg_yearly": 1.7,
            "eps_latest_yearly": 1.32,
            "eps_growth_yearly": 6.52
        },
        "20231": {
            "year_quarter": 20231,
            "year": 2023,
            "quarter": 1,
            "eps": -0.09,
            "eps_growth_year": -123.08,
            "eps_4q": 0.49,
            "eps_4q_growth_year": -75.68,
            "roe": -0.45,
            "roe_4q": 2.38,
            "gross_profit": 3675,
            "gross_margin": 1.41,
            "gross_margin_4q_avg": 6.87,
            "net_income": -11832,
            "net_income_4q": null,
            "revenue": 259858,
            "revenue_4q": null,
            "common_shares": 1326414,
            "book_valuer_per_share": 19.7,
            "book_valuer_per_share_4q_avg": 20.07,
            "equity": 2612828,
            "current_ratio": 959.13,
            "debt_ratio": 9.06,
            "inventory_turnover_ratio": 1.07,
            "account_receivable_turnover_ratio": 1.37,
            "reinvestment_rate": -29.42,
            "research_to_sale_ratio": 0.79,
            "price_fair": 5.15,
            "eps_avg_yearly": 1.72,
            "eps_latest_yearly": 1.32,
            "eps_growth_yearly": -14.67
        },
        "20232": {
            "year_quarter": 20232,
            "year": 2023,
            "quarter": 2,
            "eps": 0.04,
            "eps_growth_year": -87.5,
            "eps_4q": 0.21,
            "eps_4q_growth_year": -86.2,
            "roe": 0.19,
            "roe_4q": 1.0499999999999998,
            "gross_profit": 12973,
            "gross_margin": 4.65,
            "gross_margin_4q_avg": 4.29,
            "net_income": 4998,
            "net_income_4q": null,
            "revenue": 279273,
            "revenue_4q": null,
            "common_shares": 1326414,
            "book_valuer_per_share": 19.82,
            "book_valuer_per_share_4q_avg": 20.02,
            "equity": 2629021,
            "current_ratio": 1038.49,
            "debt_ratio": 8.54,
            "inventory_turnover_ratio": 1.09,
            "account_receivable_turnover_ratio": 1.99,
            "reinvestment_rate": -30.45,
            "research_to_sale_ratio": 0.67,
            "price_fair": 5.31,
            "eps_avg_yearly": 1.77,
            "eps_latest_yearly": 1.32,
            "eps_growth_yearly": -6.44
        }
    },
    "months": {
        "2001-06": {
            "month": "2001-06",
            "price": "3.47",
            "revenue": 144652
        },
        "2001-07": {
            "month": "2001-07",
            "price": "3.21",
            "revenue": 164661
        },
        "2001-08": {
            "month": "2001-08",
            "price": "4.05",
            "revenue": 151229
        },
        "2001-09": {
            "month": "2001-09",
            "price": "5.36",
            "revenue": 135077
        },
        "2001-10": {
            "month": "2001-10",
            "price": "4.00",
            "revenue": 123888
        },
        "2001-11": {
            "month": "2001-11",
            "price": "4.36",
            "revenue": 101203
        },
        "2001-12": {
            "month": "2001-12",
            "price": "4.96",
            "revenue": 126762
        },
        "2002-01": {
            "month": "2002-01",
            "price": "6.13",
            "revenue": 127026
        },
        "2002-02": {
            "month": "2002-02",
            "price": "6.07",
            "revenue": 118059
        },
        "2002-03": {
            "month": "2002-03",
            "price": "7.99",
            "revenue": 165886
        },
        "2002-04": {
            "month": "2002-04",
            "price": "8.29",
            "revenue": 167087
        },
        "2002-05": {
            "month": "2002-05",
            "price": "7.17",
            "revenue": 169656
        },
        "2002-06": {
            "month": "2002-06",
            "price": "6.76",
            "revenue": 135875
        },
        "2002-07": {
            "month": "2002-07",
            "price": "6.42",
            "revenue": 139063
        },
        "2002-08": {
            "month": "2002-08",
            "price": "7.02",
            "revenue": 154302
        },
        "2002-09": {
            "month": "2002-09",
            "price": "6.06",
            "revenue": 143319
        },
        "2002-10": {
            "month": "2002-10",
            "price": "5.76",
            "revenue": 152973
        },
        "2002-11": {
            "month": "2002-11",
            "price": "6.81",
            "revenue": 112649
        },
        "2002-12": {
            "month": "2002-12",
            "price": "7.27",
            "revenue": 148555
        },
        "2003-01": {
            "month": "2003-01",
            "price": "9.37",
            "revenue": 141427
        },
        "2003-02": {
            "month": "2003-02",
            "price": "7.54",
            "revenue": 158784
        },
        "2003-03": {
            "month": "2003-03",
            "price": "6.05",
            "revenue": 145567
        },
        "2003-04": {
            "month": "2003-04",
            "price": "5.64",
            "revenue": 130835
        },
        "2003-05": {
            "month": "2003-05",
            "price": "5.01",
            "revenue": 140983
        },
        "2003-06": {
            "month": "2003-06",
            "price": "6.01",
            "revenue": 157251
        },
        "2003-07": {
            "month": "2003-07",
            "price": "6.31",
            "revenue": 144898
        },
        "2003-08": {
            "month": "2003-08",
            "price": "6.34",
            "revenue": 132140
        },
        "2003-09": {
            "month": "2003-09",
            "price": "5.90",
            "revenue": 160897
        },
        "2003-10": {
            "month": "2003-10",
            "price": "6.64",
            "revenue": 158320
        },
        "2003-11": {
            "month": "2003-11",
            "price": "7.10",
            "revenue": 157072
        },
        "2003-12": {
            "month": "2003-12",
            "price": "7.25",
            "revenue": 176442
        },
        "2004-01": {
            "month": "2004-01",
            "price": "8.01",
            "revenue": 164689
        },
        "2004-02": {
            "month": "2004-02",
            "price": "8.46",
            "revenue": 165730
        },
        "2004-03": {
            "month": "2004-03",
            "price": "7.85",
            "revenue": 195026
        },
        "2004-04": {
            "month": "2004-04",
            "price": "8.00",
            "revenue": 167950
        },
        "2004-05": {
            "month": "2004-05",
            "price": "6.82",
            "revenue": 162665
        },
        "2004-06": {
            "month": "2004-06",
            "price": "6.45",
            "revenue": 165832
        },
        "2004-07": {
            "month": "2004-07",
            "price": "6.05",
            "revenue": 173880
        },
        "2004-08": {
            "month": "2004-08",
            "price": "6.14",
            "revenue": 169971
        },
        "2004-09": {
            "month": "2004-09",
            "price": "7.09",
            "revenue": 173453
        },
        "2004-10": {
            "month": "2004-10",
            "price": "7.19",
            "revenue": 199062
        },
        "2004-11": {
            "month": "2004-11",
            "price": "7.03",
            "revenue": 162008
        },
        "2004-12": {
            "month": "2004-12",
            "price": "6.82",
            "revenue": 138588
        },
        "2005-01": {
            "month": "2005-01",
            "price": "6.56",
            "revenue": 185221
        },
        "2005-02": {
            "month": "2005-02",
            "price": "6.07",
            "revenue": 166846
        },
        "2005-03": {
            "month": "2005-03",
            "price": "5.62",
            "revenue": 179237
        },
        "2005-04": {
            "month": "2005-04",
            "price": "4.91",
            "revenue": 158976
        },
        "2005-05": {
            "month": "2005-05",
            "price": "4.89",
            "revenue": 162022
        },
        "2005-06": {
            "month": "2005-06",
            "price": "5.71",
            "revenue": 155132
        },
        "2005-07": {
            "month": "2005-07",
            "price": "6.31",
            "revenue": 140250
        },
        "2005-08": {
            "month": "2005-08",
            "price": "6.08",
            "revenue": 156335
        },
        "2005-09": {
            "month": "2005-09",
            "price": "5.83",
            "revenue": 177961
        },
        "2005-10": {
            "month": "2005-10",
            "price": "5.08",
            "revenue": 179161
        },
        "2005-11": {
            "month": "2005-11",
            "price": "5.05",
            "revenue": 177901
        },
        "2005-12": {
            "month": "2005-12",
            "price": "5.78",
            "revenue": 153809
        },
        "2006-01": {
            "month": "2006-01",
            "price": "6.21",
            "revenue": 126625
        },
        "2006-02": {
            "month": "2006-02",
            "price": "5.92",
            "revenue": 143348
        },
        "2006-03": {
            "month": "2006-03",
            "price": "5.23",
            "revenue": 175337
        },
        "2006-04": {
            "month": "2006-04",
            "price": "5.30",
            "revenue": 154823
        },
        "2006-05": {
            "month": "2006-05",
            "price": "5.76",
            "revenue": 148878
        },
        "2006-06": {
            "month": "2006-06",
            "price": "5.65",
            "revenue": 158309
        },
        "2006-07": {
            "month": "2006-07",
            "price": "5.67",
            "revenue": 155720
        },
        "2006-08": {
            "month": "2006-08",
            "price": "5.67",
            "revenue": 174343
        },
        "2006-09": {
            "month": "2006-09",
            "price": "5.68",
            "revenue": 122588
        },
        "2006-10": {
            "month": "2006-10",
            "price": "6.44",
            "revenue": 138999
        },
        "2006-11": {
            "month": "2006-11",
            "price": "6.68",
            "revenue": 184080
        },
        "2006-12": {
            "month": "2006-12",
            "price": "7.07",
            "revenue": 173692
        },
        "2007-01": {
            "month": "2007-01",
            "price": "8.04",
            "revenue": 189881
        },
        "2007-02": {
            "month": "2007-02",
            "price": "8.48",
            "revenue": 147935
        },
        "2007-03": {
            "month": "2007-03",
            "price": "8.85",
            "revenue": 208129
        },
        "2007-04": {
            "month": "2007-04",
            "price": "8.98",
            "revenue": 203720
        },
        "2007-05": {
            "month": "2007-05",
            "price": "8.93",
            "revenue": 185132
        },
        "2007-06": {
            "month": "2007-06",
            "price": "8.93",
            "revenue": 161834
        },
        "2007-07": {
            "month": "2007-07",
            "price": "10.72",
            "revenue": 173408
        },
        "2007-08": {
            "month": "2007-08",
            "price": "10.80",
            "revenue": 190429
        },
        "2007-09": {
            "month": "2007-09",
            "price": "11.39",
            "revenue": 172521
        },
        "2007-10": {
            "month": "2007-10",
            "price": "11.66",
            "revenue": 224275
        },
        "2007-11": {
            "month": "2007-11",
            "price": "10.00",
            "revenue": 221982
        },
        "2007-12": {
            "month": "2007-12",
            "price": "9.00",
            "revenue": 228709
        },
        "2008-01": {
            "month": "2008-01",
            "price": "9.08",
            "revenue": 215362
        },
        "2008-02": {
            "month": "2008-02",
            "price": "9.37",
            "revenue": 160764
        },
        "2008-03": {
            "month": "2008-03",
            "price": "10.51",
            "revenue": 235885
        },
        "2008-04": {
            "month": "2008-04",
            "price": "10.55",
            "revenue": 195145
        },
        "2008-05": {
            "month": "2008-05",
            "price": "10.20",
            "revenue": 190415
        },
        "2008-06": {
            "month": "2008-06",
            "price": "8.86",
            "revenue": 168508
        },
        "2008-07": {
            "month": "2008-07",
            "price": "6.95",
            "revenue": 142611
        },
        "2008-08": {
            "month": "2008-08",
            "price": "6.74",
            "revenue": 151610
        },
        "2008-09": {
            "month": "2008-09",
            "price": "6.21",
            "revenue": 131072
        },
        "2008-10": {
            "month": "2008-10",
            "price": "5.32",
            "revenue": 112839
        },
        "2008-11": {
            "month": "2008-11",
            "price": "5.11",
            "revenue": 85562
        },
        "2008-12": {
            "month": "2008-12",
            "price": "5.75",
            "revenue": 93023
        },
        "2009-01": {
            "month": "2009-01",
            "price": "5.95",
            "revenue": 69647
        },
        "2009-02": {
            "month": "2009-02",
            "price": "5.64",
            "revenue": 116489
        },
        "2009-03": {
            "month": "2009-03",
            "price": "5.73",
            "revenue": 133510
        },
        "2009-04": {
            "month": "2009-04",
            "price": "6.29",
            "revenue": 123502
        },
        "2009-05": {
            "month": "2009-05",
            "price": "6.70",
            "revenue": 115165
        },
        "2009-06": {
            "month": "2009-06",
            "price": "6.22",
            "revenue": 118413
        },
        "2009-07": {
            "month": "2009-07",
            "price": "6.38",
            "revenue": 119352
        },
        "2009-08": {
            "month": "2009-08",
            "price": "7.19",
            "revenue": 114894
        },
        "2009-09": {
            "month": "2009-09",
            "price": "7.07",
            "revenue": 133810
        },
        "2009-10": {
            "month": "2009-10",
            "price": "7.70",
            "revenue": 134958
        },
        "2009-11": {
            "month": "2009-11",
            "price": "7.94",
            "revenue": 158426
        },
        "2009-12": {
            "month": "2009-12",
            "price": "8.45",
            "revenue": 160749
        },
        "2010-01": {
            "month": "2010-01",
            "price": "8.96",
            "revenue": 150477
        },
        "2010-02": {
            "month": "2010-02",
            "price": "8.33",
            "revenue": 139489
        },
        "2010-03": {
            "month": "2010-03",
            "price": "9.47",
            "revenue": 191291
        },
        "2010-04": {
            "month": "2010-04",
            "price": "12.05",
            "revenue": 182027
        },
        "2010-05": {
            "month": "2010-05",
            "price": "11.10",
            "revenue": 177091
        },
        "2010-06": {
            "month": "2010-06",
            "price": "10.57",
            "revenue": 165371
        },
        "2010-07": {
            "month": "2010-07",
            "price": "11.03",
            "revenue": 163672
        },
        "2010-08": {
            "month": "2010-08",
            "price": "13.31",
            "revenue": 179582
        },
        "2010-09": {
            "month": "2010-09",
            "price": "13.53",
            "revenue": 179641
        },
        "2010-10": {
            "month": "2010-10",
            "price": "15.90",
            "revenue": 197423
        },
        "2010-11": {
            "month": "2010-11",
            "price": "16.16",
            "revenue": 205352
        },
        "2010-12": {
            "month": "2010-12",
            "price": "17.31",
            "revenue": 221212
        },
        "2011-01": {
            "month": "2011-01",
            "price": "17.63",
            "revenue": 229044
        },
        "2011-02": {
            "month": "2011-02",
            "price": "17.80",
            "revenue": 212188
        },
        "2011-03": {
            "month": "2011-03",
            "price": "16.06",
            "revenue": 204219
        },
        "2011-04": {
            "month": "2011-04",
            "price": "16.01",
            "revenue": 172478
        },
        "2011-05": {
            "month": "2011-05",
            "price": "14.81",
            "revenue": 181536
        },
        "2011-06": {
            "month": "2011-06",
            "price": "14.17",
            "revenue": 190948
        },
        "2011-07": {
            "month": "2011-07",
            "price": "13.95",
            "revenue": 186102
        },
        "2011-08": {
            "month": "2011-08",
            "price": "11.71",
            "revenue": 189264
        },
        "2011-09": {
            "month": "2011-09",
            "price": "10.48",
            "revenue": 190093
        },
        "2011-10": {
            "month": "2011-10",
            "price": "9.96",
            "revenue": 171180
        },
        "2011-11": {
            "month": "2011-11",
            "price": "9.68",
            "revenue": 170706
        },
        "2011-12": {
            "month": "2011-12",
            "price": "8.67",
            "revenue": 188598
        },
        "2012-01": {
            "month": "2012-01",
            "price": "9.29",
            "revenue": 156464
        },
        "2012-02": {
            "month": "2012-02",
            "price": "10.24",
            "revenue": 173870
        },
        "2012-03": {
            "month": "2012-03",
            "price": "10.19",
            "revenue": 199434
        },
        "2012-04": {
            "month": "2012-04",
            "price": "9.12",
            "revenue": 177583
        },
        "2012-05": {
            "month": "2012-05",
            "price": "9.04",
            "revenue": 187332
        },
        "2012-06": {
            "month": "2012-06",
            "price": "8.92",
            "revenue": 163521
        },
        "2012-07": {
            "month": "2012-07",
            "price": "8.65",
            "revenue": 162254
        },
        "2012-08": {
            "month": "2012-08",
            "price": "8.86",
            "revenue": 210169
        },
        "2012-09": {
            "month": "2012-09",
            "price": "9.30",
            "revenue": 185537
        },
        "2012-10": {
            "month": "2012-10",
            "price": "9.11",
            "revenue": 189105
        },
        "2012-11": {
            "month": "2012-11",
            "price": "9.14",
            "revenue": 171314
        },
        "2012-12": {
            "month": "2012-12",
            "price": "9.44",
            "revenue": 192100
        },
        "2013-01": {
            "month": "2013-01",
            "price": "9.69",
            "revenue": 197949
        },
        "2013-02": {
            "month": "2013-02",
            "price": "9.64",
            "revenue": 139703
        },
        "2013-03": {
            "month": "2013-03",
            "price": "9.71",
            "revenue": 205788
        },
        "2013-04": {
            "month": "2013-04",
            "price": "9.80",
            "revenue": 193492
        },
        "2013-05": {
            "month": "2013-05",
            "price": "10.06",
            "revenue": 185781
        },
        "2013-06": {
            "month": "2013-06",
            "price": "10.35",
            "revenue": 165332
        },
        "2013-07": {
            "month": "2013-07",
            "price": "9.96",
            "revenue": 161113
        },
        "2013-08": {
            "month": "2013-08",
            "price": "9.53",
            "revenue": 181845
        },
        "2013-09": {
            "month": "2013-09",
            "price": "9.54",
            "revenue": 164369
        },
        "2013-10": {
            "month": "2013-10",
            "price": "9.91",
            "revenue": 211489
        },
        "2013-11": {
            "month": "2013-11",
            "price": "10.02",
            "revenue": 183271
        },
        "2013-12": {
            "month": "2013-12",
            "price": "10.50",
            "revenue": 163383
        },
        "2014-01": {
            "month": "2014-01",
            "price": "10.74",
            "revenue": 160271
        },
        "2014-02": {
            "month": "2014-02",
            "price": "10.61",
            "revenue": 148511
        },
        "2014-03": {
            "month": "2014-03",
            "price": "12.02",
            "revenue": 216253
        },
        "2014-04": {
            "month": "2014-04",
            "price": "12.40",
            "revenue": 175502
        },
        "2014-05": {
            "month": "2014-05",
            "price": "12.12",
            "revenue": 163673
        },
        "2014-06": {
            "month": "2014-06",
            "price": "12.31",
            "revenue": 149957
        },
        "2014-07": {
            "month": "2014-07",
            "price": "11.22",
            "revenue": 173380
        },
        "2014-08": {
            "month": "2014-08",
            "price": "11.74",
            "revenue": 176185
        },
        "2014-09": {
            "month": "2014-09",
            "price": "12.08",
            "revenue": 176436
        },
        "2014-10": {
            "month": "2014-10",
            "price": "11.85",
            "revenue": 182796
        },
        "2014-11": {
            "month": "2014-11",
            "price": "11.99",
            "revenue": 186172
        },
        "2014-12": {
            "month": "2014-12",
            "price": "12.53",
            "revenue": 210775
        },
        "2015-01": {
            "month": "2015-01",
            "price": "13.21",
            "revenue": 206942
        },
        "2015-02": {
            "month": "2015-02",
            "price": "14.26",
            "revenue": 162538
        },
        "2015-03": {
            "month": "2015-03",
            "price": "20.48",
            "revenue": 206973
        },
        "2015-04": {
            "month": "2015-04",
            "price": "27.34",
            "revenue": 166495
        },
        "2015-05": {
            "month": "2015-05",
            "price": "30.90",
            "revenue": 168308
        },
        "2015-06": {
            "month": "2015-06",
            "price": "37.10",
            "revenue": 154946
        },
        "2015-07": {
            "month": "2015-07",
            "price": "32.70",
            "revenue": 152378
        },
        "2015-08": {
            "month": "2015-08",
            "price": "28.30",
            "revenue": 153410
        },
        "2015-09": {
            "month": "2015-09",
            "price": "30.00",
            "revenue": 150599
        },
        "2015-10": {
            "month": "2015-10",
            "price": "27.26",
            "revenue": 148337
        },
        "2015-11": {
            "month": "2015-11",
            "price": "25.80",
            "revenue": 153259
        },
        "2015-12": {
            "month": "2015-12",
            "price": "23.70",
            "revenue": 157458
        },
        "2016-01": {
            "month": "2016-01",
            "price": "21.21",
            "revenue": 162227
        },
        "2016-02": {
            "month": "2016-02",
            "price": "22.70",
            "revenue": 152008
        },
        "2016-03": {
            "month": "2016-03",
            "price": "24.60",
            "revenue": 185275
        },
        "2016-04": {
            "month": "2016-04",
            "price": "22.60",
            "revenue": 145779
        },
        "2016-05": {
            "month": "2016-05",
            "price": "19.16",
            "revenue": 158431
        },
        "2016-06": {
            "month": "2016-06",
            "price": "19.54",
            "revenue": 162969
        },
        "2016-07": {
            "month": "2016-07",
            "price": "19.85",
            "revenue": 175875
        },
        "2016-08": {
            "month": "2016-08",
            "price": "23.61",
            "revenue": 181760
        },
        "2016-09": {
            "month": "2016-09",
            "price": "21.21",
            "revenue": 134342
        },
        "2016-10": {
            "month": "2016-10",
            "price": "19.63",
            "revenue": 160858
        },
        "2016-11": {
            "month": "2016-11",
            "price": "19.90",
            "revenue": 168053
        },
        "2016-12": {
            "month": "2016-12",
            "price": "21.17",
            "revenue": 186265
        },
        "2017-01": {
            "month": "2017-01",
            "price": "20.66",
            "revenue": 147639
        },
        "2017-02": {
            "month": "2017-02",
            "price": "21.40",
            "revenue": 183200
        },
        "2017-03": {
            "month": "2017-03",
            "price": "21.66",
            "revenue": 235369
        },
        "2017-04": {
            "month": "2017-04",
            "price": "22.19",
            "revenue": 163086
        },
        "2017-05": {
            "month": "2017-05",
            "price": "22.21",
            "revenue": 200163
        },
        "2017-06": {
            "month": "2017-06",
            "price": "24.78",
            "revenue": 167731
        },
        "2017-07": {
            "month": "2017-07",
            "price": "22.90",
            "revenue": 166746
        },
        "2017-08": {
            "month": "2017-08",
            "price": "22.20",
            "revenue": 196598
        },
        "2017-09": {
            "month": "2017-09",
            "price": "23.87",
            "revenue": 142839
        },
        "2017-10": {
            "month": "2017-10",
            "price": "22.88",
            "revenue": 151594
        },
        "2017-11": {
            "month": "2017-11",
            "price": "22.17",
            "revenue": 176915
        },
        "2017-12": {
            "month": "2017-12",
            "price": "21.89",
            "revenue": 182226
        },
        "2018-01": {
            "month": "2018-01",
            "price": "22.23",
            "revenue": 196337
        },
        "2018-02": {
            "month": "2018-02",
            "price": "21.00",
            "revenue": 125426
        },
        "2018-03": {
            "month": "2018-03",
            "price": "21.55",
            "revenue": 210549
        },
        "2018-04": {
            "month": "2018-04",
            "price": "21.09",
            "revenue": 147866
        },
        "2018-05": {
            "month": "2018-05",
            "price": "20.67",
            "revenue": 157216
        },
        "2018-06": {
            "month": "2018-06",
            "price": "20.58",
            "revenue": 166570
        },
        "2018-07": {
            "month": "2018-07",
            "price": "19.26",
            "revenue": 203196
        },
        "2018-08": {
            "month": "2018-08",
            "price": "19.33",
            "revenue": 238247
        },
        "2018-09": {
            "month": "2018-09",
            "price": "19.30",
            "revenue": 165268
        },
        "2018-10": {
            "month": "2018-10",
            "price": "17.10",
            "revenue": 165377
        },
        "2018-11": {
            "month": "2018-11",
            "price": "17.02",
            "revenue": 172375
        },
        "2018-12": {
            "month": "2018-12",
            "price": "17.28",
            "revenue": 182425
        },
        "2019-01": {
            "month": "2019-01",
            "price": "17.24",
            "revenue": 205151
        },
        "2019-02": {
            "month": "2019-02",
            "price": "18.80",
            "revenue": 140035
        },
        "2019-03": {
            "month": "2019-03",
            "price": "19.98",
            "revenue": 165643
        },
        "2019-04": {
            "month": "2019-04",
            "price": "20.01",
            "revenue": 178997
        },
        "2019-05": {
            "month": "2019-05",
            "price": "20.39",
            "revenue": 183280
        },
        "2019-06": {
            "month": "2019-06",
            "price": "20.80",
            "revenue": 151994
        },
        "2019-07": {
            "month": "2019-07",
            "price": "19.25",
            "revenue": 166503
        },
        "2019-08": {
            "month": "2019-08",
            "price": "18.42",
            "revenue": 150673
        },
        "2019-09": {
            "month": "2019-09",
            "price": "18.17",
            "revenue": 117997
        },
        "2019-10": {
            "month": "2019-10",
            "price": "18.12",
            "revenue": 147973
        },
        "2019-11": {
            "month": "2019-11",
            "price": "18.23",
            "revenue": 149486
        },
        "2019-12": {
            "month": "2019-12",
            "price": "18.42",
            "revenue": 160406
        },
        "2020-01": {
            "month": "2020-01",
            "price": "18.35",
            "revenue": 114486
        },
        "2020-02": {
            "month": "2020-02",
            "price": "18.09",
            "revenue": 146138
        },
        "2020-03": {
            "month": "2020-03",
            "price": "17.03",
            "revenue": 112721
        },
        "2020-04": {
            "month": "2020-04",
            "price": "16.82",
            "revenue": 28631
        },
        "2020-05": {
            "month": "2020-05",
            "price": "16.92",
            "revenue": 50251
        },
        "2020-06": {
            "month": "2020-06",
            "price": "17.46",
            "revenue": 65767
        },
        "2020-07": {
            "month": "2020-07",
            "price": "16.25",
            "revenue": 81921
        },
        "2020-08": {
            "month": "2020-08",
            "price": "15.33",
            "revenue": 110149
        },
        "2020-09": {
            "month": "2020-09",
            "price": "15.70",
            "revenue": 116783
        },
        "2020-10": {
            "month": "2020-10",
            "price": "15.49",
            "revenue": 119450
        },
        "2020-11": {
            "month": "2020-11",
            "price": "15.74",
            "revenue": 142400
        },
        "2020-12": {
            "month": "2020-12",
            "price": "16.90",
            "revenue": 183208
        },
        "2021-01": {
            "month": "2021-01",
            "price": "16.72",
            "revenue": 170473
        },
        "2021-02": {
            "month": "2021-02",
            "price": "17.24",
            "revenue": 141746
        },
        "2021-03": {
            "month": "2021-03",
            "price": "17.70",
            "revenue": 201142
        },
        "2021-04": {
            "month": "2021-04",
            "price": "21.54",
            "revenue": 162389
        },
        "2021-05": {
            "month": "2021-05",
            "price": "23.60",
            "revenue": 165986
        },
        "2021-06": {
            "month": "2021-06",
            "price": "25.68",
            "revenue": 162515
        },
        "2021-07": {
            "month": "2021-07",
            "price": "25.64",
            "revenue": 167154
        },
        "2021-08": {
            "month": "2021-08",
            "price": "24.18",
            "revenue": 171621
        },
        "2021-09": {
            "month": "2021-09",
            "price": "23.80",
            "revenue": 162067
        },
        "2021-10": {
            "month": "2021-10",
            "price": "23.74",
            "revenue": 184852
        },
        "2021-11": {
            "month": "2021-11",
            "price": "23.39",
            "revenue": 216459
        },
        "2021-12": {
            "month": "2021-12",
            "price": "23.82",
            "revenue": 191268
        },
        "2022-01": {
            "month": "2022-01",
            "price": "23.30",
            "revenue": 175169
        },
        "2022-02": {
            "month": "2022-02",
            "price": "23.59",
            "revenue": 147000
        },
        "2022-03": {
            "month": "2022-03",
            "price": "24.45",
            "revenue": 193024
        },
        "2022-04": {
            "month": "2022-04",
            "price": "24.13",
            "revenue": 164269
        },
        "2022-05": {
            "month": "2022-05",
            "price": "22.10",
            "revenue": 178007
        },
        "2022-06": {
            "month": "2022-06",
            "price": "22.00",
            "revenue": 167982
        },
        "2022-07": {
            "month": "2022-07",
            "price": "18.62",
            "revenue": 135987
        },
        "2022-08": {
            "month": "2022-08",
            "price": "18.74",
            "revenue": 134402
        },
        "2022-09": {
            "month": "2022-09",
            "price": "18.40",
            "revenue": 133017
        },
        "2022-10": {
            "month": "2022-10",
            "price": "17.10",
            "revenue": 124496
        },
        "2022-11": {
            "month": "2022-11",
            "price": "17.49",
            "revenue": 137930
        },
        "2022-12": {
            "month": "2022-12",
            "price": "17.62",
            "revenue": 127138
        },
        "2023-01": {
            "month": "2023-01",
            "price": "17.52",
            "revenue": 68343
        },
        "2023-02": {
            "month": "2023-02",
            "price": "17.98",
            "revenue": 84182
        },
        "2023-03": {
            "month": "2023-03",
            "price": "17.89",
            "revenue": 107333
        },
        "2023-04": {
            "month": "2023-04",
            "price": "17.66",
            "revenue": 82732
        },
        "2023-05": {
            "month": "2023-05",
            "price": "17.57",
            "revenue": 101889
        },
        "2023-06": {
            "month": "2023-06",
            "price": "17.64",
            "revenue": 94651
        },
        "2023-07": {
            "month": "2023-07",
            "price": "17.01",
            "revenue": 97837
        },
        "2023-08": {
            "month": "2023-08",
            "price": "16.46",
            "revenue": 104627
        },
        "2023-09": {
            "month": "2023-09",
            "price": "16.47",
            "revenue": 93126
        }
    }
}
