{
    "summary": {
        "stock_name": "大將",
        "stock_id": "1453",
        "category": "建材營造",
        "main_business": "營建<br>紡織",
        "website_url": "http://www.tajiang.com.tw",
        "ceo": "葉義雄",
        "pe_ratio": -32,
        "report_year_from": 2001,
        "report_year_to": 2023,
        "age": 22,
        "eps_negative_percentage": 43,
        "eps_growth_avg": {
            "last_all": -58.01,
            "last_2y": 0,
            "last_4y": -33.33,
            "last_8y": -60,
            "last_12y": -44.01,
            "last_16y": -49.61,
            "last_20y": -58.01,
            "at_2006_last_3y": -100,
            "at_2007_last_3y": -100,
            "at_2008_last_3y": -100,
            "at_2009_last_3y": -100,
            "at_2010_last_3y": -68,
            "at_2011_last_3y": -70.33,
            "at_2012_last_3y": -3.67,
            "at_2013_last_3y": -24.02,
            "at_2014_last_3y": -40.02,
            "at_2015_last_3y": -28.36,
            "at_2016_last_3y": -95.03,
            "at_2017_last_3y": -100,
            "at_2018_last_3y": -100,
            "at_2019_last_3y": -100,
            "at_2020_last_3y": -100,
            "at_2021_last_3y": 0,
            "at_2022_last_3y": -33.33,
            "at_2023_last_3y": -33.33,
            "at_2006_last_all": -100,
            "at_2007_last_all": -100,
            "at_2008_last_all": -100,
            "at_2009_last_all": -100,
            "at_2010_last_all": -84,
            "at_2011_last_all": -82.2,
            "at_2012_last_all": -51.83,
            "at_2013_last_all": -56.58,
            "at_2014_last_all": -62.01,
            "at_2015_last_all": -62.01,
            "at_2016_last_all": -66.23,
            "at_2017_last_all": -66.23,
            "at_2018_last_all": -66.23,
            "at_2019_last_all": -69.61,
            "at_2020_last_all": -69.61,
            "at_2021_last_all": -54.19,
            "at_2022_last_all": -58.01,
            "at_2023_last_all": -58.01
        },
        "latest_eps": -0.46,
        "latest_price": 14.75,
        "latest_roe": -3.4,
        "latest_gross_margin": 100,
        "latest_equity": 1387111,
        "latest_revenue": 171,
        "latest_gross_profit": 171,
        "latest_net_income": 111,
        "latest_debt_ratio": 25.29,
        "latest_current_ratio": 463.07,
        "latest_account_receivable_turnover_ratio": null,
        "latest_inventory_turnover_ratio": 0,
        "latest_reinvestment_rate": -102.68,
        "latest_research_to_sale_ratio": null
    },
    "eps_dividends": {
        "1990": {
            "cash": 0,
            "stock": 2.25,
            "eps": 0
        },
        "1991": {
            "cash": 0,
            "stock": 1,
            "eps": 0
        },
        "1992": {
            "cash": 0,
            "stock": 1.5,
            "eps": 0
        },
        "1994": {
            "cash": 0,
            "stock": 1,
            "eps": 0
        },
        "1998": {
            "cash": 0,
            "stock": 0.8,
            "eps": 0
        },
        "2001": {
            "cash": 0,
            "stock": 0,
            "eps": 0.37
        },
        "2002": {
            "cash": 0,
            "stock": 0,
            "eps": -2.94
        },
        "2003": {
            "cash": 0,
            "stock": 0,
            "eps": 0.2
        },
        "2004": {
            "cash": 0,
            "stock": 0,
            "eps": -1.38
        },
        "2005": {
            "cash": 0,
            "stock": 0,
            "eps": -5.46
        },
        "2006": {
            "cash": 0,
            "stock": 0,
            "eps": -1.47
        },
        "2007": {
            "cash": 0,
            "stock": 0,
            "eps": 0.69
        },
        "2008": {
            "cash": 0,
            "stock": 0,
            "eps": -0.72
        },
        "2009": {
            "cash": 0,
            "stock": 0,
            "eps": 0.75
        },
        "2010": {
            "cash": 0,
            "stock": 0,
            "eps": 0.48
        },
        "2011": {
            "cash": 0,
            "stock": 0.9,
            "eps": 0.12
        },
        "2012": {
            "cash": 0,
            "stock": 0,
            "eps": 1.61
        },
        "2013": {
            "cash": 0,
            "stock": 0.85,
            "eps": 0.24
        },
        "2014": {
            "cash": 0,
            "stock": 0.5,
            "eps": -0.55
        },
        "2015": {
            "cash": 0,
            "stock": 0,
            "eps": 0.61
        },
        "2016": {
            "cash": 0,
            "stock": 0.2,
            "eps": -0.12
        },
        "2017": {
            "cash": 0,
            "stock": 0,
            "eps": -0.3
        },
        "2018": {
            "cash": 0,
            "stock": 0,
            "eps": 3.75
        },
        "2019": {
            "cash": 0,
            "stock": 1,
            "eps": -0.46
        },
        "2020": {
            "cash": 0,
            "stock": 0.2,
            "eps": 0.15
        },
        "2021": {
            "cash": 0,
            "stock": 0,
            "eps": 1.06
        },
        "2022": {
            "cash": 0,
            "stock": 0.3,
            "eps": -0.12
        },
        "2023": {
            "cash": 0,
            "stock": 0.3,
            "eps": 0
        }
    },
    "dividends": {
        "1990-04-20": {
            "cash": 0,
            "stock": 2.25
        },
        "1991-05-29": {
            "cash": 0,
            "stock": 1
        },
        "1992-05-31": {
            "cash": 0,
            "stock": 1.5
        },
        "1994-04-20": {
            "cash": 0,
            "stock": 1
        },
        "1998-06-22": {
            "cash": 0,
            "stock": 0.8
        },
        "2011-01-01": {
            "cash": 0,
            "stock": 0.4
        },
        "2011-03-18": {
            "cash": 0,
            "stock": 0.5
        },
        "2013-07-23": {
            "cash": 0,
            "stock": 0.85
        },
        "2014-06-12": {
            "cash": 0,
            "stock": 0.5
        },
        "2016-03-24": {
            "cash": 0,
            "stock": 0.2
        },
        "2019-03-20": {
            "cash": 0,
            "stock": 1
        },
        "2020-03-20": {
            "cash": 0,
            "stock": 0.2
        },
        "2022-03-24": {
            "cash": 0,
            "stock": 0.3
        },
        "2023-03-22": {
            "cash": 0,
            "stock": 0.3
        }
    },
    "prices": {
        "200101": "3.88",
        "200102": "5.78",
        "200103": "8.47",
        "200104": "12.20",
        "200105": "12.68",
        "200106": "12.04",
        "200107": "8.07",
        "200108": "8.19",
        "200109": "7.25",
        "200110": "6.30",
        "200111": "6.97",
        "200112": "8.24",
        "200201": "9.09",
        "200202": "8.73",
        "200203": "9.25",
        "200204": "10.55",
        "200205": "8.14",
        "200206": "7.44",
        "200207": "6.40",
        "200208": "5.37",
        "200209": "4.37",
        "200210": "4.14",
        "200211": "5.49",
        "200212": "4.84",
        "200301": "5.08",
        "200302": "4.25",
        "200303": "3.69",
        "200304": "3.15",
        "200305": "2.38",
        "200306": "3.33",
        "200307": "3.40",
        "200308": "4.15",
        "200309": "3.83",
        "200310": "5.04",
        "200311": "5.43",
        "200312": "10.22",
        "200401": "9.47",
        "200402": "10.48",
        "200403": "9.51",
        "200404": "8.82",
        "200405": "7.43",
        "200406": "7.03",
        "200407": "6.11",
        "200408": "5.56",
        "200409": "4.98",
        "200410": "4.36",
        "200411": "4.04",
        "200412": "3.86",
        "200501": "3.86",
        "200502": "3.89",
        "200503": "3.61",
        "200504": "2.98",
        "200505": "2.21",
        "200506": "2.73",
        "200507": "2.73",
        "200508": "2.41",
        "200509": "2.10",
        "200510": "2.00",
        "200511": "1.91",
        "200512": "3.04",
        "200601": "3.17",
        "200602": "2.62",
        "200603": "2.88",
        "200604": "2.89",
        "200605": "1.91",
        "200606": "1.66",
        "200607": "1.25",
        "200608": "1.25",
        "200609": "1.07",
        "200610": "1.11",
        "200611": "1.41",
        "200612": "3.66",
        "200701": "3.21",
        "200702": "3.39",
        "200703": "4.55",
        "200704": "5.24",
        "200705": "4.31",
        "200706": "4.18",
        "200707": "4.29",
        "200708": "4.21",
        "200709": "4.10",
        "200710": "4.19",
        "200711": "3.67",
        "200712": "3.70",
        "200801": "3.20",
        "200802": "3.02",
        "200803": "3.21",
        "200804": "3.95",
        "200805": "8.41",
        "200806": "7.96",
        "200807": "7.74",
        "200808": "7.05",
        "200809": "5.03",
        "200810": "4.75",
        "200811": "7.09",
        "200812": "6.36",
        "200901": "6.58",
        "200902": "6.01",
        "200903": "6.02",
        "200904": "7.32",
        "200905": "7.29",
        "200906": "7.38",
        "200907": "7.41",
        "200908": "7.52",
        "200909": "8.28",
        "200910": "9.07",
        "200911": "8.92",
        "200912": "8.96",
        "201001": "10.16",
        "201002": "8.97",
        "201003": "9.03",
        "201004": "10.53",
        "201005": "10.08",
        "201006": "9.77",
        "201007": "9.94",
        "201008": "13.69",
        "201009": "12.71",
        "201010": "12.53",
        "201011": "11.83",
        "201012": "11.46",
        "201101": "10.93",
        "201102": "10.24",
        "201103": "10.25",
        "201104": "10.47",
        "201105": "11.11",
        "201106": "10.12",
        "201107": "9.51",
        "201108": "8.74",
        "201109": "8.56",
        "201110": "8.67",
        "201111": "8.74",
        "201112": "8.55",
        "201201": "8.57",
        "201202": "8.82",
        "201203": "8.59",
        "201204": "8.59",
        "201205": "8.54",
        "201206": "8.54",
        "201207": "8.66",
        "201208": "9.03",
        "201209": "9.25",
        "201210": "10.47",
        "201211": "9.62",
        "201212": "10.88",
        "201301": "10.70",
        "201302": "10.25",
        "201303": "10.14",
        "201304": "10.61",
        "201305": "10.70",
        "201306": "11.23",
        "201307": "10.72",
        "201308": "10.53",
        "201309": "10.67",
        "201310": "10.69",
        "201311": "10.02",
        "201312": "9.85",
        "201401": "9.87",
        "201402": "10.11",
        "201403": "9.82",
        "201404": "9.84",
        "201405": "9.87",
        "201406": "10.19",
        "201407": "10.12",
        "201408": "10.00",
        "201409": "9.91",
        "201410": "9.28",
        "201411": "8.85",
        "201412": "9.31",
        "201501": "9.18",
        "201502": "9.04",
        "201503": "8.99",
        "201504": "8.66",
        "201505": "9.14",
        "201506": "11.12",
        "201507": "11.18",
        "201508": "8.89",
        "201509": "8.84",
        "201510": "8.62",
        "201511": "8.37",
        "201512": "8.37",
        "201601": "8.08",
        "201602": "7.66",
        "201603": "8.56",
        "201604": "8.55",
        "201605": "8.36",
        "201606": "8.34",
        "201607": "8.21",
        "201608": "8.02",
        "201609": "8.09",
        "201610": "7.97",
        "201611": "7.96",
        "201612": "7.89",
        "201701": "7.92",
        "201702": "7.98",
        "201703": "7.95",
        "201704": "7.90",
        "201705": "7.84",
        "201706": "8.40",
        "201707": "7.89",
        "201708": "7.77",
        "201709": "8.21",
        "201710": "8.11",
        "201711": "8.82",
        "201712": "9.55",
        "201801": "10.04",
        "201802": "9.81",
        "201803": "10.09",
        "201804": "10.68",
        "201805": "10.42",
        "201806": "9.71",
        "201807": "9.07",
        "201808": "9.10",
        "201809": "8.97",
        "201810": "8.64",
        "201811": "8.66",
        "201812": "9.03",
        "201901": "9.12",
        "201902": "9.28",
        "201903": "9.39",
        "201904": "9.20",
        "201905": "9.13",
        "201906": "9.12",
        "201907": "9.03",
        "201908": "8.11",
        "201909": "7.98",
        "201910": "8.00",
        "201911": "8.17",
        "201912": "8.05",
        "202001": "8.11",
        "202002": "8.13",
        "202003": "7.04",
        "202004": "6.75",
        "202005": "6.97",
        "202006": "7.68",
        "202007": "8.04",
        "202008": "8.17",
        "202009": "8.65",
        "202010": "8.52",
        "202011": "8.60",
        "202012": "8.82",
        "202101": "8.51",
        "202102": "8.30",
        "202103": "8.45",
        "202104": "9.22",
        "202105": "9.69",
        "202106": "9.26",
        "202107": "8.93",
        "202108": "8.48",
        "202109": "8.60",
        "202110": "8.54",
        "202111": "8.68",
        "202112": "8.97",
        "202201": "8.97",
        "202202": "8.83",
        "202203": "8.66",
        "202204": "16.59",
        "202205": "25.36",
        "202206": "26.18",
        "202207": "18.93",
        "202208": "22.47",
        "202209": "19.06",
        "202210": "14.57",
        "202211": "15.59",
        "202212": "16.08",
        "202301": "14.78",
        "202302": "16.79",
        "202303": "15.87",
        "202304": "15.73",
        "202305": "15.10",
        "202306": "14.91"
    },
    "quarters": {
        "20011": {
            "year_quarter": 20011,
            "year": 2001,
            "quarter": 1,
            "eps": 0.26,
            "eps_growth_year": 36.84,
            "eps_4q": -2.56,
            "eps_4q_growth_year": null,
            "roe": 3.27,
            "roe_4q": 3.27,
            "gross_profit": -4105,
            "gross_margin": -1.3,
            "gross_margin_4q_avg": -1.3,
            "net_income": 39071,
            "revenue": 315676,
            "common_shares": 1493884,
            "book_valuer_per_share": 8.07,
            "book_valuer_per_share_4q_avg": 8.07,
            "equity": 1204993,
            "current_ratio": 115.46,
            "debt_ratio": 50.76,
            "inventory_turnover_ratio": 0.36,
            "account_receivable_turnover_ratio": null,
            "reinvestment_rate": null,
            "research_to_sale_ratio": null,
            "price_fair": 0,
            "eps_avg_yearly": 0,
            "eps_latest_yearly": 0,
            "eps_growth_yearly": 0
        },
        "20012": {
            "year_quarter": 20012,
            "year": 2001,
            "quarter": 2,
            "eps": 0.09,
            "eps_growth_year": null,
            "eps_4q": -1.95,
            "eps_4q_growth_year": null,
            "roe": 1.16,
            "roe_4q": 4.43,
            "gross_profit": 16851,
            "gross_margin": 2.73,
            "gross_margin_4q_avg": 0.72,
            "net_income": 14084,
            "revenue": 617133,
            "common_shares": 1493884,
            "book_valuer_per_share": 8.16,
            "book_valuer_per_share_4q_avg": 8.12,
            "equity": 1219077,
            "current_ratio": 114.4,
            "debt_ratio": 55.09,
            "inventory_turnover_ratio": 0.7,
            "account_receivable_turnover_ratio": null,
            "reinvestment_rate": null,
            "research_to_sale_ratio": null,
            "price_fair": 0,
            "eps_avg_yearly": 0,
            "eps_latest_yearly": 0,
            "eps_growth_yearly": 0
        },
        "20013": {
            "year_quarter": 20013,
            "year": 2001,
            "quarter": 3,
            "eps": -0.08,
            "eps_growth_year": null,
            "eps_4q": -1.77,
            "eps_4q_growth_year": null,
            "roe": -0.94,
            "roe_4q": 3.49,
            "gross_profit": 31683,
            "gross_margin": 3.64,
            "gross_margin_4q_avg": 1.69,
            "net_income": -11404,
            "revenue": 870482,
            "common_shares": 1493884,
            "book_valuer_per_share": 8.07,
            "book_valuer_per_share_4q_avg": 8.1,
            "equity": 1205880,
            "current_ratio": 108.66,
            "debt_ratio": 54.58,
            "inventory_turnover_ratio": 1.02,
            "account_receivable_turnover_ratio": null,
            "reinvestment_rate": null,
            "research_to_sale_ratio": null,
            "price_fair": 0,
            "eps_avg_yearly": 0,
            "eps_latest_yearly": 0,
            "eps_growth_yearly": 0
        },
        "20014": {
            "year_quarter": 20014,
            "year": 2001,
            "quarter": 4,
            "eps": 0.1,
            "eps_growth_year": null,
            "eps_4q": 0.37,
            "eps_4q_growth_year": null,
            "roe": 1.23,
            "roe_4q": 4.72,
            "gross_profit": 23843,
            "gross_margin": 3.01,
            "gross_margin_4q_avg": 2.02,
            "net_income": 15206,
            "revenue": 791451,
            "common_shares": 1493884,
            "book_valuer_per_share": 8.09,
            "book_valuer_per_share_4q_avg": 8.1,
            "equity": 1264184,
            "current_ratio": 120.03,
            "debt_ratio": 52.43,
            "inventory_turnover_ratio": 0.89,
            "account_receivable_turnover_ratio": null,
            "reinvestment_rate": null,
            "research_to_sale_ratio": null,
            "price_fair": 0,
            "eps_avg_yearly": 0,
            "eps_latest_yearly": 0,
            "eps_growth_yearly": 0
        },
        "20021": {
            "year_quarter": 20021,
            "year": 2002,
            "quarter": 1,
            "eps": 0.05,
            "eps_growth_year": -80.77,
            "eps_4q": 0.17,
            "eps_4q_growth_year": null,
            "roe": 0.61,
            "roe_4q": 2.0599999999999996,
            "gross_profit": 13669,
            "gross_margin": 2.44,
            "gross_margin_4q_avg": 2.96,
            "net_income": 7485,
            "revenue": 560683,
            "common_shares": 1493884,
            "book_valuer_per_share": 7.97,
            "book_valuer_per_share_4q_avg": 8.07,
            "equity": 1191187,
            "current_ratio": 112.36,
            "debt_ratio": 52.02,
            "inventory_turnover_ratio": 0.65,
            "account_receivable_turnover_ratio": null,
            "reinvestment_rate": null,
            "research_to_sale_ratio": null,
            "price_fair": 0.6,
            "eps_avg_yearly": 0.2,
            "eps_latest_yearly": 0.2,
            "eps_growth_yearly": -200
        },
        "20022": {
            "year_quarter": 20022,
            "year": 2002,
            "quarter": 2,
            "eps": 0.07,
            "eps_growth_year": -22.22,
            "eps_4q": 0.14,
            "eps_4q_growth_year": null,
            "roe": 0.9,
            "roe_4q": 1.8000000000000003,
            "gross_profit": 19212,
            "gross_margin": 3.7,
            "gross_margin_4q_avg": 3.2,
            "net_income": 10794,
            "revenue": 519864,
            "common_shares": 1493884,
            "book_valuer_per_share": 8.05,
            "book_valuer_per_share_4q_avg": 8.05,
            "equity": 1201965,
            "current_ratio": 109.07,
            "debt_ratio": 50.99,
            "inventory_turnover_ratio": 0.65,
            "account_receivable_turnover_ratio": null,
            "reinvestment_rate": null,
            "research_to_sale_ratio": null,
            "price_fair": 0.72,
            "eps_avg_yearly": 0.24,
            "eps_latest_yearly": 0.28,
            "eps_growth_yearly": -20
        },
        "20023": {
            "year_quarter": 20023,
            "year": 2002,
            "quarter": 3,
            "eps": -0.08,
            "eps_growth_year": null,
            "eps_4q": 0.15,
            "eps_4q_growth_year": null,
            "roe": -0.93,
            "roe_4q": 1.81,
            "gross_profit": 20528,
            "gross_margin": 4.39,
            "gross_margin_4q_avg": 3.39,
            "net_income": -11147,
            "revenue": 467616,
            "common_shares": 1493884,
            "book_valuer_per_share": 7.97,
            "book_valuer_per_share_4q_avg": 8.02,
            "equity": 1190818,
            "current_ratio": 110.69,
            "debt_ratio": 50.68,
            "inventory_turnover_ratio": 0.56,
            "account_receivable_turnover_ratio": null,
            "reinvestment_rate": null,
            "research_to_sale_ratio": null,
            "price_fair": 0.72,
            "eps_avg_yearly": 0.24,
            "eps_latest_yearly": 0.28,
            "eps_growth_yearly": -20
        },
        "20024": {
            "year_quarter": 20024,
            "year": 2002,
            "quarter": 4,
            "eps": -2.98,
            "eps_growth_year": -3080,
            "eps_4q": -2.91,
            "eps_4q_growth_year": -876.73,
            "roe": -43.07,
            "roe_4q": -42.49,
            "gross_profit": -9415,
            "gross_margin": -2.05,
            "gross_margin_4q_avg": 2.12,
            "net_income": -430997,
            "revenue": 458757,
            "common_shares": 1493884,
            "book_valuer_per_share": 5.09,
            "book_valuer_per_share_4q_avg": 7.27,
            "equity": 810458,
            "current_ratio": 86.96,
            "debt_ratio": 60.75,
            "inventory_turnover_ratio": 0.74,
            "account_receivable_turnover_ratio": null,
            "reinvestment_rate": null,
            "research_to_sale_ratio": null,
            "price_fair": 0.72,
            "eps_avg_yearly": 0.24,
            "eps_latest_yearly": 0.28,
            "eps_growth_yearly": -20
        },
        "20031": {
            "year_quarter": 20031,
            "year": 2003,
            "quarter": 1,
            "eps": 0.08,
            "eps_growth_year": 60,
            "eps_4q": -2.97,
            "eps_4q_growth_year": -1851.01,
            "roe": 1.43,
            "roe_4q": -41.67,
            "gross_profit": 19315,
            "gross_margin": 9.05,
            "gross_margin_4q_avg": 3.77,
            "net_income": 11323,
            "revenue": 213377,
            "common_shares": 1493884,
            "book_valuer_per_share": 5.16,
            "book_valuer_per_share_4q_avg": 6.57,
            "equity": 771144,
            "current_ratio": 65.72,
            "debt_ratio": 57.56,
            "inventory_turnover_ratio": 0.51,
            "account_receivable_turnover_ratio": null,
            "reinvestment_rate": null,
            "research_to_sale_ratio": null,
            "price_fair": 0.72,
            "eps_avg_yearly": 0.24,
            "eps_latest_yearly": 0.28,
            "eps_growth_yearly": -20
        },
        "20032": {
            "year_quarter": 20032,
            "year": 2003,
            "quarter": 2,
            "eps": 0.08,
            "eps_growth_year": 14.29,
            "eps_4q": -3.08,
            "eps_4q_growth_year": -2251.66,
            "roe": 1.4,
            "roe_4q": -41.17,
            "gross_profit": 28319,
            "gross_margin": 6.47,
            "gross_margin_4q_avg": 4.47,
            "net_income": 10903,
            "revenue": 437710,
            "common_shares": 1493884,
            "book_valuer_per_share": 5.23,
            "book_valuer_per_share_4q_avg": 5.86,
            "equity": 782047,
            "current_ratio": 62.13,
            "debt_ratio": 49.79,
            "inventory_turnover_ratio": 1.85,
            "account_receivable_turnover_ratio": null,
            "reinvestment_rate": null,
            "research_to_sale_ratio": null,
            "price_fair": 0.8,
            "eps_avg_yearly": 0.27,
            "eps_latest_yearly": 0.32,
            "eps_growth_yearly": -13.33
        },
        "20033": {
            "year_quarter": 20033,
            "year": 2003,
            "quarter": 3,
            "eps": 0,
            "eps_growth_year": null,
            "eps_4q": -5.13,
            "eps_4q_growth_year": -3527.74,
            "roe": -0.01,
            "roe_4q": -40.25,
            "gross_profit": 17368,
            "gross_margin": 7.76,
            "gross_margin_4q_avg": 5.31,
            "net_income": -107,
            "revenue": 223877,
            "common_shares": 797734,
            "book_valuer_per_share": 9.8,
            "book_valuer_per_share_4q_avg": 6.32,
            "equity": 781940,
            "current_ratio": 58.28,
            "debt_ratio": 47.81,
            "inventory_turnover_ratio": 2.12,
            "account_receivable_turnover_ratio": null,
            "reinvestment_rate": null,
            "research_to_sale_ratio": null,
            "price_fair": 0.8,
            "eps_avg_yearly": 0.27,
            "eps_latest_yearly": 0.32,
            "eps_growth_yearly": -13.33
        },
        "20034": {
            "year_quarter": 20034,
            "year": 2003,
            "quarter": 4,
            "eps": 0.04,
            "eps_growth_year": null,
            "eps_4q": 0.3,
            "eps_4q_growth_year": null,
            "roe": 0.42,
            "roe_4q": 3.2399999999999998,
            "gross_profit": 20275,
            "gross_margin": 7.44,
            "gross_margin_4q_avg": 7.68,
            "net_income": 3400,
            "revenue": 272350,
            "common_shares": 797734,
            "book_valuer_per_share": 9.85,
            "book_valuer_per_share_4q_avg": 7.51,
            "equity": 836377,
            "current_ratio": 93.02,
            "debt_ratio": 48.22,
            "inventory_turnover_ratio": 1.52,
            "account_receivable_turnover_ratio": null,
            "reinvestment_rate": null,
            "research_to_sale_ratio": null,
            "price_fair": 0.8,
            "eps_avg_yearly": 0.27,
            "eps_latest_yearly": 0.32,
            "eps_growth_yearly": -13.33
        },
        "20041": {
            "year_quarter": 20041,
            "year": 2004,
            "quarter": 1,
            "eps": 0.12,
            "eps_growth_year": 50,
            "eps_4q": 0.3,
            "eps_4q_growth_year": null,
            "roe": 1.16,
            "roe_4q": 2.9699999999999998,
            "gross_profit": 22117,
            "gross_margin": 7.94,
            "gross_margin_4q_avg": 7.4,
            "net_income": 9500,
            "revenue": 278532,
            "common_shares": 797734,
            "book_valuer_per_share": 9.96,
            "book_valuer_per_share_4q_avg": 8.71,
            "equity": 794731,
            "current_ratio": 69.15,
            "debt_ratio": 48.69,
            "inventory_turnover_ratio": 1.43,
            "account_receivable_turnover_ratio": null,
            "reinvestment_rate": null,
            "research_to_sale_ratio": null,
            "price_fair": 11.2,
            "eps_avg_yearly": 0.32,
            "eps_latest_yearly": 0.48,
            "eps_growth_yearly": 190
        },
        "20042": {
            "year_quarter": 20042,
            "year": 2004,
            "quarter": 2,
            "eps": -0.06,
            "eps_growth_year": -175,
            "eps_4q": 0.11,
            "eps_4q_growth_year": null,
            "roe": -0.54,
            "roe_4q": 1.0299999999999998,
            "gross_profit": 35168,
            "gross_margin": 17.17,
            "gross_margin_4q_avg": 10.08,
            "net_income": -4297,
            "revenue": 204776,
            "common_shares": 797734,
            "book_valuer_per_share": 9.91,
            "book_valuer_per_share_4q_avg": 9.88,
            "equity": 790460,
            "current_ratio": 105.75,
            "debt_ratio": 47.48,
            "inventory_turnover_ratio": 0.74,
            "account_receivable_turnover_ratio": null,
            "reinvestment_rate": null,
            "research_to_sale_ratio": null,
            "price_fair": 11.2,
            "eps_avg_yearly": 0.32,
            "eps_latest_yearly": 0.48,
            "eps_growth_yearly": 190
        },
        "20043": {
            "year_quarter": 20043,
            "year": 2004,
            "quarter": 3,
            "eps": -0.28,
            "eps_growth_year": null,
            "eps_4q": -0.17,
            "eps_4q_growth_year": null,
            "roe": -2.8,
            "roe_4q": -1.7599999999999998,
            "gross_profit": 10584,
            "gross_margin": 9.93,
            "gross_margin_4q_avg": 10.62,
            "net_income": -21855,
            "revenue": 106627,
            "common_shares": 797734,
            "book_valuer_per_share": 9.64,
            "book_valuer_per_share_4q_avg": 9.84,
            "equity": 768689,
            "current_ratio": 106.59,
            "debt_ratio": 46.08,
            "inventory_turnover_ratio": 0.27,
            "account_receivable_turnover_ratio": null,
            "reinvestment_rate": null,
            "research_to_sale_ratio": null,
            "price_fair": 11.2,
            "eps_avg_yearly": 0.32,
            "eps_latest_yearly": 0.48,
            "eps_growth_yearly": 190
        },
        "20044": {
            "year_quarter": 20044,
            "year": 2004,
            "quarter": 4,
            "eps": -1.16,
            "eps_growth_year": -3000,
            "eps_4q": -1.31,
            "eps_4q_growth_year": -535.02,
            "roe": -12.04,
            "roe_4q": -14.219999999999999,
            "gross_profit": 9565,
            "gross_margin": 6.63,
            "gross_margin_4q_avg": 10.42,
            "net_income": -89874,
            "revenue": 144332,
            "common_shares": 797734,
            "book_valuer_per_share": 8.5,
            "book_valuer_per_share_4q_avg": 9.5,
            "equity": 724675,
            "current_ratio": 114.67,
            "debt_ratio": 50.57,
            "inventory_turnover_ratio": 0.35,
            "account_receivable_turnover_ratio": null,
            "reinvestment_rate": null,
            "research_to_sale_ratio": null,
            "price_fair": 11.2,
            "eps_avg_yearly": 0.32,
            "eps_latest_yearly": 0.48,
            "eps_growth_yearly": 190
        },
        "20051": {
            "year_quarter": 20051,
            "year": 2005,
            "quarter": 1,
            "eps": -2.36,
            "eps_growth_year": -2066.67,
            "eps_4q": -3.86,
            "eps_4q_growth_year": -1390.4,
            "roe": -28.5,
            "roe_4q": -43.879999999999995,
            "gross_profit": -30643,
            "gross_margin": -84.64,
            "gross_margin_4q_avg": -12.73,
            "net_income": -182255,
            "revenue": 36206,
            "common_shares": 797734,
            "book_valuer_per_share": 6.95,
            "book_valuer_per_share_4q_avg": 8.75,
            "equity": 554145,
            "current_ratio": 78.71,
            "debt_ratio": 47.94,
            "inventory_turnover_ratio": 0.21,
            "account_receivable_turnover_ratio": null,
            "reinvestment_rate": null,
            "research_to_sale_ratio": null,
            "price_fair": 11.2,
            "eps_avg_yearly": 0.32,
            "eps_latest_yearly": 0.48,
            "eps_growth_yearly": 190
        },
        "20052": {
            "year_quarter": 20052,
            "year": 2005,
            "quarter": 2,
            "eps": -0.15,
            "eps_growth_year": null,
            "eps_4q": -3.83,
            "eps_4q_growth_year": -3692.48,
            "roe": -2.05,
            "roe_4q": -45.39,
            "gross_profit": -22226,
            "gross_margin": -147.31,
            "gross_margin_4q_avg": -53.85,
            "net_income": -11234,
            "revenue": 15088,
            "common_shares": 797734,
            "book_valuer_per_share": 6.81,
            "book_valuer_per_share_4q_avg": 7.98,
            "equity": 542885,
            "current_ratio": 86.12,
            "debt_ratio": 47.23,
            "inventory_turnover_ratio": 0.18,
            "account_receivable_turnover_ratio": null,
            "reinvestment_rate": null,
            "research_to_sale_ratio": null,
            "price_fair": 11.2,
            "eps_avg_yearly": 0.32,
            "eps_latest_yearly": 0.48,
            "eps_growth_yearly": 190
        },
        "20053": {
            "year_quarter": 20053,
            "year": 2005,
            "quarter": 3,
            "eps": -0.22,
            "eps_growth_year": null,
            "eps_4q": -3.77,
            "eps_4q_growth_year": null,
            "roe": -3.24,
            "roe_4q": -45.83,
            "gross_profit": -38849,
            "gross_margin": -331.11,
            "gross_margin_4q_avg": -139.11,
            "net_income": -17291,
            "revenue": 11733,
            "common_shares": 797734,
            "book_valuer_per_share": 6.59,
            "book_valuer_per_share_4q_avg": 7.21,
            "equity": 525724,
            "current_ratio": 84.17,
            "debt_ratio": 48.66,
            "inventory_turnover_ratio": 0.26,
            "account_receivable_turnover_ratio": null,
            "reinvestment_rate": null,
            "research_to_sale_ratio": null,
            "price_fair": 11.2,
            "eps_avg_yearly": 0.32,
            "eps_latest_yearly": 0.48,
            "eps_growth_yearly": 190
        },
        "20054": {
            "year_quarter": 20054,
            "year": 2005,
            "quarter": 4,
            "eps": -2.73,
            "eps_growth_year": null,
            "eps_4q": -5.45,
            "eps_4q_growth_year": null,
            "roe": -49.14,
            "roe_4q": -82.93,
            "gross_profit": 22,
            "gross_margin": 0.57,
            "gross_margin_4q_avg": -140.62,
            "net_income": -210847,
            "revenue": 3838,
            "common_shares": 797734,
            "book_valuer_per_share": 3.95,
            "book_valuer_per_share_4q_avg": 6.08,
            "equity": 332423,
            "current_ratio": 92.49,
            "debt_ratio": 66.15,
            "inventory_turnover_ratio": 0.01,
            "account_receivable_turnover_ratio": null,
            "reinvestment_rate": null,
            "research_to_sale_ratio": null,
            "price_fair": 11.2,
            "eps_avg_yearly": 0.32,
            "eps_latest_yearly": 0.48,
            "eps_growth_yearly": 190
        },
        "20061": {
            "year_quarter": 20061,
            "year": 2006,
            "quarter": 1,
            "eps": -0.12,
            "eps_growth_year": null,
            "eps_4q": -3.09,
            "eps_4q_growth_year": null,
            "roe": -3.03,
            "roe_4q": -57.46,
            "gross_profit": 786,
            "gross_margin": 12.61,
            "gross_margin_4q_avg": -116.31,
            "net_income": -9682,
            "revenue": 6235,
            "common_shares": 797734,
            "book_valuer_per_share": 3.85,
            "book_valuer_per_share_4q_avg": 5.3,
            "equity": 307188,
            "current_ratio": 78.94,
            "debt_ratio": 62.68,
            "inventory_turnover_ratio": 0.02,
            "account_receivable_turnover_ratio": null,
            "reinvestment_rate": null,
            "research_to_sale_ratio": null,
            "price_fair": 12.6,
            "eps_avg_yearly": 0.36,
            "eps_latest_yearly": 0.48,
            "eps_growth_yearly": 320
        },
        "20062": {
            "year_quarter": 20062,
            "year": 2006,
            "quarter": 2,
            "eps": -0.15,
            "eps_growth_year": null,
            "eps_4q": -3.13,
            "eps_4q_growth_year": null,
            "roe": -3.82,
            "roe_4q": -59.230000000000004,
            "gross_profit": 943,
            "gross_margin": 8.53,
            "gross_margin_4q_avg": -77.35,
            "net_income": -11590,
            "revenue": 11056,
            "common_shares": 797734,
            "book_valuer_per_share": 3.76,
            "book_valuer_per_share_4q_avg": 4.54,
            "equity": 299769,
            "current_ratio": 79.02,
            "debt_ratio": 64.03,
            "inventory_turnover_ratio": 0.04,
            "account_receivable_turnover_ratio": null,
            "reinvestment_rate": null,
            "research_to_sale_ratio": null,
            "price_fair": 14,
            "eps_avg_yearly": 0.4,
            "eps_latest_yearly": 0.48,
            "eps_growth_yearly": 400
        },
        "20063": {
            "year_quarter": 20063,
            "year": 2006,
            "quarter": 3,
            "eps": -0.25,
            "eps_growth_year": null,
            "eps_4q": -6.81,
            "eps_4q_growth_year": null,
            "roe": -2.9,
            "roe_4q": -58.89,
            "gross_profit": 1127,
            "gross_margin": 10.54,
            "gross_margin_4q_avg": 8.06,
            "net_income": -8580,
            "revenue": 10693,
            "common_shares": 353394,
            "book_valuer_per_share": 8.26,
            "book_valuer_per_share_4q_avg": 4.96,
            "equity": 291803,
            "current_ratio": 72.84,
            "debt_ratio": 65.51,
            "inventory_turnover_ratio": 0.04,
            "account_receivable_turnover_ratio": null,
            "reinvestment_rate": null,
            "research_to_sale_ratio": null,
            "price_fair": 14,
            "eps_avg_yearly": 0.4,
            "eps_latest_yearly": 0.48,
            "eps_growth_yearly": 400
        },
        "20064": {
            "year_quarter": 20064,
            "year": 2006,
            "quarter": 4,
            "eps": -0.95,
            "eps_growth_year": null,
            "eps_4q": -1.8,
            "eps_4q_growth_year": null,
            "roe": -12.16,
            "roe_4q": -21.91,
            "gross_profit": 4965,
            "gross_margin": 10.18,
            "gross_margin_4q_avg": 10.47,
            "net_income": -33385,
            "revenue": 48778,
            "common_shares": 353394,
            "book_valuer_per_share": 6.79,
            "book_valuer_per_share_4q_avg": 5.67,
            "equity": 257440,
            "current_ratio": 92.45,
            "debt_ratio": 73.75,
            "inventory_turnover_ratio": 0.13,
            "account_receivable_turnover_ratio": null,
            "reinvestment_rate": null,
            "research_to_sale_ratio": null,
            "price_fair": 14,
            "eps_avg_yearly": 0.4,
            "eps_latest_yearly": 0.48,
            "eps_growth_yearly": 400
        },
        "20071": {
            "year_quarter": 20071,
            "year": 2007,
            "quarter": 1,
            "eps": -0.16,
            "eps_growth_year": null,
            "eps_4q": -1.12,
            "eps_4q_growth_year": null,
            "roe": -2.97,
            "roe_4q": -21.85,
            "gross_profit": 2563,
            "gross_margin": 3.04,
            "gross_margin_4q_avg": 8.07,
            "net_income": -8955,
            "revenue": 84313,
            "common_shares": 673394,
            "book_valuer_per_share": 5.14,
            "book_valuer_per_share_4q_avg": 5.99,
            "equity": 345868,
            "current_ratio": 111.78,
            "debt_ratio": 65.85,
            "inventory_turnover_ratio": 0.19,
            "account_receivable_turnover_ratio": null,
            "reinvestment_rate": null,
            "research_to_sale_ratio": null,
            "price_fair": 14,
            "eps_avg_yearly": 0.4,
            "eps_latest_yearly": 0.48,
            "eps_growth_yearly": 400
        },
        "20072": {
            "year_quarter": 20072,
            "year": 2007,
            "quarter": 2,
            "eps": 0.05,
            "eps_growth_year": null,
            "eps_4q": -0.81,
            "eps_4q_growth_year": null,
            "roe": 0.85,
            "roe_4q": -17.18,
            "gross_profit": 6879,
            "gross_margin": 4.97,
            "gross_margin_4q_avg": 7.18,
            "net_income": 2948,
            "revenue": 138528,
            "common_shares": 673394,
            "book_valuer_per_share": 5.13,
            "book_valuer_per_share_4q_avg": 6.33,
            "equity": 345312,
            "current_ratio": 110.26,
            "debt_ratio": 67.2,
            "inventory_turnover_ratio": 0.28,
            "account_receivable_turnover_ratio": null,
            "reinvestment_rate": null,
            "research_to_sale_ratio": null,
            "price_fair": 16.8,
            "eps_avg_yearly": 0.48,
            "eps_latest_yearly": 0.48,
            "eps_growth_yearly": 800
        },
        "20073": {
            "year_quarter": 20073,
            "year": 2007,
            "quarter": 3,
            "eps": -0.05,
            "eps_growth_year": null,
            "eps_4q": -0.64,
            "eps_4q_growth_year": null,
            "roe": -0.99,
            "roe_4q": -15.27,
            "gross_profit": 7236,
            "gross_margin": 4.98,
            "gross_margin_4q_avg": 5.79,
            "net_income": -3414,
            "revenue": 145310,
            "common_shares": 673394,
            "book_valuer_per_share": 5.09,
            "book_valuer_per_share_4q_avg": 5.54,
            "equity": 342509,
            "current_ratio": 109.93,
            "debt_ratio": 66.4,
            "inventory_turnover_ratio": 0.31,
            "account_receivable_turnover_ratio": null,
            "reinvestment_rate": null,
            "research_to_sale_ratio": null,
            "price_fair": 16.8,
            "eps_avg_yearly": 0.48,
            "eps_latest_yearly": 0.48,
            "eps_growth_yearly": 800
        },
        "20074": {
            "year_quarter": 20074,
            "year": 2007,
            "quarter": 4,
            "eps": 0.85,
            "eps_growth_year": null,
            "eps_4q": 0.7,
            "eps_4q_growth_year": null,
            "roe": 13.38,
            "roe_4q": 10.27,
            "gross_profit": 87808,
            "gross_margin": 29.14,
            "gross_margin_4q_avg": 10.53,
            "net_income": 54718,
            "revenue": 301304,
            "common_shares": 873394,
            "book_valuer_per_share": 5.24,
            "book_valuer_per_share_4q_avg": 5.15,
            "equity": 475374,
            "current_ratio": 141.32,
            "debt_ratio": 53.6,
            "inventory_turnover_ratio": 0.51,
            "account_receivable_turnover_ratio": null,
            "reinvestment_rate": null,
            "research_to_sale_ratio": null,
            "price_fair": 16.8,
            "eps_avg_yearly": 0.48,
            "eps_latest_yearly": 0.48,
            "eps_growth_yearly": 800
        },
        "20081": {
            "year_quarter": 20081,
            "year": 2008,
            "quarter": 1,
            "eps": 0.95,
            "eps_growth_year": null,
            "eps_4q": 1.56,
            "eps_4q_growth_year": null,
            "roe": 16.04,
            "roe_4q": 29.280000000000005,
            "gross_profit": 104205,
            "gross_margin": 32.97,
            "gross_margin_4q_avg": 18.02,
            "net_income": 83489,
            "revenue": 316096,
            "common_shares": 873394,
            "book_valuer_per_share": 6.27,
            "book_valuer_per_share_4q_avg": 5.43,
            "equity": 565647,
            "current_ratio": 210.77,
            "debt_ratio": 38.74,
            "inventory_turnover_ratio": 0.61,
            "account_receivable_turnover_ratio": null,
            "reinvestment_rate": null,
            "research_to_sale_ratio": null,
            "price_fair": 133,
            "eps_avg_yearly": 3.8,
            "eps_latest_yearly": 3.8,
            "eps_growth_yearly": 47.06
        },
        "20082": {
            "year_quarter": 20082,
            "year": 2008,
            "quarter": 2,
            "eps": 0.26,
            "eps_growth_year": 420,
            "eps_4q": 1.92,
            "eps_4q_growth_year": null,
            "roe": 3.7,
            "roe_4q": 32.129999999999995,
            "gross_profit": 43316,
            "gross_margin": 24.14,
            "gross_margin_4q_avg": 22.81,
            "net_income": 21225,
            "revenue": 179415,
            "common_shares": 873394,
            "book_valuer_per_share": 6.44,
            "book_valuer_per_share_4q_avg": 5.76,
            "equity": 580088,
            "current_ratio": 226.93,
            "debt_ratio": 37.02,
            "inventory_turnover_ratio": 0.43,
            "account_receivable_turnover_ratio": null,
            "reinvestment_rate": null,
            "research_to_sale_ratio": null,
            "price_fair": 7.26,
            "eps_avg_yearly": 2.42,
            "eps_latest_yearly": 1.04,
            "eps_growth_yearly": -121.73
        },
        "20083": {
            "year_quarter": 20083,
            "year": 2008,
            "quarter": 3,
            "eps": -0.4,
            "eps_growth_year": null,
            "eps_4q": 3.51,
            "eps_4q_growth_year": null,
            "roe": -2.97,
            "roe_4q": 30.15,
            "gross_profit": 21108,
            "gross_margin": 17.45,
            "gross_margin_4q_avg": 25.93,
            "net_income": -16795,
            "revenue": 120990,
            "common_shares": 409000,
            "book_valuer_per_share": 13.09,
            "book_valuer_per_share_4q_avg": 7.76,
            "equity": 552256,
            "current_ratio": 212.23,
            "debt_ratio": 34.8,
            "inventory_turnover_ratio": 0.3,
            "account_receivable_turnover_ratio": null,
            "reinvestment_rate": null,
            "research_to_sale_ratio": null,
            "price_fair": 7.26,
            "eps_avg_yearly": 2.42,
            "eps_latest_yearly": 1.04,
            "eps_growth_yearly": -121.73
        },
        "20084": {
            "year_quarter": 20084,
            "year": 2008,
            "quarter": 4,
            "eps": -1.53,
            "eps_growth_year": -280,
            "eps_4q": 0.67,
            "eps_4q_growth_year": -4.47,
            "roe": -11.94,
            "roe_4q": 4.829999999999998,
            "gross_profit": -27469,
            "gross_margin": -47.72,
            "gross_margin_4q_avg": 6.71,
            "net_income": -62147,
            "revenue": 57559,
            "common_shares": 409000,
            "book_valuer_per_share": 11.54,
            "book_valuer_per_share_4q_avg": 9.34,
            "equity": 489020,
            "current_ratio": 178.24,
            "debt_ratio": 38.04,
            "inventory_turnover_ratio": 0.26,
            "account_receivable_turnover_ratio": 2.38,
            "reinvestment_rate": null,
            "research_to_sale_ratio": null,
            "price_fair": 7.26,
            "eps_avg_yearly": 2.42,
            "eps_latest_yearly": 1.04,
            "eps_growth_yearly": -121.73
        },
        "20091": {
            "year_quarter": 20091,
            "year": 2009,
            "quarter": 1,
            "eps": 0.16,
            "eps_growth_year": -83.16,
            "eps_4q": -1.2,
            "eps_4q_growth_year": -176.79,
            "roe": 1.35,
            "roe_4q": -9.86,
            "gross_profit": 15725,
            "gross_margin": 19.35,
            "gross_margin_4q_avg": 3.31,
            "net_income": 6646,
            "revenue": 81256,
            "common_shares": 409000,
            "book_valuer_per_share": 11.71,
            "book_valuer_per_share_4q_avg": 10.7,
            "equity": 496188,
            "current_ratio": 178.16,
            "debt_ratio": 38.03,
            "inventory_turnover_ratio": 0.21,
            "account_receivable_turnover_ratio": 1.59,
            "reinvestment_rate": null,
            "research_to_sale_ratio": null,
            "price_fair": 7.26,
            "eps_avg_yearly": 2.42,
            "eps_latest_yearly": 1.04,
            "eps_growth_yearly": -121.73
        },
        "20092": {
            "year_quarter": 20092,
            "year": 2009,
            "quarter": 2,
            "eps": -0.2,
            "eps_growth_year": -176.92,
            "eps_4q": -1.96,
            "eps_4q_growth_year": -202.08,
            "roe": -1.51,
            "roe_4q": -15.07,
            "gross_profit": 2932,
            "gross_margin": 3,
            "gross_margin_4q_avg": -1.98,
            "net_income": -7500,
            "revenue": 97765,
            "common_shares": 409000,
            "book_valuer_per_share": 11.73,
            "book_valuer_per_share_4q_avg": 12.02,
            "equity": 497224,
            "current_ratio": 178.48,
            "debt_ratio": 38.32,
            "inventory_turnover_ratio": 0.35,
            "account_receivable_turnover_ratio": 1.79,
            "reinvestment_rate": null,
            "research_to_sale_ratio": null,
            "price_fair": 7.26,
            "eps_avg_yearly": 2.42,
            "eps_latest_yearly": 1.04,
            "eps_growth_yearly": -121.73
        },
        "20093": {
            "year_quarter": 20093,
            "year": 2009,
            "quarter": 3,
            "eps": -0.04,
            "eps_growth_year": null,
            "eps_4q": -1.6,
            "eps_4q_growth_year": -145.45,
            "roe": -0.29,
            "roe_4q": -12.389999999999999,
            "gross_profit": 172,
            "gross_margin": 0.23,
            "gross_margin_4q_avg": -6.29,
            "net_income": -1448,
            "revenue": 74056,
            "common_shares": 409000,
            "book_valuer_per_share": 11.71,
            "book_valuer_per_share_4q_avg": 11.67,
            "equity": 496477,
            "current_ratio": 184.85,
            "debt_ratio": 36.94,
            "inventory_turnover_ratio": 0.31,
            "account_receivable_turnover_ratio": 1.44,
            "reinvestment_rate": null,
            "research_to_sale_ratio": null,
            "price_fair": 7.26,
            "eps_avg_yearly": 2.42,
            "eps_latest_yearly": 1.04,
            "eps_growth_yearly": -121.73
        },
        "20094": {
            "year_quarter": 20094,
            "year": 2009,
            "quarter": 4,
            "eps": 0.83,
            "eps_growth_year": null,
            "eps_4q": 0.76,
            "eps_4q_growth_year": 12.69,
            "roe": 6.63,
            "roe_4q": 6.18,
            "gross_profit": 39159,
            "gross_margin": 33.29,
            "gross_margin_4q_avg": 13.97,
            "net_income": 34166,
            "revenue": 117626,
            "common_shares": 409000,
            "book_valuer_per_share": 12.67,
            "book_valuer_per_share_4q_avg": 11.96,
            "equity": 534788,
            "current_ratio": 115.83,
            "debt_ratio": 41.69,
            "inventory_turnover_ratio": 0.37,
            "account_receivable_turnover_ratio": 4.47,
            "reinvestment_rate": 625.8,
            "research_to_sale_ratio": null,
            "price_fair": 7.26,
            "eps_avg_yearly": 2.42,
            "eps_latest_yearly": 1.04,
            "eps_growth_yearly": -121.73
        },
        "20101": {
            "year_quarter": 20101,
            "year": 2010,
            "quarter": 1,
            "eps": -0.06,
            "eps_growth_year": -137.5,
            "eps_4q": 0.53,
            "eps_4q_growth_year": null,
            "roe": -0.5,
            "roe_4q": 4.33,
            "gross_profit": 5583,
            "gross_margin": 11.65,
            "gross_margin_4q_avg": 12.04,
            "net_income": -2668,
            "revenue": 47932,
            "common_shares": 409000,
            "book_valuer_per_share": 12.51,
            "book_valuer_per_share_4q_avg": 12.16,
            "equity": 528136,
            "current_ratio": 112.33,
            "debt_ratio": 42.52,
            "inventory_turnover_ratio": 0.2,
            "account_receivable_turnover_ratio": 0.94,
            "reinvestment_rate": 833.67,
            "research_to_sale_ratio": null,
            "price_fair": 7.26,
            "eps_avg_yearly": 2.42,
            "eps_latest_yearly": 1.04,
            "eps_growth_yearly": -121.73
        },
        "20102": {
            "year_quarter": 20102,
            "year": 2010,
            "quarter": 2,
            "eps": -0.06,
            "eps_growth_year": null,
            "eps_4q": 0.67,
            "eps_4q_growth_year": null,
            "roe": -0.46,
            "roe_4q": 5.38,
            "gross_profit": 10577,
            "gross_margin": 11.49,
            "gross_margin_4q_avg": 14.17,
            "net_income": -2406,
            "revenue": 92028,
            "common_shares": 409000,
            "book_valuer_per_share": 12.42,
            "book_valuer_per_share_4q_avg": 12.33,
            "equity": 524375,
            "current_ratio": 108.51,
            "debt_ratio": 44.69,
            "inventory_turnover_ratio": 0.37,
            "account_receivable_turnover_ratio": 1.5,
            "reinvestment_rate": 726.64,
            "research_to_sale_ratio": null,
            "price_fair": 7.26,
            "eps_avg_yearly": 2.42,
            "eps_latest_yearly": 1.04,
            "eps_growth_yearly": -121.73
        },
        "20103": {
            "year_quarter": 20103,
            "year": 2010,
            "quarter": 3,
            "eps": 0.35,
            "eps_growth_year": null,
            "eps_4q": 1.06,
            "eps_4q_growth_year": null,
            "roe": 2.78,
            "roe_4q": 8.45,
            "gross_profit": 21064,
            "gross_margin": 11.07,
            "gross_margin_4q_avg": 16.88,
            "net_income": 14921,
            "revenue": 190238,
            "common_shares": 409000,
            "book_valuer_per_share": 12.96,
            "book_valuer_per_share_4q_avg": 12.64,
            "equity": 548352,
            "current_ratio": 134.73,
            "debt_ratio": 42.81,
            "inventory_turnover_ratio": 0.7,
            "account_receivable_turnover_ratio": 2.77,
            "reinvestment_rate": 402.6,
            "research_to_sale_ratio": null,
            "price_fair": 7.26,
            "eps_avg_yearly": 2.42,
            "eps_latest_yearly": 1.04,
            "eps_growth_yearly": -121.73
        },
        "20104": {
            "year_quarter": 20104,
            "year": 2010,
            "quarter": 4,
            "eps": 0.25,
            "eps_growth_year": -69.34,
            "eps_4q": 0.48,
            "eps_4q_growth_year": -36.39,
            "roe": 1.92,
            "roe_4q": 3.7399999999999993,
            "gross_profit": 29765,
            "gross_margin": 23,
            "gross_margin_4q_avg": 14.3,
            "net_income": 10726,
            "revenue": 129425,
            "common_shares": 409000,
            "book_valuer_per_share": 13.26,
            "book_valuer_per_share_4q_avg": 12.79,
            "equity": 568639,
            "current_ratio": 150.2,
            "debt_ratio": 40.3,
            "inventory_turnover_ratio": 0.38,
            "account_receivable_turnover_ratio": 1.67,
            "reinvestment_rate": 160.49,
            "research_to_sale_ratio": null,
            "price_fair": 5.84,
            "eps_avg_yearly": 1.95,
            "eps_latest_yearly": 1,
            "eps_growth_yearly": -119.25
        },
        "20111": {
            "year_quarter": 20111,
            "year": 2011,
            "quarter": 1,
            "eps": 0.24,
            "eps_growth_year": null,
            "eps_4q": 0.55,
            "eps_4q_growth_year": 2.42,
            "roe": 2.18,
            "roe_4q": 6.419999999999999,
            "gross_profit": 28210,
            "gross_margin": 24.72,
            "gross_margin_4q_avg": 17.57,
            "net_income": 15715,
            "revenue": 114136,
            "common_shares": 709000,
            "book_valuer_per_share": 12.11,
            "book_valuer_per_share_4q_avg": 12.69,
            "equity": 875673,
            "current_ratio": 867.74,
            "debt_ratio": 11.8,
            "inventory_turnover_ratio": 0.32,
            "account_receivable_turnover_ratio": 1.17,
            "reinvestment_rate": 133.31,
            "research_to_sale_ratio": null,
            "price_fair": 5.1,
            "eps_avg_yearly": 1.7,
            "eps_latest_yearly": 0.96,
            "eps_growth_yearly": -93.44
        },
        "20112": {
            "year_quarter": 20112,
            "year": 2011,
            "quarter": 2,
            "eps": -0.05,
            "eps_growth_year": null,
            "eps_4q": 0.5,
            "eps_4q_growth_year": -25.74,
            "roe": -0.41,
            "roe_4q": 6.470000000000001,
            "gross_profit": 1547,
            "gross_margin": 3.32,
            "gross_margin_4q_avg": 15.53,
            "net_income": -3598,
            "revenue": 46601,
            "common_shares": 709000,
            "book_valuer_per_share": 12.09,
            "book_valuer_per_share_4q_avg": 12.61,
            "equity": 874769,
            "current_ratio": 1123.69,
            "debt_ratio": 10.45,
            "inventory_turnover_ratio": 0.15,
            "account_receivable_turnover_ratio": 0.64,
            "reinvestment_rate": 138.27,
            "research_to_sale_ratio": null,
            "price_fair": 5.1,
            "eps_avg_yearly": 1.7,
            "eps_latest_yearly": 0.96,
            "eps_growth_yearly": -93.44
        },
        "20113": {
            "year_quarter": 20113,
            "year": 2011,
            "quarter": 3,
            "eps": -0.27,
            "eps_growth_year": -175.72,
            "eps_4q": 0.04,
            "eps_4q_growth_year": -95.83,
            "roe": -2.3,
            "roe_4q": 1.3900000000000001,
            "gross_profit": -16071,
            "gross_margin": -55.67,
            "gross_margin_4q_avg": -1.16,
            "net_income": -19691,
            "revenue": 28866,
            "common_shares": 744450,
            "book_valuer_per_share": 11.19,
            "book_valuer_per_share_4q_avg": 12.16,
            "equity": 834603,
            "current_ratio": 398.79,
            "debt_ratio": 19.74,
            "inventory_turnover_ratio": 0.12,
            "account_receivable_turnover_ratio": 0.81,
            "reinvestment_rate": 150.89,
            "research_to_sale_ratio": null,
            "price_fair": 5.1,
            "eps_avg_yearly": 1.7,
            "eps_latest_yearly": 0.96,
            "eps_growth_yearly": -93.44
        },
        "20114": {
            "year_quarter": 20114,
            "year": 2011,
            "quarter": 4,
            "eps": 0.2,
            "eps_growth_year": -20.72,
            "eps_4q": 0.1,
            "eps_4q_growth_year": -79.04,
            "roe": 1.75,
            "roe_4q": 1.2200000000000004,
            "gross_profit": -6214,
            "gross_margin": -21.11,
            "gross_margin_4q_avg": -12.19,
            "net_income": 14709,
            "revenue": 29437,
            "common_shares": 744450,
            "book_valuer_per_share": 11.38,
            "book_valuer_per_share_4q_avg": 11.69,
            "equity": 847146,
            "current_ratio": 351.63,
            "debt_ratio": 22.1,
            "inventory_turnover_ratio": 0.08,
            "account_receivable_turnover_ratio": 0.99,
            "reinvestment_rate": 211.25,
            "research_to_sale_ratio": null,
            "price_fair": 5.1,
            "eps_avg_yearly": 1.7,
            "eps_latest_yearly": 0.96,
            "eps_growth_yearly": -93.44
        },
        "20121": {
            "year_quarter": 20121,
            "year": 2012,
            "quarter": 1,
            "eps": -0.15,
            "eps_growth_year": -162.5,
            "eps_4q": -0.27,
            "eps_4q_growth_year": -150.21,
            "roe": -1.32,
            "roe_4q": -2.28,
            "gross_profit": -4081,
            "gross_margin": -5.14,
            "gross_margin_4q_avg": -19.65,
            "net_income": -11158,
            "revenue": 79411,
            "common_shares": 744450,
            "book_valuer_per_share": 11.24,
            "book_valuer_per_share_4q_avg": 11.48,
            "equity": 837142,
            "current_ratio": 306.17,
            "debt_ratio": 24.95,
            "inventory_turnover_ratio": 0.17,
            "account_receivable_turnover_ratio": 2.23,
            "reinvestment_rate": null,
            "research_to_sale_ratio": null,
            "price_fair": 3,
            "eps_avg_yearly": 1,
            "eps_latest_yearly": 0.96,
            "eps_growth_yearly": -140.27
        },
        "20122": {
            "year_quarter": 20122,
            "year": 2012,
            "quarter": 2,
            "eps": 0.08,
            "eps_growth_year": null,
            "eps_4q": -0.14,
            "eps_4q_growth_year": -127.25,
            "roe": 0.62,
            "roe_4q": -1.25,
            "gross_profit": 19470,
            "gross_margin": 16.79,
            "gross_margin_4q_avg": -16.28,
            "net_income": 5219,
            "revenue": 115986,
            "common_shares": 744450,
            "book_valuer_per_share": 11.3,
            "book_valuer_per_share_4q_avg": 11.28,
            "equity": 840539,
            "current_ratio": 309.18,
            "debt_ratio": 24.83,
            "inventory_turnover_ratio": 0.21,
            "account_receivable_turnover_ratio": 2.79,
            "reinvestment_rate": null,
            "research_to_sale_ratio": null,
            "price_fair": 2.94,
            "eps_avg_yearly": 0.98,
            "eps_latest_yearly": 0.96,
            "eps_growth_yearly": -65.14
        },
        "20123": {
            "year_quarter": 20123,
            "year": 2012,
            "quarter": 3,
            "eps": 0.6,
            "eps_growth_year": null,
            "eps_4q": 0.72,
            "eps_4q_growth_year": 1531.87,
            "roe": 5.31,
            "roe_4q": 6.359999999999999,
            "gross_profit": 73683,
            "gross_margin": 34.92,
            "gross_margin_4q_avg": 6.37,
            "net_income": 45980,
            "revenue": 211023,
            "common_shares": 773606,
            "book_valuer_per_share": 11.51,
            "book_valuer_per_share_4q_avg": 11.36,
            "equity": 890316,
            "current_ratio": 366.45,
            "debt_ratio": 21.92,
            "inventory_turnover_ratio": 0.32,
            "account_receivable_turnover_ratio": 5.2,
            "reinvestment_rate": 503.78,
            "research_to_sale_ratio": null,
            "price_fair": 50.87,
            "eps_avg_yearly": 1.45,
            "eps_latest_yearly": 2.4,
            "eps_growth_yearly": 823.24
        },
        "20124": {
            "year_quarter": 20124,
            "year": 2012,
            "quarter": 4,
            "eps": 1.08,
            "eps_growth_year": 436.37,
            "eps_4q": 1.61,
            "eps_4q_growth_year": 1494.16,
            "roe": 8.35,
            "roe_4q": 12.959999999999999,
            "gross_profit": 124695,
            "gross_margin": 43.32,
            "gross_margin_4q_avg": 22.47,
            "net_income": 77561,
            "revenue": 287835,
            "common_shares": 773606,
            "book_valuer_per_share": 12.6,
            "book_valuer_per_share_4q_avg": 11.66,
            "equity": 967767,
            "current_ratio": 1353.18,
            "debt_ratio": 9.61,
            "inventory_turnover_ratio": 0.46,
            "account_receivable_turnover_ratio": 8.39,
            "reinvestment_rate": 101.56,
            "research_to_sale_ratio": null,
            "price_fair": 75.95,
            "eps_avg_yearly": 2.17,
            "eps_latest_yearly": 4.32,
            "eps_growth_yearly": 697.43
        },
        "20131": {
            "year_quarter": 20131,
            "year": 2013,
            "quarter": 1,
            "eps": -0.03,
            "eps_growth_year": null,
            "eps_4q": 1.73,
            "eps_4q_growth_year": null,
            "roe": -0.21,
            "roe_4q": 14.069999999999999,
            "gross_profit": 5648,
            "gross_margin": 12.65,
            "gross_margin_4q_avg": 26.92,
            "net_income": -2067,
            "revenue": 44643,
            "common_shares": 773606,
            "book_valuer_per_share": 12.6,
            "book_valuer_per_share_4q_avg": 12,
            "equity": 967921,
            "current_ratio": 1183.16,
            "debt_ratio": 10.24,
            "inventory_turnover_ratio": 0.12,
            "account_receivable_turnover_ratio": 1.54,
            "reinvestment_rate": 70.63,
            "research_to_sale_ratio": null,
            "price_fair": 75.95,
            "eps_avg_yearly": 2.17,
            "eps_latest_yearly": 4.32,
            "eps_growth_yearly": 697.43
        },
        "20132": {
            "year_quarter": 20132,
            "year": 2013,
            "quarter": 2,
            "eps": 0.09,
            "eps_growth_year": 18.34,
            "eps_4q": 1.75,
            "eps_4q_growth_year": null,
            "roe": 0.68,
            "roe_4q": 14.129999999999999,
            "gross_profit": 12902,
            "gross_margin": 16.9,
            "gross_margin_4q_avg": 26.95,
            "net_income": 6577,
            "revenue": 76356,
            "common_shares": 773606,
            "book_valuer_per_share": 12.68,
            "book_valuer_per_share_4q_avg": 12.35,
            "equity": 974146,
            "current_ratio": 1915.76,
            "debt_ratio": 8.32,
            "inventory_turnover_ratio": 0.19,
            "account_receivable_turnover_ratio": 2.46,
            "reinvestment_rate": 65.01,
            "research_to_sale_ratio": null,
            "price_fair": 75.95,
            "eps_avg_yearly": 2.17,
            "eps_latest_yearly": 4.32,
            "eps_growth_yearly": 697.43
        },
        "20133": {
            "year_quarter": 20133,
            "year": 2013,
            "quarter": 3,
            "eps": -0.14,
            "eps_growth_year": -123.31,
            "eps_4q": 0.91,
            "eps_4q_growth_year": 26.6,
            "roe": -1.21,
            "roe_4q": 7.609999999999999,
            "gross_profit": -7165,
            "gross_margin": -13.53,
            "gross_margin_4q_avg": 14.84,
            "net_income": -11766,
            "revenue": 52961,
            "common_shares": 773606,
            "book_valuer_per_share": 12.55,
            "book_valuer_per_share_4q_avg": 12.61,
            "equity": 964082,
            "current_ratio": 723.68,
            "debt_ratio": 13.54,
            "inventory_turnover_ratio": 0.18,
            "account_receivable_turnover_ratio": 1.99,
            "reinvestment_rate": 79.15,
            "research_to_sale_ratio": null,
            "price_fair": 75.95,
            "eps_avg_yearly": 2.17,
            "eps_latest_yearly": 4.32,
            "eps_growth_yearly": 697.43
        },
        "20134": {
            "year_quarter": 20134,
            "year": 2013,
            "quarter": 4,
            "eps": 0.32,
            "eps_growth_year": -70.27,
            "eps_4q": 0.24,
            "eps_4q_growth_year": -85.21,
            "roe": 2.71,
            "roe_4q": 1.9700000000000002,
            "gross_profit": 35012,
            "gross_margin": 28.61,
            "gross_margin_4q_avg": 11.16,
            "net_income": 26562,
            "revenue": 122359,
            "common_shares": 838040,
            "book_valuer_per_share": 11.93,
            "book_valuer_per_share_4q_avg": 12.44,
            "equity": 994345,
            "current_ratio": 724.78,
            "debt_ratio": 13.55,
            "inventory_turnover_ratio": 0.25,
            "account_receivable_turnover_ratio": 6.99,
            "reinvestment_rate": -104.98,
            "research_to_sale_ratio": null,
            "price_fair": 75.95,
            "eps_avg_yearly": 2.17,
            "eps_latest_yearly": 4.32,
            "eps_growth_yearly": 697.43
        },
        "20141": {
            "year_quarter": 20141,
            "year": 2014,
            "quarter": 1,
            "eps": -0.05,
            "eps_growth_year": null,
            "eps_4q": 0.21,
            "eps_4q_growth_year": -87.75,
            "roe": -0.41,
            "roe_4q": 1.77,
            "gross_profit": 4041,
            "gross_margin": 6.73,
            "gross_margin_4q_avg": 9.68,
            "net_income": -4107,
            "revenue": 60064,
            "common_shares": 838040,
            "book_valuer_per_share": 11.87,
            "book_valuer_per_share_4q_avg": 12.26,
            "equity": 988679,
            "current_ratio": 841.69,
            "debt_ratio": 12.33,
            "inventory_turnover_ratio": 0.16,
            "account_receivable_turnover_ratio": 4.6,
            "reinvestment_rate": -105.3,
            "research_to_sale_ratio": null,
            "price_fair": 75.95,
            "eps_avg_yearly": 2.17,
            "eps_latest_yearly": 4.32,
            "eps_growth_yearly": 697.43
        },
        "20142": {
            "year_quarter": 20142,
            "year": 2014,
            "quarter": 2,
            "eps": -0.21,
            "eps_growth_year": -333.33,
            "eps_4q": -0.07,
            "eps_4q_growth_year": -104.1,
            "roe": -1.73,
            "roe_4q": -0.6400000000000001,
            "gross_profit": -14263,
            "gross_margin": -36.4,
            "gross_margin_4q_avg": -3.65,
            "net_income": -16982,
            "revenue": 39187,
            "common_shares": 838040,
            "book_valuer_per_share": 11.67,
            "book_valuer_per_share_4q_avg": 12.01,
            "equity": 972459,
            "current_ratio": 615.85,
            "debt_ratio": 15.1,
            "inventory_turnover_ratio": 0.15,
            "account_receivable_turnover_ratio": 2.27,
            "reinvestment_rate": -128.44,
            "research_to_sale_ratio": null,
            "price_fair": 75.95,
            "eps_avg_yearly": 2.17,
            "eps_latest_yearly": 4.32,
            "eps_growth_yearly": 697.43
        },
        "20143": {
            "year_quarter": 20143,
            "year": 2014,
            "quarter": 3,
            "eps": -0.13,
            "eps_growth_year": null,
            "eps_4q": -0.07,
            "eps_4q_growth_year": -107.46,
            "roe": -1.19,
            "roe_4q": -0.6200000000000001,
            "gross_profit": -2167,
            "gross_margin": -2.73,
            "gross_margin_4q_avg": -0.95,
            "net_income": -11612,
            "revenue": 79374,
            "common_shares": 879164,
            "book_valuer_per_share": 10.96,
            "book_valuer_per_share_4q_avg": 11.61,
            "equity": 976071,
            "current_ratio": 511.35,
            "debt_ratio": 17.27,
            "inventory_turnover_ratio": 0.2,
            "account_receivable_turnover_ratio": 2.36,
            "reinvestment_rate": -83.52,
            "research_to_sale_ratio": null,
            "price_fair": 75.95,
            "eps_avg_yearly": 2.17,
            "eps_latest_yearly": 4.32,
            "eps_growth_yearly": 697.43
        },
        "20144": {
            "year_quarter": 20144,
            "year": 2014,
            "quarter": 4,
            "eps": -0.16,
            "eps_growth_year": -150.19,
            "eps_4q": -0.53,
            "eps_4q_growth_year": -322.79,
            "roe": -1.47,
            "roe_4q": -4.800000000000001,
            "gross_profit": -7467,
            "gross_margin": -13.63,
            "gross_margin_4q_avg": -11.51,
            "net_income": -14170,
            "revenue": 54788,
            "common_shares": 879164,
            "book_valuer_per_share": 10.76,
            "book_valuer_per_share_4q_avg": 11.32,
            "equity": 958256,
            "current_ratio": 310.66,
            "debt_ratio": 26.12,
            "inventory_turnover_ratio": 0.11,
            "account_receivable_turnover_ratio": 1.79,
            "reinvestment_rate": -91.32,
            "research_to_sale_ratio": null,
            "price_fair": 89.6,
            "eps_avg_yearly": 2.56,
            "eps_latest_yearly": 4.32,
            "eps_growth_yearly": 968
        },
        "20151": {
            "year_quarter": 20151,
            "year": 2015,
            "quarter": 1,
            "eps": -0.19,
            "eps_growth_year": null,
            "eps_4q": -0.68,
            "eps_4q_growth_year": -418.64,
            "roe": -1.75,
            "roe_4q": -6.140000000000001,
            "gross_profit": -7626,
            "gross_margin": -24.68,
            "gross_margin_4q_avg": -19.36,
            "net_income": -16678,
            "revenue": 30905,
            "common_shares": 879164,
            "book_valuer_per_share": 10.58,
            "book_valuer_per_share_4q_avg": 10.99,
            "equity": 942537,
            "current_ratio": 279.06,
            "debt_ratio": 28.77,
            "inventory_turnover_ratio": 0.06,
            "account_receivable_turnover_ratio": 1.86,
            "reinvestment_rate": -129.07,
            "research_to_sale_ratio": null,
            "price_fair": 117.6,
            "eps_avg_yearly": 3.36,
            "eps_latest_yearly": 4.32,
            "eps_growth_yearly": 1460
        },
        "20152": {
            "year_quarter": 20152,
            "year": 2015,
            "quarter": 2,
            "eps": 1.01,
            "eps_growth_year": null,
            "eps_4q": 0.53,
            "eps_4q_growth_year": null,
            "roe": 8.96,
            "roe_4q": 4.550000000000001,
            "gross_profit": 111248,
            "gross_margin": 41.88,
            "gross_margin_4q_avg": 0.21,
            "net_income": 88456,
            "revenue": 265605,
            "common_shares": 879164,
            "book_valuer_per_share": 11.59,
            "book_valuer_per_share_4q_avg": 10.97,
            "equity": 1031478,
            "current_ratio": 1140.19,
            "debt_ratio": 10.39,
            "inventory_turnover_ratio": 0.25,
            "account_receivable_turnover_ratio": 24.21,
            "reinvestment_rate": -54.4,
            "research_to_sale_ratio": null,
            "price_fair": 117.6,
            "eps_avg_yearly": 3.36,
            "eps_latest_yearly": 4.32,
            "eps_growth_yearly": 1460
        },
        "20153": {
            "year_quarter": 20153,
            "year": 2015,
            "quarter": 3,
            "eps": -0.11,
            "eps_growth_year": null,
            "eps_4q": 0.55,
            "eps_4q_growth_year": null,
            "roe": -0.9,
            "roe_4q": 4.840000000000001,
            "gross_profit": -5447,
            "gross_margin": -49.84,
            "gross_margin_4q_avg": -11.57,
            "net_income": -9162,
            "revenue": 10929,
            "common_shares": 879164,
            "book_valuer_per_share": 11.39,
            "book_valuer_per_share_4q_avg": 11.08,
            "equity": 1013522,
            "current_ratio": 1014.9,
            "debt_ratio": 11.09,
            "inventory_turnover_ratio": 0.03,
            "account_receivable_turnover_ratio": 2.45,
            "reinvestment_rate": -47.37,
            "research_to_sale_ratio": null,
            "price_fair": 117.6,
            "eps_avg_yearly": 3.36,
            "eps_latest_yearly": 4.32,
            "eps_growth_yearly": 1460
        },
        "20154": {
            "year_quarter": 20154,
            "year": 2015,
            "quarter": 4,
            "eps": -0.1,
            "eps_growth_year": null,
            "eps_4q": 0.62,
            "eps_4q_growth_year": null,
            "roe": -0.83,
            "roe_4q": 5.48,
            "gross_profit": -2732,
            "gross_margin": -26.21,
            "gross_margin_4q_avg": -14.71,
            "net_income": -8382,
            "revenue": 10425,
            "common_shares": 879164,
            "book_valuer_per_share": 11.3,
            "book_valuer_per_share_4q_avg": 11.22,
            "equity": 1005913,
            "current_ratio": 943.09,
            "debt_ratio": 11.57,
            "inventory_turnover_ratio": 0.02,
            "account_receivable_turnover_ratio": 2.42,
            "reinvestment_rate": -48.63,
            "research_to_sale_ratio": null,
            "price_fair": 117.6,
            "eps_avg_yearly": 3.36,
            "eps_latest_yearly": 4.32,
            "eps_growth_yearly": 1460
        },
        "20161": {
            "year_quarter": 20161,
            "year": 2016,
            "quarter": 1,
            "eps": 0.06,
            "eps_growth_year": null,
            "eps_4q": 0.87,
            "eps_4q_growth_year": null,
            "roe": 0.54,
            "roe_4q": 7.770000000000001,
            "gross_profit": -1593,
            "gross_margin": -14.98,
            "gross_margin_4q_avg": -12.29,
            "net_income": 5457,
            "revenue": 10635,
            "common_shares": 879164,
            "book_valuer_per_share": 11.38,
            "book_valuer_per_share_4q_avg": 11.42,
            "equity": 1012589,
            "current_ratio": 842.24,
            "debt_ratio": 12.18,
            "inventory_turnover_ratio": 0.02,
            "account_receivable_turnover_ratio": 1.47,
            "reinvestment_rate": -43.46,
            "research_to_sale_ratio": null,
            "price_fair": 117.6,
            "eps_avg_yearly": 3.36,
            "eps_latest_yearly": 4.32,
            "eps_growth_yearly": 1460
        },
        "20162": {
            "year_quarter": 20162,
            "year": 2016,
            "quarter": 2,
            "eps": -0.06,
            "eps_growth_year": -105.94,
            "eps_4q": -0.2,
            "eps_4q_growth_year": -137.6,
            "roe": -0.55,
            "roe_4q": -1.74,
            "gross_profit": -247,
            "gross_margin": -1.6,
            "gross_margin_4q_avg": -23.16,
            "net_income": -5564,
            "revenue": 15399,
            "common_shares": 879164,
            "book_valuer_per_share": 11.34,
            "book_valuer_per_share_4q_avg": 11.35,
            "equity": 1008968,
            "current_ratio": 878.32,
            "debt_ratio": 11.9,
            "inventory_turnover_ratio": 0.03,
            "account_receivable_turnover_ratio": 1.55,
            "reinvestment_rate": -45.96,
            "research_to_sale_ratio": null,
            "price_fair": 117.6,
            "eps_avg_yearly": 3.36,
            "eps_latest_yearly": 4.32,
            "eps_growth_yearly": 1460
        },
        "20163": {
            "year_quarter": 20163,
            "year": 2016,
            "quarter": 3,
            "eps": -0.01,
            "eps_growth_year": null,
            "eps_4q": -0.1,
            "eps_4q_growth_year": -118.8,
            "roe": -0.07,
            "roe_4q": -0.91,
            "gross_profit": -127,
            "gross_margin": -0.78,
            "gross_margin_4q_avg": -10.89,
            "net_income": -732,
            "revenue": 16227,
            "common_shares": 896747,
            "book_valuer_per_share": 11.12,
            "book_valuer_per_share_4q_avg": 11.29,
            "equity": 1009979,
            "current_ratio": 728.31,
            "debt_ratio": 13.37,
            "inventory_turnover_ratio": 0.03,
            "account_receivable_turnover_ratio": 1.47,
            "reinvestment_rate": -67.21,
            "research_to_sale_ratio": null,
            "price_fair": 151.2,
            "eps_avg_yearly": 4.32,
            "eps_latest_yearly": 4.32,
            "eps_growth_yearly": 320
        },
        "20164": {
            "year_quarter": 20164,
            "year": 2016,
            "quarter": 4,
            "eps": -0.11,
            "eps_growth_year": null,
            "eps_4q": -0.12,
            "eps_4q_growth_year": -119.41,
            "roe": -0.98,
            "roe_4q": -1.06,
            "gross_profit": -3266,
            "gross_margin": -30,
            "gross_margin_4q_avg": -11.84,
            "net_income": -9835,
            "revenue": 10886,
            "common_shares": 896747,
            "book_valuer_per_share": 11.04,
            "book_valuer_per_share_4q_avg": 11.22,
            "equity": 1002849,
            "current_ratio": 626.79,
            "debt_ratio": 14.8,
            "inventory_turnover_ratio": 0.03,
            "account_receivable_turnover_ratio": 1.31,
            "reinvestment_rate": -447.88,
            "research_to_sale_ratio": null,
            "price_fair": 0,
            "eps_avg_yearly": 0,
            "eps_latest_yearly": 0,
            "eps_growth_yearly": 0
        },
        "20171": {
            "year_quarter": 20171,
            "year": 2017,
            "quarter": 1,
            "eps": -0.09,
            "eps_growth_year": -250,
            "eps_4q": -0.27,
            "eps_4q_growth_year": -130.94,
            "roe": -0.77,
            "roe_4q": -2.37,
            "gross_profit": -2713,
            "gross_margin": -59.26,
            "gross_margin_4q_avg": -22.91,
            "net_income": -7688,
            "revenue": 4578,
            "common_shares": 896747,
            "book_valuer_per_share": 11.02,
            "book_valuer_per_share_4q_avg": 11.13,
            "equity": 1001129,
            "current_ratio": 523.16,
            "debt_ratio": 16.9,
            "inventory_turnover_ratio": 0.01,
            "account_receivable_turnover_ratio": 1.08,
            "reinvestment_rate": -100.89,
            "research_to_sale_ratio": null,
            "price_fair": 0,
            "eps_avg_yearly": 0,
            "eps_latest_yearly": 0,
            "eps_growth_yearly": 0
        },
        "20172": {
            "year_quarter": 20172,
            "year": 2017,
            "quarter": 2,
            "eps": -0.08,
            "eps_growth_year": null,
            "eps_4q": -0.29,
            "eps_4q_growth_year": null,
            "roe": -0.78,
            "roe_4q": -2.6,
            "gross_profit": -990,
            "gross_margin": -3.13,
            "gross_margin_4q_avg": -23.29,
            "net_income": -7851,
            "revenue": 31587,
            "common_shares": 896747,
            "book_valuer_per_share": 11.02,
            "book_valuer_per_share_4q_avg": 11.05,
            "equity": 1000545,
            "current_ratio": 546.83,
            "debt_ratio": 16.39,
            "inventory_turnover_ratio": 0.06,
            "account_receivable_turnover_ratio": 4.47,
            "reinvestment_rate": null,
            "research_to_sale_ratio": null,
            "price_fair": 0,
            "eps_avg_yearly": 0,
            "eps_latest_yearly": 0,
            "eps_growth_yearly": 0
        },
        "20173": {
            "year_quarter": 20173,
            "year": 2017,
            "quarter": 3,
            "eps": 0.02,
            "eps_growth_year": null,
            "eps_4q": -0.26,
            "eps_4q_growth_year": null,
            "roe": 0.2,
            "roe_4q": -2.33,
            "gross_profit": 4607,
            "gross_margin": 24.16,
            "gross_margin_4q_avg": -17.06,
            "net_income": 1959,
            "revenue": 19069,
            "common_shares": 896747,
            "book_valuer_per_share": 11.02,
            "book_valuer_per_share_4q_avg": 11.03,
            "equity": 1000627,
            "current_ratio": 625.84,
            "debt_ratio": 14.92,
            "inventory_turnover_ratio": 0.03,
            "account_receivable_turnover_ratio": 2.35,
            "reinvestment_rate": -120.46,
            "research_to_sale_ratio": null,
            "price_fair": 0,
            "eps_avg_yearly": 0,
            "eps_latest_yearly": 0,
            "eps_growth_yearly": 0
        },
        "20174": {
            "year_quarter": 20174,
            "year": 2017,
            "quarter": 4,
            "eps": -0.15,
            "eps_growth_year": null,
            "eps_4q": -0.3,
            "eps_4q_growth_year": null,
            "roe": -1.34,
            "roe_4q": -2.6900000000000004,
            "gross_profit": -3466,
            "gross_margin": -38.93,
            "gross_margin_4q_avg": -19.29,
            "net_income": -13282,
            "revenue": 8904,
            "common_shares": 896747,
            "book_valuer_per_share": 10.87,
            "book_valuer_per_share_4q_avg": 10.98,
            "equity": 988137,
            "current_ratio": 309.47,
            "debt_ratio": 27.31,
            "inventory_turnover_ratio": 0.02,
            "account_receivable_turnover_ratio": 1.7,
            "reinvestment_rate": null,
            "research_to_sale_ratio": null,
            "price_fair": 0,
            "eps_avg_yearly": 0,
            "eps_latest_yearly": 0,
            "eps_growth_yearly": 0
        },
        "20181": {
            "year_quarter": 20181,
            "year": 2018,
            "quarter": 1,
            "eps": 3.94,
            "eps_growth_year": null,
            "eps_4q": 3.72,
            "eps_4q_growth_year": null,
            "roe": 30.33,
            "roe_4q": 28.409999999999997,
            "gross_profit": -2036,
            "gross_margin": -93.65,
            "gross_margin_4q_avg": -27.89,
            "net_income": 353218,
            "revenue": 2174,
            "common_shares": 896747,
            "book_valuer_per_share": 14.81,
            "book_valuer_per_share_4q_avg": 11.93,
            "equity": 1341355,
            "current_ratio": 6877.8,
            "debt_ratio": 1.23,
            "inventory_turnover_ratio": 0.01,
            "account_receivable_turnover_ratio": 0.66,
            "reinvestment_rate": -62.77,
            "research_to_sale_ratio": null,
            "price_fair": 0,
            "eps_avg_yearly": 0,
            "eps_latest_yearly": 0,
            "eps_growth_yearly": 0
        },
        "20182": {
            "year_quarter": 20182,
            "year": 2018,
            "quarter": 2,
            "eps": -0.01,
            "eps_growth_year": null,
            "eps_4q": 3.8,
            "eps_4q_growth_year": null,
            "roe": -0.07,
            "roe_4q": 29.119999999999997,
            "gross_profit": 2879,
            "gross_margin": 15.53,
            "gross_margin_4q_avg": -23.22,
            "net_income": -981,
            "revenue": 18542,
            "common_shares": 896747,
            "book_valuer_per_share": 14.8,
            "book_valuer_per_share_4q_avg": 12.88,
            "equity": 1340374,
            "current_ratio": 4287.77,
            "debt_ratio": 1.98,
            "inventory_turnover_ratio": 0.03,
            "account_receivable_turnover_ratio": 8.21,
            "reinvestment_rate": -60.18,
            "research_to_sale_ratio": null,
            "price_fair": 0,
            "eps_avg_yearly": 0,
            "eps_latest_yearly": 0,
            "eps_growth_yearly": 0
        },
        "20183": {
            "year_quarter": 20183,
            "year": 2018,
            "quarter": 3,
            "eps": 0.05,
            "eps_growth_year": 150,
            "eps_4q": 3.82,
            "eps_4q_growth_year": null,
            "roe": 0.32,
            "roe_4q": 29.24,
            "gross_profit": -1365,
            "gross_margin": -19.79,
            "gross_margin_4q_avg": -34.21,
            "net_income": 4242,
            "revenue": 6899,
            "common_shares": 896747,
            "book_valuer_per_share": 14.85,
            "book_valuer_per_share_4q_avg": 13.83,
            "equity": 1344616,
            "current_ratio": 7388.57,
            "debt_ratio": 1.15,
            "inventory_turnover_ratio": 0.01,
            "account_receivable_turnover_ratio": 2.4,
            "reinvestment_rate": -59.07,
            "research_to_sale_ratio": null,
            "price_fair": 0,
            "eps_avg_yearly": 0,
            "eps_latest_yearly": 0,
            "eps_growth_yearly": 0
        },
        "20184": {
            "year_quarter": 20184,
            "year": 2018,
            "quarter": 4,
            "eps": -0.23,
            "eps_growth_year": null,
            "eps_4q": 3.74,
            "eps_4q_growth_year": null,
            "roe": -1.59,
            "roe_4q": 28.99,
            "gross_profit": 44,
            "gross_margin": 6.65,
            "gross_margin_4q_avg": -22.82,
            "net_income": -21242,
            "revenue": 662,
            "common_shares": 896747,
            "book_valuer_per_share": 14.62,
            "book_valuer_per_share_4q_avg": 14.77,
            "equity": 1323374,
            "current_ratio": 5937.96,
            "debt_ratio": 1.43,
            "inventory_turnover_ratio": 0,
            "account_receivable_turnover_ratio": 0.44,
            "reinvestment_rate": -59.89,
            "research_to_sale_ratio": null,
            "price_fair": 0,
            "eps_avg_yearly": 0,
            "eps_latest_yearly": 0,
            "eps_growth_yearly": 0
        },
        "20191": {
            "year_quarter": 20191,
            "year": 2019,
            "quarter": 1,
            "eps": 0.12,
            "eps_growth_year": -96.95,
            "eps_4q": -0.07,
            "eps_4q_growth_year": -102,
            "roe": 0.82,
            "roe_4q": -0.5200000000000001,
            "gross_profit": 136,
            "gross_margin": 57.38,
            "gross_margin_4q_avg": 14.94,
            "net_income": 10862,
            "revenue": 237,
            "common_shares": 896747,
            "book_valuer_per_share": 14.74,
            "book_valuer_per_share_4q_avg": 14.75,
            "equity": 1334236,
            "current_ratio": 6358.85,
            "debt_ratio": 1.34,
            "inventory_turnover_ratio": 0,
            "account_receivable_turnover_ratio": 0.95,
            "reinvestment_rate": -55.9,
            "research_to_sale_ratio": null,
            "price_fair": 0,
            "eps_avg_yearly": 0,
            "eps_latest_yearly": 0,
            "eps_growth_yearly": 0
        },
        "20192": {
            "year_quarter": 20192,
            "year": 2019,
            "quarter": 2,
            "eps": -0.04,
            "eps_growth_year": null,
            "eps_4q": -0.09,
            "eps_4q_growth_year": -102.49,
            "roe": -0.27,
            "roe_4q": -0.72,
            "gross_profit": 95,
            "gross_margin": 35.85,
            "gross_margin_4q_avg": 20.02,
            "net_income": -3590,
            "revenue": 265,
            "common_shares": 896747,
            "book_valuer_per_share": 14.7,
            "book_valuer_per_share_4q_avg": 14.73,
            "equity": 1330646,
            "current_ratio": 3704.56,
            "debt_ratio": 2.26,
            "inventory_turnover_ratio": 0,
            "account_receivable_turnover_ratio": 3.31,
            "reinvestment_rate": -73.47,
            "research_to_sale_ratio": null,
            "price_fair": 0,
            "eps_avg_yearly": 0,
            "eps_latest_yearly": 0,
            "eps_growth_yearly": 0
        },
        "20193": {
            "year_quarter": 20193,
            "year": 2019,
            "quarter": 3,
            "eps": -0.09,
            "eps_growth_year": -280,
            "eps_4q": -0.22,
            "eps_4q_growth_year": -105.84,
            "roe": -0.64,
            "roe_4q": -1.6800000000000002,
            "gross_profit": 111,
            "gross_margin": 100,
            "gross_margin_4q_avg": 49.97,
            "net_income": -8539,
            "revenue": 111,
            "common_shares": 986422,
            "book_valuer_per_share": 13.28,
            "book_valuer_per_share_4q_avg": 14.34,
            "equity": 1322107,
            "current_ratio": 3614.66,
            "debt_ratio": 2.32,
            "inventory_turnover_ratio": 0,
            "account_receivable_turnover_ratio": 1.39,
            "reinvestment_rate": -73.95,
            "research_to_sale_ratio": null,
            "price_fair": 0,
            "eps_avg_yearly": 0,
            "eps_latest_yearly": 0,
            "eps_growth_yearly": 0
        },
        "20194": {
            "year_quarter": 20194,
            "year": 2019,
            "quarter": 4,
            "eps": -0.45,
            "eps_growth_year": null,
            "eps_4q": -0.46,
            "eps_4q_growth_year": -112.39,
            "roe": -3.4,
            "roe_4q": -3.4900000000000007,
            "gross_profit": -40502,
            "gross_margin": -91.74,
            "gross_margin_4q_avg": 25.37,
            "net_income": -44149,
            "revenue": 44147,
            "common_shares": 986422,
            "book_valuer_per_share": 12.83,
            "book_valuer_per_share_4q_avg": 13.89,
            "equity": 1277958,
            "current_ratio": 2860.01,
            "debt_ratio": 2.93,
            "inventory_turnover_ratio": 0.15,
            "account_receivable_turnover_ratio": null,
            "reinvestment_rate": -89.82,
            "research_to_sale_ratio": null,
            "price_fair": 0,
            "eps_avg_yearly": 0,
            "eps_latest_yearly": 0,
            "eps_growth_yearly": 0
        },
        "20201": {
            "year_quarter": 20201,
            "year": 2020,
            "quarter": 1,
            "eps": -0.52,
            "eps_growth_year": -533.33,
            "eps_4q": -1.09,
            "eps_4q_growth_year": null,
            "roe": -4.11,
            "roe_4q": -8.42,
            "gross_profit": 361,
            "gross_margin": 1.76,
            "gross_margin_4q_avg": 11.47,
            "net_income": -51494,
            "revenue": 20493,
            "common_shares": 986422,
            "book_valuer_per_share": 12.3,
            "book_valuer_per_share_4q_avg": 13.28,
            "equity": 1226464,
            "current_ratio": 2294.18,
            "debt_ratio": 3.63,
            "inventory_turnover_ratio": 0.04,
            "account_receivable_turnover_ratio": null,
            "reinvestment_rate": -116.04,
            "research_to_sale_ratio": null,
            "price_fair": 0,
            "eps_avg_yearly": 0,
            "eps_latest_yearly": 0,
            "eps_growth_yearly": 0
        },
        "20202": {
            "year_quarter": 20202,
            "year": 2020,
            "quarter": 2,
            "eps": 0.4,
            "eps_growth_year": null,
            "eps_4q": -0.64,
            "eps_4q_growth_year": null,
            "roe": 3.23,
            "roe_4q": -4.92,
            "gross_profit": 7153,
            "gross_margin": 27.79,
            "gross_margin_4q_avg": 9.45,
            "net_income": 40250,
            "revenue": 25743,
            "common_shares": 986422,
            "book_valuer_per_share": 12.71,
            "book_valuer_per_share_4q_avg": 12.78,
            "equity": 1266714,
            "current_ratio": 8829.34,
            "debt_ratio": 0.95,
            "inventory_turnover_ratio": 0.04,
            "account_receivable_turnover_ratio": null,
            "reinvestment_rate": -93.94,
            "research_to_sale_ratio": null,
            "price_fair": 0,
            "eps_avg_yearly": 0,
            "eps_latest_yearly": 0,
            "eps_growth_yearly": 0
        },
        "20203": {
            "year_quarter": 20203,
            "year": 2020,
            "quarter": 3,
            "eps": 0.29,
            "eps_growth_year": null,
            "eps_4q": -0.27,
            "eps_4q_growth_year": null,
            "roe": 2.26,
            "roe_4q": -2.02,
            "gross_profit": 41210,
            "gross_margin": 23.84,
            "gross_margin_4q_avg": -9.59,
            "net_income": 28924,
            "revenue": 172894,
            "common_shares": 1006151,
            "book_valuer_per_share": 12.75,
            "book_valuer_per_share_4q_avg": 12.65,
            "equity": 1295638,
            "current_ratio": 7503.61,
            "debt_ratio": 1.1,
            "inventory_turnover_ratio": 0.22,
            "account_receivable_turnover_ratio": null,
            "reinvestment_rate": -84.4,
            "research_to_sale_ratio": null,
            "price_fair": 3.48,
            "eps_avg_yearly": 1.16,
            "eps_latest_yearly": 1.16,
            "eps_growth_yearly": -110
        },
        "20204": {
            "year_quarter": 20204,
            "year": 2020,
            "quarter": 4,
            "eps": -0.02,
            "eps_growth_year": null,
            "eps_4q": 0.15,
            "eps_4q_growth_year": null,
            "roe": -0.18,
            "roe_4q": 1.1999999999999993,
            "gross_profit": -4014,
            "gross_margin": -1428.47,
            "gross_margin_4q_avg": -343.77,
            "net_income": -2379,
            "revenue": 281,
            "common_shares": 1006151,
            "book_valuer_per_share": 12.72,
            "book_valuer_per_share_4q_avg": 12.62,
            "equity": 1293259,
            "current_ratio": 1802.16,
            "debt_ratio": 4.61,
            "inventory_turnover_ratio": 0.01,
            "account_receivable_turnover_ratio": null,
            "reinvestment_rate": -83.06,
            "research_to_sale_ratio": null,
            "price_fair": 3.48,
            "eps_avg_yearly": 1.16,
            "eps_latest_yearly": 1.16,
            "eps_growth_yearly": -110
        },
        "20211": {
            "year_quarter": 20211,
            "year": 2021,
            "quarter": 1,
            "eps": 0.07,
            "eps_growth_year": null,
            "eps_4q": 0.73,
            "eps_4q_growth_year": null,
            "roe": 0.52,
            "roe_4q": 5.83,
            "gross_profit": 3905,
            "gross_margin": 24.32,
            "gross_margin_4q_avg": -338.13,
            "net_income": 6751,
            "revenue": 16058,
            "common_shares": 1006151,
            "book_valuer_per_share": 12.79,
            "book_valuer_per_share_4q_avg": 12.74,
            "equity": 1300010,
            "current_ratio": 2041.86,
            "debt_ratio": 6.88,
            "inventory_turnover_ratio": 0.02,
            "account_receivable_turnover_ratio": null,
            "reinvestment_rate": -78.61,
            "research_to_sale_ratio": null,
            "price_fair": 3.48,
            "eps_avg_yearly": 1.16,
            "eps_latest_yearly": 1.16,
            "eps_growth_yearly": -110
        },
        "20212": {
            "year_quarter": 20212,
            "year": 2021,
            "quarter": 2,
            "eps": -0.02,
            "eps_growth_year": -105,
            "eps_4q": 0.31,
            "eps_4q_growth_year": null,
            "roe": -0.18,
            "roe_4q": 2.42,
            "gross_profit": -1525,
            "gross_margin": -1337.72,
            "gross_margin_4q_avg": -679.51,
            "net_income": -2398,
            "revenue": 114,
            "common_shares": 1006151,
            "book_valuer_per_share": 12.77,
            "book_valuer_per_share_4q_avg": 12.76,
            "equity": 1297612,
            "current_ratio": 1462.16,
            "debt_ratio": 8.61,
            "inventory_turnover_ratio": 0,
            "account_receivable_turnover_ratio": null,
            "reinvestment_rate": -76.88,
            "research_to_sale_ratio": null,
            "price_fair": 3.48,
            "eps_avg_yearly": 1.16,
            "eps_latest_yearly": 1.16,
            "eps_growth_yearly": -110
        },
        "20213": {
            "year_quarter": 20213,
            "year": 2021,
            "quarter": 3,
            "eps": -0.02,
            "eps_growth_year": -106.9,
            "eps_4q": -0,
            "eps_4q_growth_year": null,
            "roe": -0.17,
            "roe_4q": -0.009999999999999953,
            "gross_profit": 5035,
            "gross_margin": 4416.67,
            "gross_margin_4q_avg": 418.7,
            "net_income": -2210,
            "revenue": 114,
            "common_shares": 1006151,
            "book_valuer_per_share": 12.74,
            "book_valuer_per_share_4q_avg": 12.76,
            "equity": 1295402,
            "current_ratio": 1095.53,
            "debt_ratio": 10.49,
            "inventory_turnover_ratio": -0.01,
            "account_receivable_turnover_ratio": null,
            "reinvestment_rate": -76.8,
            "research_to_sale_ratio": null,
            "price_fair": 3.48,
            "eps_avg_yearly": 1.16,
            "eps_latest_yearly": 1.16,
            "eps_growth_yearly": -110
        },
        "20214": {
            "year_quarter": 20214,
            "year": 2021,
            "quarter": 4,
            "eps": 1.03,
            "eps_growth_year": null,
            "eps_4q": 1.05,
            "eps_4q_growth_year": 609.29,
            "roe": 7.71,
            "roe_4q": 7.880000000000001,
            "gross_profit": 18492,
            "gross_margin": 66.04,
            "gross_margin_4q_avg": 792.33,
            "net_income": 103887,
            "revenue": 28000,
            "common_shares": 1006151,
            "book_valuer_per_share": 13.78,
            "book_valuer_per_share_4q_avg": 13.02,
            "equity": 1399289,
            "current_ratio": 473.43,
            "debt_ratio": 26.1,
            "inventory_turnover_ratio": 0.01,
            "account_receivable_turnover_ratio": null,
            "reinvestment_rate": 1.51,
            "research_to_sale_ratio": null,
            "price_fair": 3.48,
            "eps_avg_yearly": 1.16,
            "eps_latest_yearly": 1.16,
            "eps_growth_yearly": -110
        },
        "20221": {
            "year_quarter": 20221,
            "year": 2022,
            "quarter": 1,
            "eps": 0.36,
            "eps_growth_year": 414.29,
            "eps_4q": 1.34,
            "eps_4q_growth_year": 84.88,
            "roe": 2.53,
            "roe_4q": 9.89,
            "gross_profit": 7472,
            "gross_margin": 5.93,
            "gross_margin_4q_avg": 787.73,
            "net_income": 35807,
            "revenue": 126069,
            "common_shares": 1006151,
            "book_valuer_per_share": 14.13,
            "book_valuer_per_share_4q_avg": 13.36,
            "equity": 1435096,
            "current_ratio": 537.78,
            "debt_ratio": 23.59,
            "inventory_turnover_ratio": 0.1,
            "account_receivable_turnover_ratio": null,
            "reinvestment_rate": -63.6,
            "research_to_sale_ratio": null,
            "price_fair": 3.9,
            "eps_avg_yearly": 1.3,
            "eps_latest_yearly": 1.44,
            "eps_growth_yearly": -185.1
        },
        "20222": {
            "year_quarter": 20222,
            "year": 2022,
            "quarter": 2,
            "eps": -0.47,
            "eps_growth_year": null,
            "eps_4q": 0.87,
            "eps_4q_growth_year": 182.6,
            "roe": -3.38,
            "roe_4q": 6.6899999999999995,
            "gross_profit": 1115,
            "gross_margin": 4.71,
            "gross_margin_4q_avg": 1123.34,
            "net_income": -47666,
            "revenue": 23658,
            "common_shares": 1006151,
            "book_valuer_per_share": 13.66,
            "book_valuer_per_share_4q_avg": 13.58,
            "equity": 1387430,
            "current_ratio": 501.76,
            "debt_ratio": 24.68,
            "inventory_turnover_ratio": 0.02,
            "account_receivable_turnover_ratio": null,
            "reinvestment_rate": -119.77,
            "research_to_sale_ratio": null,
            "price_fair": 3.9,
            "eps_avg_yearly": 1.3,
            "eps_latest_yearly": 1.44,
            "eps_growth_yearly": -185.1
        },
        "20223": {
            "year_quarter": 20223,
            "year": 2022,
            "quarter": 3,
            "eps": 0,
            "eps_growth_year": null,
            "eps_4q": 0.89,
            "eps_4q_growth_year": null,
            "roe": 0.03,
            "roe_4q": 6.89,
            "gross_profit": 6580,
            "gross_margin": 6.67,
            "gross_margin_4q_avg": 20.84,
            "net_income": 463,
            "revenue": 98657,
            "common_shares": 1036335,
            "book_valuer_per_share": 13.27,
            "book_valuer_per_share_4q_avg": 13.71,
            "equity": 1387893,
            "current_ratio": 540.47,
            "debt_ratio": 22.72,
            "inventory_turnover_ratio": 0.09,
            "account_receivable_turnover_ratio": null,
            "reinvestment_rate": -128.78,
            "research_to_sale_ratio": null,
            "price_fair": 3.9,
            "eps_avg_yearly": 1.3,
            "eps_latest_yearly": 1.44,
            "eps_growth_yearly": -185.1
        },
        "20224": {
            "year_quarter": 20224,
            "year": 2022,
            "quarter": 4,
            "eps": -0.01,
            "eps_growth_year": -100.84,
            "eps_4q": -0.12,
            "eps_4q_growth_year": -111.26,
            "roe": -0.06,
            "roe_4q": -0.8799999999999999,
            "gross_profit": 1409,
            "gross_margin": 823.98,
            "gross_margin_4q_avg": 210.32,
            "net_income": -893,
            "revenue": 171,
            "common_shares": 1036335,
            "book_valuer_per_share": 13.26,
            "book_valuer_per_share_4q_avg": 13.58,
            "equity": 1387000,
            "current_ratio": 476.85,
            "debt_ratio": 24.8,
            "inventory_turnover_ratio": -0,
            "account_receivable_turnover_ratio": null,
            "reinvestment_rate": -85.5,
            "research_to_sale_ratio": null,
            "price_fair": 3.9,
            "eps_avg_yearly": 1.3,
            "eps_latest_yearly": 1.44,
            "eps_growth_yearly": -185.1
        },
        "20231": {
            "year_quarter": 20231,
            "year": 2023,
            "quarter": 1,
            "eps": 0,
            "eps_growth_year": -100,
            "eps_4q": -0.46,
            "eps_4q_growth_year": -134.5,
            "roe": 0.01,
            "roe_4q": -3.4,
            "gross_profit": 171,
            "gross_margin": 100,
            "gross_margin_4q_avg": 233.84,
            "net_income": 111,
            "revenue": 171,
            "common_shares": 1036335,
            "book_valuer_per_share": 13.26,
            "book_valuer_per_share_4q_avg": 13.36,
            "equity": 1387111,
            "current_ratio": 463.07,
            "debt_ratio": 25.29,
            "inventory_turnover_ratio": 0,
            "account_receivable_turnover_ratio": null,
            "reinvestment_rate": -102.68,
            "research_to_sale_ratio": null,
            "price_fair": 3.9,
            "eps_avg_yearly": 1.3,
            "eps_latest_yearly": 1.44,
            "eps_growth_yearly": -185.1
        }
    },
    "months": {
        "2001-06": {
            "month": "2001-06",
            "price": "12.04",
            "revenue": 238019
        },
        "2001-07": {
            "month": "2001-07",
            "price": "8.07",
            "revenue": 252386
        },
        "2001-08": {
            "month": "2001-08",
            "price": "8.19",
            "revenue": 291986
        },
        "2001-09": {
            "month": "2001-09",
            "price": "7.25",
            "revenue": 304100
        },
        "2001-10": {
            "month": "2001-10",
            "price": "6.30",
            "revenue": 283360
        },
        "2001-11": {
            "month": "2001-11",
            "price": "6.97",
            "revenue": 286101
        },
        "2001-12": {
            "month": "2001-12",
            "price": "8.24",
            "revenue": 218681
        },
        "2002-01": {
            "month": "2002-01",
            "price": "9.09",
            "revenue": 187036
        },
        "2002-02": {
            "month": "2002-02",
            "price": "8.73",
            "revenue": 152699
        },
        "2002-03": {
            "month": "2002-03",
            "price": "9.25",
            "revenue": 220718
        },
        "2002-04": {
            "month": "2002-04",
            "price": "10.55",
            "revenue": 161883
        },
        "2002-05": {
            "month": "2002-05",
            "price": "8.14",
            "revenue": 166147
        },
        "2002-06": {
            "month": "2002-06",
            "price": "7.44",
            "revenue": 191803
        },
        "2002-07": {
            "month": "2002-07",
            "price": "6.40",
            "revenue": 162810
        },
        "2002-08": {
            "month": "2002-08",
            "price": "5.37",
            "revenue": 136558
        },
        "2002-09": {
            "month": "2002-09",
            "price": "4.37",
            "revenue": 173416
        },
        "2002-10": {
            "month": "2002-10",
            "price": "4.14",
            "revenue": 112864
        },
        "2002-11": {
            "month": "2002-11",
            "price": "5.49",
            "revenue": 134330
        },
        "2002-12": {
            "month": "2002-12",
            "price": "4.84",
            "revenue": 211572
        },
        "2003-01": {
            "month": "2003-01",
            "price": "5.08",
            "revenue": 65220
        },
        "2003-02": {
            "month": "2003-02",
            "price": "4.25",
            "revenue": 71530
        },
        "2003-03": {
            "month": "2003-03",
            "price": "3.69",
            "revenue": 76627
        },
        "2003-04": {
            "month": "2003-04",
            "price": "3.15",
            "revenue": 77931
        },
        "2003-05": {
            "month": "2003-05",
            "price": "2.38",
            "revenue": 62823
        },
        "2003-06": {
            "month": "2003-06",
            "price": "3.33",
            "revenue": 296956
        },
        "2003-07": {
            "month": "2003-07",
            "price": "3.40",
            "revenue": 95764
        },
        "2003-08": {
            "month": "2003-08",
            "price": "4.15",
            "revenue": 56696
        },
        "2003-09": {
            "month": "2003-09",
            "price": "3.83",
            "revenue": 71417
        },
        "2003-10": {
            "month": "2003-10",
            "price": "5.04",
            "revenue": 101143
        },
        "2003-11": {
            "month": "2003-11",
            "price": "5.43",
            "revenue": 72030
        },
        "2003-12": {
            "month": "2003-12",
            "price": "10.22",
            "revenue": 98600
        },
        "2004-01": {
            "month": "2004-01",
            "price": "9.47",
            "revenue": 51047
        },
        "2004-02": {
            "month": "2004-02",
            "price": "10.48",
            "revenue": 87369
        },
        "2004-03": {
            "month": "2004-03",
            "price": "9.51",
            "revenue": 138750
        },
        "2004-04": {
            "month": "2004-04",
            "price": "8.82",
            "revenue": 86171
        },
        "2004-05": {
            "month": "2004-05",
            "price": "7.43",
            "revenue": 59922
        },
        "2004-06": {
            "month": "2004-06",
            "price": "7.03",
            "revenue": 60049
        },
        "2004-07": {
            "month": "2004-07",
            "price": "6.11",
            "revenue": 44000
        },
        "2004-08": {
            "month": "2004-08",
            "price": "5.56",
            "revenue": 26196
        },
        "2004-09": {
            "month": "2004-09",
            "price": "4.98",
            "revenue": 35651
        },
        "2004-10": {
            "month": "2004-10",
            "price": "4.36",
            "revenue": 66680
        },
        "2004-11": {
            "month": "2004-11",
            "price": "4.04",
            "revenue": 39257
        },
        "2004-12": {
            "month": "2004-12",
            "price": "3.86",
            "revenue": 38827
        },
        "2005-01": {
            "month": "2005-01",
            "price": "3.86",
            "revenue": 15498
        },
        "2005-02": {
            "month": "2005-02",
            "price": "3.89",
            "revenue": 5170
        },
        "2005-03": {
            "month": "2005-03",
            "price": "3.61",
            "revenue": 15538
        },
        "2005-04": {
            "month": "2005-04",
            "price": "2.98",
            "revenue": 4995
        },
        "2005-05": {
            "month": "2005-05",
            "price": "2.21",
            "revenue": 4198
        },
        "2005-06": {
            "month": "2005-06",
            "price": "2.73",
            "revenue": 5895
        },
        "2005-07": {
            "month": "2005-07",
            "price": "2.73",
            "revenue": 5156
        },
        "2005-08": {
            "month": "2005-08",
            "price": "2.41",
            "revenue": 2290
        },
        "2005-09": {
            "month": "2005-09",
            "price": "2.10",
            "revenue": 4287
        },
        "2005-10": {
            "month": "2005-10",
            "price": "2.00",
            "revenue": 643
        },
        "2005-11": {
            "month": "2005-11",
            "price": "1.91",
            "revenue": 1964
        },
        "2005-12": {
            "month": "2005-12",
            "price": "3.04",
            "revenue": 1232
        },
        "2006-01": {
            "month": "2006-01",
            "price": "3.17",
            "revenue": 2381
        },
        "2006-02": {
            "month": "2006-02",
            "price": "2.62",
            "revenue": 2643
        },
        "2006-03": {
            "month": "2006-03",
            "price": "2.88",
            "revenue": 1211
        },
        "2006-04": {
            "month": "2006-04",
            "price": "2.89",
            "revenue": 3920
        },
        "2006-05": {
            "month": "2006-05",
            "price": "1.91",
            "revenue": 2810
        },
        "2006-06": {
            "month": "2006-06",
            "price": "1.66",
            "revenue": 4326
        },
        "2006-07": {
            "month": "2006-07",
            "price": "1.25",
            "revenue": 3970
        },
        "2006-08": {
            "month": "2006-08",
            "price": "1.25",
            "revenue": 3718
        },
        "2006-09": {
            "month": "2006-09",
            "price": "1.07",
            "revenue": 3005
        },
        "2006-10": {
            "month": "2006-10",
            "price": "1.11",
            "revenue": 1522
        },
        "2006-11": {
            "month": "2006-11",
            "price": "1.41",
            "revenue": 24978
        },
        "2006-12": {
            "month": "2006-12",
            "price": "3.66",
            "revenue": 21404
        },
        "2007-01": {
            "month": "2007-01",
            "price": "3.21",
            "revenue": 24037
        },
        "2007-02": {
            "month": "2007-02",
            "price": "3.39",
            "revenue": 23596
        },
        "2007-03": {
            "month": "2007-03",
            "price": "4.55",
            "revenue": 36682
        },
        "2007-04": {
            "month": "2007-04",
            "price": "5.24",
            "revenue": 44917
        },
        "2007-05": {
            "month": "2007-05",
            "price": "4.31",
            "revenue": 50218
        },
        "2007-06": {
            "month": "2007-06",
            "price": "4.18",
            "revenue": 43494
        },
        "2007-07": {
            "month": "2007-07",
            "price": "4.29",
            "revenue": 47553
        },
        "2007-08": {
            "month": "2007-08",
            "price": "4.21",
            "revenue": 51903
        },
        "2007-09": {
            "month": "2007-09",
            "price": "4.10",
            "revenue": 45751
        },
        "2007-10": {
            "month": "2007-10",
            "price": "4.19",
            "revenue": 35098
        },
        "2007-11": {
            "month": "2007-11",
            "price": "3.67",
            "revenue": 29774
        },
        "2007-12": {
            "month": "2007-12",
            "price": "3.70",
            "revenue": 236431
        },
        "2008-01": {
            "month": "2008-01",
            "price": "3.20",
            "revenue": 32945
        },
        "2008-02": {
            "month": "2008-02",
            "price": "3.02",
            "revenue": 29517
        },
        "2008-03": {
            "month": "2008-03",
            "price": "3.21",
            "revenue": 253299
        },
        "2008-04": {
            "month": "2008-04",
            "price": "3.95",
            "revenue": 38160
        },
        "2008-05": {
            "month": "2008-05",
            "price": "8.41",
            "revenue": 28129
        },
        "2008-06": {
            "month": "2008-06",
            "price": "7.96",
            "revenue": 112732
        },
        "2008-07": {
            "month": "2008-07",
            "price": "7.74",
            "revenue": 20196
        },
        "2008-08": {
            "month": "2008-08",
            "price": "7.05",
            "revenue": 16979
        },
        "2008-09": {
            "month": "2008-09",
            "price": "5.03",
            "revenue": 83402
        },
        "2008-10": {
            "month": "2008-10",
            "price": "4.75",
            "revenue": 15537
        },
        "2008-11": {
            "month": "2008-11",
            "price": "7.09",
            "revenue": 23319
        },
        "2008-12": {
            "month": "2008-12",
            "price": "6.36",
            "revenue": 18485
        },
        "2009-01": {
            "month": "2009-01",
            "price": "6.58",
            "revenue": 10651
        },
        "2009-02": {
            "month": "2009-02",
            "price": "6.01",
            "revenue": 17265
        },
        "2009-03": {
            "month": "2009-03",
            "price": "6.02",
            "revenue": 53257
        },
        "2009-04": {
            "month": "2009-04",
            "price": "7.32",
            "revenue": 29811
        },
        "2009-05": {
            "month": "2009-05",
            "price": "7.29",
            "revenue": 20481
        },
        "2009-06": {
            "month": "2009-06",
            "price": "7.38",
            "revenue": 47153
        },
        "2009-07": {
            "month": "2009-07",
            "price": "7.41",
            "revenue": 30657
        },
        "2009-08": {
            "month": "2009-08",
            "price": "7.52",
            "revenue": 14695
        },
        "2009-09": {
            "month": "2009-09",
            "price": "8.28",
            "revenue": 28482
        },
        "2009-10": {
            "month": "2009-10",
            "price": "9.07",
            "revenue": 15539
        },
        "2009-11": {
            "month": "2009-11",
            "price": "8.92",
            "revenue": 14521
        },
        "2009-12": {
            "month": "2009-12",
            "price": "8.96",
            "revenue": 87183
        },
        "2010-01": {
            "month": "2010-01",
            "price": "10.16",
            "revenue": 18757
        },
        "2010-02": {
            "month": "2010-02",
            "price": "8.97",
            "revenue": 10520
        },
        "2010-03": {
            "month": "2010-03",
            "price": "9.03",
            "revenue": 18520
        },
        "2010-04": {
            "month": "2010-04",
            "price": "10.53",
            "revenue": 19568
        },
        "2010-05": {
            "month": "2010-05",
            "price": "10.08",
            "revenue": 30161
        },
        "2010-06": {
            "month": "2010-06",
            "price": "9.77",
            "revenue": 40873
        },
        "2010-07": {
            "month": "2010-07",
            "price": "9.94",
            "revenue": 23158
        },
        "2010-08": {
            "month": "2010-08",
            "price": "13.69",
            "revenue": 128728
        },
        "2010-09": {
            "month": "2010-09",
            "price": "12.71",
            "revenue": 38634
        },
        "2010-10": {
            "month": "2010-10",
            "price": "12.53",
            "revenue": 39952
        },
        "2010-11": {
            "month": "2010-11",
            "price": "11.83",
            "revenue": 48753
        },
        "2010-12": {
            "month": "2010-12",
            "price": "11.46",
            "revenue": 41373
        },
        "2011-01": {
            "month": "2011-01",
            "price": "10.93",
            "revenue": 31950
        },
        "2011-02": {
            "month": "2011-02",
            "price": "10.24",
            "revenue": 33585
        },
        "2011-03": {
            "month": "2011-03",
            "price": "10.25",
            "revenue": 48574
        },
        "2011-04": {
            "month": "2011-04",
            "price": "10.47",
            "revenue": 25433
        },
        "2011-05": {
            "month": "2011-05",
            "price": "11.11",
            "revenue": 16794
        },
        "2011-06": {
            "month": "2011-06",
            "price": "10.12",
            "revenue": 4406
        },
        "2011-07": {
            "month": "2011-07",
            "price": "9.51",
            "revenue": 3022
        },
        "2011-08": {
            "month": "2011-08",
            "price": "8.74",
            "revenue": 12646
        },
        "2011-09": {
            "month": "2011-09",
            "price": "8.56",
            "revenue": 13144
        },
        "2011-10": {
            "month": "2011-10",
            "price": "8.67",
            "revenue": 12983
        },
        "2011-11": {
            "month": "2011-11",
            "price": "8.74",
            "revenue": 8371
        },
        "2011-12": {
            "month": "2011-12",
            "price": "8.55",
            "revenue": 8142
        },
        "2012-01": {
            "month": "2012-01",
            "price": "8.57",
            "revenue": 8289
        },
        "2012-02": {
            "month": "2012-02",
            "price": "8.82",
            "revenue": 29326
        },
        "2012-03": {
            "month": "2012-03",
            "price": "8.59",
            "revenue": 41856
        },
        "2012-04": {
            "month": "2012-04",
            "price": "8.59",
            "revenue": 19671
        },
        "2012-05": {
            "month": "2012-05",
            "price": "8.54",
            "revenue": 17877
        },
        "2012-06": {
            "month": "2012-06",
            "price": "8.54",
            "revenue": 78499
        },
        "2012-07": {
            "month": "2012-07",
            "price": "8.66",
            "revenue": 26602
        },
        "2012-08": {
            "month": "2012-08",
            "price": "9.03",
            "revenue": 50131
        },
        "2012-09": {
            "month": "2012-09",
            "price": "9.25",
            "revenue": 134350
        },
        "2012-10": {
            "month": "2012-10",
            "price": "10.47",
            "revenue": 106808
        },
        "2012-11": {
            "month": "2012-11",
            "price": "9.62",
            "revenue": 93517
        },
        "2012-12": {
            "month": "2012-12",
            "price": "10.88",
            "revenue": 87528
        },
        "2013-01": {
            "month": "2013-01",
            "price": "10.70",
            "revenue": 15742
        },
        "2013-02": {
            "month": "2013-02",
            "price": "10.25",
            "revenue": 13623
        },
        "2013-03": {
            "month": "2013-03",
            "price": "10.14",
            "revenue": 15278
        },
        "2013-04": {
            "month": "2013-04",
            "price": "10.61",
            "revenue": 19804
        },
        "2013-05": {
            "month": "2013-05",
            "price": "10.70",
            "revenue": 21457
        },
        "2013-06": {
            "month": "2013-06",
            "price": "11.23",
            "revenue": 35094
        },
        "2013-07": {
            "month": "2013-07",
            "price": "10.72",
            "revenue": 20226
        },
        "2013-08": {
            "month": "2013-08",
            "price": "10.53",
            "revenue": 15673
        },
        "2013-09": {
            "month": "2013-09",
            "price": "10.67",
            "revenue": 17062
        },
        "2013-10": {
            "month": "2013-10",
            "price": "10.69",
            "revenue": 45764
        },
        "2013-11": {
            "month": "2013-11",
            "price": "10.02",
            "revenue": 47158
        },
        "2013-12": {
            "month": "2013-12",
            "price": "9.85",
            "revenue": 29438
        },
        "2014-01": {
            "month": "2014-01",
            "price": "9.87",
            "revenue": 46548
        },
        "2014-02": {
            "month": "2014-02",
            "price": "10.11",
            "revenue": 7061
        },
        "2014-03": {
            "month": "2014-03",
            "price": "9.82",
            "revenue": 6455
        },
        "2014-04": {
            "month": "2014-04",
            "price": "9.84",
            "revenue": 12889
        },
        "2014-05": {
            "month": "2014-05",
            "price": "9.87",
            "revenue": 16797
        },
        "2014-06": {
            "month": "2014-06",
            "price": "10.19",
            "revenue": 9501
        },
        "2014-07": {
            "month": "2014-07",
            "price": "10.12",
            "revenue": 32867
        },
        "2014-08": {
            "month": "2014-08",
            "price": "10.00",
            "revenue": 21922
        },
        "2014-09": {
            "month": "2014-09",
            "price": "9.91",
            "revenue": 24585
        },
        "2014-10": {
            "month": "2014-10",
            "price": "9.28",
            "revenue": 23334
        },
        "2014-11": {
            "month": "2014-11",
            "price": "8.85",
            "revenue": 16206
        },
        "2014-12": {
            "month": "2014-12",
            "price": "9.31",
            "revenue": 15249
        },
        "2015-01": {
            "month": "2015-01",
            "price": "9.18",
            "revenue": 13048
        },
        "2015-02": {
            "month": "2015-02",
            "price": "9.04",
            "revenue": 9340
        },
        "2015-03": {
            "month": "2015-03",
            "price": "8.99",
            "revenue": 8518
        },
        "2015-04": {
            "month": "2015-04",
            "price": "8.66",
            "revenue": 9311
        },
        "2015-05": {
            "month": "2015-05",
            "price": "9.14",
            "revenue": 214216
        },
        "2015-06": {
            "month": "2015-06",
            "price": "11.12",
            "revenue": 42432
        },
        "2015-07": {
            "month": "2015-07",
            "price": "11.18",
            "revenue": 4614
        },
        "2015-08": {
            "month": "2015-08",
            "price": "8.89",
            "revenue": 2246
        },
        "2015-09": {
            "month": "2015-09",
            "price": "8.84",
            "revenue": 3714
        },
        "2015-10": {
            "month": "2015-10",
            "price": "8.62",
            "revenue": 3760
        },
        "2015-11": {
            "month": "2015-11",
            "price": "8.37",
            "revenue": 3038
        },
        "2015-12": {
            "month": "2015-12",
            "price": "8.37",
            "revenue": 3627
        },
        "2016-01": {
            "month": "2016-01",
            "price": "8.08",
            "revenue": 1533
        },
        "2016-02": {
            "month": "2016-02",
            "price": "7.66",
            "revenue": 3361
        },
        "2016-03": {
            "month": "2016-03",
            "price": "8.56",
            "revenue": 5741
        },
        "2016-04": {
            "month": "2016-04",
            "price": "8.55",
            "revenue": 4088
        },
        "2016-05": {
            "month": "2016-05",
            "price": "8.36",
            "revenue": 5957
        },
        "2016-06": {
            "month": "2016-06",
            "price": "8.34",
            "revenue": 5354
        },
        "2016-07": {
            "month": "2016-07",
            "price": "8.21",
            "revenue": 4103
        },
        "2016-08": {
            "month": "2016-08",
            "price": "8.02",
            "revenue": 7222
        },
        "2016-09": {
            "month": "2016-09",
            "price": "8.09",
            "revenue": 4901
        },
        "2016-10": {
            "month": "2016-10",
            "price": "7.97",
            "revenue": 3884
        },
        "2016-11": {
            "month": "2016-11",
            "price": "7.96",
            "revenue": 3278
        },
        "2016-12": {
            "month": "2016-12",
            "price": "7.89",
            "revenue": 3725
        },
        "2017-01": {
            "month": "2017-01",
            "price": "7.92",
            "revenue": 1062
        },
        "2017-02": {
            "month": "2017-02",
            "price": "7.98",
            "revenue": 962
        },
        "2017-03": {
            "month": "2017-03",
            "price": "7.95",
            "revenue": 2554
        },
        "2017-04": {
            "month": "2017-04",
            "price": "7.90",
            "revenue": 4734
        },
        "2017-05": {
            "month": "2017-05",
            "price": "7.84",
            "revenue": 21943
        },
        "2017-06": {
            "month": "2017-06",
            "price": "8.40",
            "revenue": 4910
        },
        "2017-07": {
            "month": "2017-07",
            "price": "7.89",
            "revenue": 15535
        },
        "2017-08": {
            "month": "2017-08",
            "price": "7.77",
            "revenue": 2395
        },
        "2017-09": {
            "month": "2017-09",
            "price": "8.21",
            "revenue": 1139
        },
        "2017-10": {
            "month": "2017-10",
            "price": "8.11",
            "revenue": 1636
        },
        "2017-11": {
            "month": "2017-11",
            "price": "8.82",
            "revenue": 5320
        },
        "2017-12": {
            "month": "2017-12",
            "price": "9.55",
            "revenue": 1948
        },
        "2018-01": {
            "month": "2018-01",
            "price": "10.04",
            "revenue": 987
        },
        "2018-02": {
            "month": "2018-02",
            "price": "9.81",
            "revenue": 62
        },
        "2018-03": {
            "month": "2018-03",
            "price": "10.09",
            "revenue": 1125
        },
        "2018-04": {
            "month": "2018-04",
            "price": "10.68",
            "revenue": 1577
        },
        "2018-05": {
            "month": "2018-05",
            "price": "10.42",
            "revenue": 810
        },
        "2018-06": {
            "month": "2018-06",
            "price": "9.71",
            "revenue": 16155
        },
        "2018-07": {
            "month": "2018-07",
            "price": "9.07",
            "revenue": 2974
        },
        "2018-08": {
            "month": "2018-08",
            "price": "9.10",
            "revenue": 2130
        },
        "2018-09": {
            "month": "2018-09",
            "price": "8.97",
            "revenue": 1795
        },
        "2018-10": {
            "month": "2018-10",
            "price": "8.64",
            "revenue": 182
        },
        "2018-11": {
            "month": "2018-11",
            "price": "8.66",
            "revenue": 269
        },
        "2018-12": {
            "month": "2018-12",
            "price": "9.03",
            "revenue": 211
        },
        "2019-01": {
            "month": "2019-01",
            "price": "9.12",
            "revenue": 125
        },
        "2019-02": {
            "month": "2019-02",
            "price": "9.28",
            "revenue": 74
        },
        "2019-03": {
            "month": "2019-03",
            "price": "9.39",
            "revenue": 37
        },
        "2019-04": {
            "month": "2019-04",
            "price": "9.20",
            "revenue": 37
        },
        "2019-05": {
            "month": "2019-05",
            "price": "9.13",
            "revenue": 38
        },
        "2019-06": {
            "month": "2019-06",
            "price": "9.12",
            "revenue": 191
        },
        "2019-07": {
            "month": "2019-07",
            "price": "9.03",
            "revenue": 37
        },
        "2019-08": {
            "month": "2019-08",
            "price": "8.11",
            "revenue": 37
        },
        "2019-09": {
            "month": "2019-09",
            "price": "7.98",
            "revenue": 37
        },
        "2019-10": {
            "month": "2019-10",
            "price": "8.00",
            "revenue": 56
        },
        "2019-11": {
            "month": "2019-11",
            "price": "8.17",
            "revenue": 56
        },
        "2019-12": {
            "month": "2019-12",
            "price": "8.05",
            "revenue": 44034
        },
        "2020-01": {
            "month": "2020-01",
            "price": "8.11",
            "revenue": 20381
        },
        "2020-02": {
            "month": "2020-02",
            "price": "8.13",
            "revenue": 56
        },
        "2020-03": {
            "month": "2020-03",
            "price": "7.04",
            "revenue": 56
        },
        "2020-04": {
            "month": "2020-04",
            "price": "6.75",
            "revenue": 56
        },
        "2020-05": {
            "month": "2020-05",
            "price": "6.97",
            "revenue": 25630
        },
        "2020-06": {
            "month": "2020-06",
            "price": "7.68",
            "revenue": 56
        },
        "2020-07": {
            "month": "2020-07",
            "price": "8.04",
            "revenue": 172376
        },
        "2020-08": {
            "month": "2020-08",
            "price": "8.17",
            "revenue": 266
        },
        "2020-09": {
            "month": "2020-09",
            "price": "8.65",
            "revenue": 252
        },
        "2020-10": {
            "month": "2020-10",
            "price": "8.52",
            "revenue": 56
        },
        "2020-11": {
            "month": "2020-11",
            "price": "8.60",
            "revenue": 56
        },
        "2020-12": {
            "month": "2020-12",
            "price": "8.82",
            "revenue": 169
        },
        "2021-01": {
            "month": "2021-01",
            "price": "8.51",
            "revenue": 15982
        },
        "2021-02": {
            "month": "2021-02",
            "price": "8.30",
            "revenue": 38
        },
        "2021-03": {
            "month": "2021-03",
            "price": "8.45",
            "revenue": 38
        },
        "2021-04": {
            "month": "2021-04",
            "price": "9.22",
            "revenue": 38
        },
        "2021-05": {
            "month": "2021-05",
            "price": "9.69",
            "revenue": 38
        },
        "2021-06": {
            "month": "2021-06",
            "price": "9.26",
            "revenue": 38
        },
        "2021-07": {
            "month": "2021-07",
            "price": "8.93",
            "revenue": 38
        },
        "2021-08": {
            "month": "2021-08",
            "price": "8.48",
            "revenue": 38
        },
        "2021-09": {
            "month": "2021-09",
            "price": "8.60",
            "revenue": 38
        },
        "2021-10": {
            "month": "2021-10",
            "price": "8.54",
            "revenue": 38
        },
        "2021-11": {
            "month": "2021-11",
            "price": "8.68",
            "revenue": 38
        },
        "2021-12": {
            "month": "2021-12",
            "price": "8.97",
            "revenue": 27924
        },
        "2022-01": {
            "month": "2022-01",
            "price": "8.97",
            "revenue": 38
        },
        "2022-02": {
            "month": "2022-02",
            "price": "8.83",
            "revenue": 73000
        },
        "2022-03": {
            "month": "2022-03",
            "price": "8.66",
            "revenue": 53031
        },
        "2022-04": {
            "month": "2022-04",
            "price": "16.59",
            "revenue": 38
        },
        "2022-05": {
            "month": "2022-05",
            "price": "25.36",
            "revenue": 23786
        },
        "2022-06": {
            "month": "2022-06",
            "price": "26.18",
            "revenue": 57
        },
        "2022-07": {
            "month": "2022-07",
            "price": "18.93",
            "revenue": 30291
        },
        "2022-08": {
            "month": "2022-08",
            "price": "22.47",
            "revenue": 39629
        },
        "2022-09": {
            "month": "2022-09",
            "price": "19.06",
            "revenue": 28514
        },
        "2022-10": {
            "month": "2022-10",
            "price": "14.57",
            "revenue": 57
        },
        "2022-11": {
            "month": "2022-11",
            "price": "15.59",
            "revenue": 57
        },
        "2022-12": {
            "month": "2022-12",
            "price": "16.08",
            "revenue": 57
        },
        "2023-01": {
            "month": "2023-01",
            "price": "14.78",
            "revenue": 57
        },
        "2023-02": {
            "month": "2023-02",
            "price": "16.79",
            "revenue": 57
        },
        "2023-03": {
            "month": "2023-03",
            "price": "15.87",
            "revenue": 57
        },
        "2023-04": {
            "month": "2023-04",
            "price": "15.73",
            "revenue": 57
        },
        "2023-05": {
            "month": "2023-05",
            "price": "15.10",
            "revenue": 57
        }
    }
}
