{
    "summary": {
        "stock_name": "台富",
        "stock_id": "1454",
        "category": "紡織纖維",
        "main_business": "特多龍布<br>特多龍紗",
        "website_url": "http://www.ttfco.com",
        "ceo": "莊燿銘",
        "pe_ratio": 92,
        "report_year_from": 2001,
        "report_year_to": 2023,
        "age": 22,
        "eps_negative_percentage": 30,
        "eps_growth_avg": {
            "last_all": -2.5,
            "last_2y": 0,
            "last_4y": 21.67,
            "last_8y": 14.22,
            "last_12y": 11.37,
            "last_16y": 4.48,
            "last_20y": -2.5,
            "at_2006_last_3y": 0,
            "at_2007_last_3y": -100,
            "at_2008_last_3y": 40,
            "at_2009_last_3y": -30,
            "at_2010_last_3y": -30,
            "at_2011_last_3y": 13.33,
            "at_2012_last_3y": -33.33,
            "at_2013_last_3y": 0,
            "at_2014_last_3y": 28.57,
            "at_2015_last_3y": 13.19,
            "at_2016_last_3y": 29.85,
            "at_2017_last_3y": 6.77,
            "at_2018_last_3y": -14.66,
            "at_2019_last_3y": -6.46,
            "at_2020_last_3y": -18.96,
            "at_2021_last_3y": -4.44,
            "at_2022_last_3y": 28.89,
            "at_2023_last_3y": 28.89,
            "at_2006_last_all": -30.39,
            "at_2007_last_all": -30.39,
            "at_2008_last_all": -12.79,
            "at_2009_last_all": -30.24,
            "at_2010_last_all": -30.24,
            "at_2011_last_all": -8.53,
            "at_2012_last_all": -21.6,
            "at_2013_last_all": -21.6,
            "at_2014_last_all": -8.18,
            "at_2015_last_all": -1.29,
            "at_2016_last_all": -6.16,
            "at_2017_last_all": -11.28,
            "at_2018_last_all": -10.34,
            "at_2019_last_all": -2.88,
            "at_2020_last_all": -9.82,
            "at_2021_last_all": -9.82,
            "at_2022_last_all": -2.5,
            "at_2023_last_all": -2.5
        },
        "latest_eps": 0.18,
        "latest_price": 16.5,
        "latest_roe": 1.37,
        "latest_gross_margin": 9.23,
        "latest_equity": 1563152,
        "latest_revenue": 363878,
        "latest_gross_profit": 33575,
        "latest_net_income": -3078,
        "latest_debt_ratio": 22.48,
        "latest_current_ratio": 269.81,
        "latest_account_receivable_turnover_ratio": 2.52,
        "latest_inventory_turnover_ratio": 0.66,
        "latest_reinvestment_rate": -121.26,
        "latest_research_to_sale_ratio": 0.71
    },
    "eps_dividends": {
        "1991": {
            "cash": 0,
            "stock": 2,
            "eps": 0
        },
        "1992": {
            "cash": 0,
            "stock": 1.5,
            "eps": 0
        },
        "1993": {
            "cash": 0,
            "stock": 1.5,
            "eps": 0
        },
        "1994": {
            "cash": 0,
            "stock": 1.2,
            "eps": 0
        },
        "2001": {
            "cash": 0,
            "stock": 0.74,
            "eps": 0.34
        },
        "2002": {
            "cash": 0.3,
            "stock": 0,
            "eps": 0.03
        },
        "2003": {
            "cash": 0,
            "stock": 0.5,
            "eps": 0.25
        },
        "2004": {
            "cash": 0.3,
            "stock": 0,
            "eps": -0.13
        },
        "2005": {
            "cash": 0,
            "stock": 0.3,
            "eps": -0.26
        },
        "2006": {
            "cash": 0,
            "stock": 0,
            "eps": -0.36
        },
        "2007": {
            "cash": 0,
            "stock": 0,
            "eps": 0.1
        },
        "2008": {
            "cash": 0,
            "stock": 0.3,
            "eps": 0.14
        },
        "2009": {
            "cash": 0.19,
            "stock": 0,
            "eps": -0.07
        },
        "2010": {
            "cash": 0,
            "stock": 0,
            "eps": 0.08
        },
        "2011": {
            "cash": 0.5,
            "stock": 0.5,
            "eps": 1.33
        },
        "2012": {
            "cash": 0,
            "stock": 0,
            "eps": -0.14
        },
        "2013": {
            "cash": 0.2,
            "stock": 0,
            "eps": 0.28
        },
        "2014": {
            "cash": 0.25,
            "stock": 0,
            "eps": 0.52
        },
        "2015": {
            "cash": 0.4,
            "stock": 0,
            "eps": 0.8
        },
        "2016": {
            "cash": 0.5,
            "stock": 0,
            "eps": 0.4
        },
        "2017": {
            "cash": 0.3,
            "stock": 0,
            "eps": 0.15
        },
        "2018": {
            "cash": 0.2,
            "stock": 0,
            "eps": 0.15
        },
        "2019": {
            "cash": 0.19,
            "stock": 0,
            "eps": 0.28
        },
        "2020": {
            "cash": 0.25,
            "stock": 0,
            "eps": -0.3
        },
        "2021": {
            "cash": 0.2,
            "stock": 0,
            "eps": 0.03
        },
        "2022": {
            "cash": 0.5,
            "stock": 0,
            "eps": 0.26
        },
        "2023": {
            "cash": 0.25,
            "stock": 0,
            "eps": -0.03
        }
    },
    "dividends": {
        "1991-05-10": {
            "cash": 0,
            "stock": 2
        },
        "1992-04-28": {
            "cash": 0,
            "stock": 1.5
        },
        "1993-05-13": {
            "cash": 0,
            "stock": 1.5
        },
        "1994-05-20": {
            "cash": 0,
            "stock": 1.2
        },
        "2001-05-29": {
            "cash": 0,
            "stock": 0.74
        },
        "2002-06-04": {
            "cash": 0.3,
            "stock": 0
        },
        "2003-06-12": {
            "cash": 0,
            "stock": 0.5
        },
        "2004-03-11": {
            "cash": 0.3,
            "stock": 0
        },
        "2005-03-22": {
            "cash": 0,
            "stock": 0.3
        },
        "2008-03-25": {
            "cash": 0,
            "stock": 0.3
        },
        "2009-03-24": {
            "cash": 0.19,
            "stock": 0
        },
        "2011-01-01": {
            "cash": 0.5,
            "stock": 0
        },
        "2011-03-22": {
            "cash": 0,
            "stock": 0.5
        },
        "2013-03-20": {
            "cash": 0.2,
            "stock": 0
        },
        "2014-09-30": {
            "cash": 0.25,
            "stock": 0
        },
        "2015-09-25": {
            "cash": 0.4,
            "stock": 0
        },
        "2016-08-18": {
            "cash": 0.5,
            "stock": 0
        },
        "2017-08-04": {
            "cash": 0.3,
            "stock": 0
        },
        "2018-09-20": {
            "cash": 0.2,
            "stock": 0
        },
        "2019-08-16": {
            "cash": 0.19,
            "stock": 0
        },
        "2020-09-22": {
            "cash": 0.25,
            "stock": 0
        },
        "2021-09-28": {
            "cash": 0.2,
            "stock": 0
        },
        "2022-08-12": {
            "cash": 0.5,
            "stock": 0
        },
        "2023-03-07": {
            "cash": 0.25,
            "stock": 0
        }
    },
    "prices": {
        "200101": "7.04",
        "200102": "6.32",
        "200103": "6.24",
        "200104": "5.84",
        "200105": "4.95",
        "200106": "5.92",
        "200107": "5.20",
        "200108": "5.13",
        "200109": "6.29",
        "200110": "5.78",
        "200111": "5.19",
        "200112": "5.96",
        "200201": "5.90",
        "200202": "5.69",
        "200203": "6.90",
        "200204": "7.38",
        "200205": "6.21",
        "200206": "6.58",
        "200207": "6.56",
        "200208": "6.12",
        "200209": "5.92",
        "200210": "5.65",
        "200211": "5.82",
        "200212": "6.11",
        "200301": "6.51",
        "200302": "6.09",
        "200303": "5.56",
        "200304": "5.39",
        "200305": "5.09",
        "200306": "5.52",
        "200307": "5.55",
        "200308": "5.31",
        "200309": "5.04",
        "200310": "5.21",
        "200311": "5.58",
        "200312": "5.58",
        "200401": "6.00",
        "200402": "7.71",
        "200403": "7.51",
        "200404": "8.42",
        "200405": "6.81",
        "200406": "6.40",
        "200407": "6.05",
        "200408": "5.70",
        "200409": "6.16",
        "200410": "6.11",
        "200411": "5.88",
        "200412": "5.80",
        "200501": "6.05",
        "200502": "5.78",
        "200503": "5.52",
        "200504": "4.74",
        "200505": "4.33",
        "200506": "5.07",
        "200507": "4.92",
        "200508": "4.65",
        "200509": "4.25",
        "200510": "4.60",
        "200511": "5.22",
        "200512": "5.39",
        "200601": "4.91",
        "200602": "4.74",
        "200603": "4.81",
        "200604": "4.78",
        "200605": "4.96",
        "200606": "4.49",
        "200607": "4.60",
        "200608": "4.32",
        "200609": "4.12",
        "200610": "4.37",
        "200611": "4.59",
        "200612": "5.73",
        "200701": "5.63",
        "200702": "5.55",
        "200703": "5.36",
        "200704": "6.08",
        "200705": "6.06",
        "200706": "6.37",
        "200707": "7.66",
        "200708": "7.48",
        "200709": "7.94",
        "200710": "7.22",
        "200711": "6.48",
        "200712": "7.48",
        "200801": "7.43",
        "200802": "7.09",
        "200803": "7.24",
        "200804": "7.56",
        "200805": "7.71",
        "200806": "7.14",
        "200807": "6.56",
        "200808": "6.02",
        "200809": "5.47",
        "200810": "4.65",
        "200811": "4.53",
        "200812": "4.42",
        "200901": "4.46",
        "200902": "4.27",
        "200903": "4.85",
        "200904": "5.54",
        "200905": "5.74",
        "200906": "5.65",
        "200907": "5.81",
        "200908": "5.93",
        "200909": "5.93",
        "200910": "6.22",
        "200911": "6.21",
        "200912": "6.76",
        "201001": "7.27",
        "201002": "6.64",
        "201003": "7.08",
        "201004": "7.51",
        "201005": "7.15",
        "201006": "7.25",
        "201007": "7.44",
        "201008": "8.56",
        "201009": "8.64",
        "201010": "9.09",
        "201011": "8.83",
        "201012": "8.87",
        "201101": "9.18",
        "201102": "9.04",
        "201103": "8.85",
        "201104": "9.53",
        "201105": "11.08",
        "201106": "10.03",
        "201107": "9.99",
        "201108": "9.22",
        "201109": "8.53",
        "201110": "8.25",
        "201111": "8.34",
        "201112": "7.44",
        "201201": "7.17",
        "201202": "7.91",
        "201203": "8.04",
        "201204": "7.61",
        "201205": "7.39",
        "201206": "7.24",
        "201207": "6.93",
        "201208": "6.95",
        "201209": "7.27",
        "201210": "7.18",
        "201211": "6.80",
        "201212": "7.31",
        "201301": "7.28",
        "201302": "7.11",
        "201303": "7.24",
        "201304": "7.08",
        "201305": "7.14",
        "201306": "7.22",
        "201307": "7.19",
        "201308": "7.21",
        "201309": "7.36",
        "201310": "7.84",
        "201311": "7.60",
        "201312": "7.83",
        "201401": "8.22",
        "201402": "8.20",
        "201403": "8.17",
        "201404": "8.23",
        "201405": "8.03",
        "201406": "8.06",
        "201407": "8.16",
        "201408": "8.23",
        "201409": "8.03",
        "201410": "7.75",
        "201411": "7.70",
        "201412": "7.89",
        "201501": "8.10",
        "201502": "8.21",
        "201503": "8.89",
        "201504": "11.80",
        "201505": "11.83",
        "201506": "12.37",
        "201507": "11.61",
        "201508": "10.25",
        "201509": "10.39",
        "201510": "10.57",
        "201511": "9.67",
        "201512": "9.06",
        "201601": "8.68",
        "201602": "8.76",
        "201603": "9.31",
        "201604": "9.03",
        "201605": "8.42",
        "201606": "8.55",
        "201607": "8.88",
        "201608": "9.05",
        "201609": "8.71",
        "201610": "8.41",
        "201611": "8.14",
        "201612": "8.50",
        "201701": "8.45",
        "201702": "8.71",
        "201703": "8.66",
        "201704": "8.48",
        "201705": "8.43",
        "201706": "8.40",
        "201707": "8.22",
        "201708": "8.26",
        "201709": "8.53",
        "201710": "8.47",
        "201711": "8.38",
        "201712": "8.41",
        "201801": "8.52",
        "201802": "8.25",
        "201803": "8.32",
        "201804": "8.36",
        "201805": "8.39",
        "201806": "8.21",
        "201807": "8.10",
        "201808": "8.10",
        "201809": "8.03",
        "201810": "7.72",
        "201811": "8.14",
        "201812": "8.32",
        "201901": "8.20",
        "201902": "8.16",
        "201903": "8.25",
        "201904": "8.20",
        "201905": "7.99",
        "201906": "7.98",
        "201907": "8.00",
        "201908": "8.00",
        "201909": "8.04",
        "201910": "7.92",
        "201911": "7.85",
        "201912": "7.80",
        "202001": "7.73",
        "202002": "7.75",
        "202003": "7.35",
        "202004": "7.76",
        "202005": "7.85",
        "202006": "8.19",
        "202007": "8.24",
        "202008": "8.17",
        "202009": "8.27",
        "202010": "8.40",
        "202011": "8.44",
        "202012": "8.48",
        "202101": "8.36",
        "202102": "8.31",
        "202103": "8.58",
        "202104": "10.08",
        "202105": "10.36",
        "202106": "10.22",
        "202107": "10.62",
        "202108": "10.15",
        "202109": "10.21",
        "202110": "10.08",
        "202111": "10.61",
        "202112": "13.33",
        "202201": "14.37",
        "202202": "14.17",
        "202203": "14.49",
        "202204": "14.44",
        "202205": "14.39",
        "202206": "15.34",
        "202207": "13.06",
        "202208": "13.71",
        "202209": "12.89",
        "202210": "12.38",
        "202211": "13.00",
        "202212": "13.01",
        "202301": "13.34",
        "202302": "13.17",
        "202303": "12.75",
        "202304": "13.39",
        "202305": "15.24",
        "202306": "16.74"
    },
    "quarters": {
        "20011": {
            "year_quarter": 20011,
            "year": 2001,
            "quarter": 1,
            "eps": -0.23,
            "eps_growth_year": -227.78,
            "eps_4q": -0.02,
            "eps_4q_growth_year": -110.08,
            "roe": -1.99,
            "roe_4q": -1.99,
            "gross_profit": 91957,
            "gross_margin": 14.92,
            "gross_margin_4q_avg": 14.92,
            "net_income": -36301,
            "revenue": 616350,
            "common_shares": 1515225,
            "book_valuer_per_share": 11.89,
            "book_valuer_per_share_4q_avg": 11.89,
            "equity": 1801825,
            "current_ratio": 122.66,
            "debt_ratio": 40.08,
            "inventory_turnover_ratio": 1.26,
            "account_receivable_turnover_ratio": null,
            "reinvestment_rate": null,
            "research_to_sale_ratio": null,
            "price_fair": 0,
            "eps_avg_yearly": 0,
            "eps_latest_yearly": 0,
            "eps_growth_yearly": 0
        },
        "20012": {
            "year_quarter": 20012,
            "year": 2001,
            "quarter": 2,
            "eps": 0.07,
            "eps_growth_year": null,
            "eps_4q": 0.18,
            "eps_4q_growth_year": null,
            "roe": 0.59,
            "roe_4q": -1.4,
            "gross_profit": 119426,
            "gross_margin": 17.25,
            "gross_margin_4q_avg": 16.09,
            "net_income": 10660,
            "revenue": 692401,
            "common_shares": 1515225,
            "book_valuer_per_share": 11.77,
            "book_valuer_per_share_4q_avg": 11.83,
            "equity": 1783445,
            "current_ratio": 117.29,
            "debt_ratio": 40.79,
            "inventory_turnover_ratio": 1.39,
            "account_receivable_turnover_ratio": null,
            "reinvestment_rate": null,
            "research_to_sale_ratio": null,
            "price_fair": 0,
            "eps_avg_yearly": 0,
            "eps_latest_yearly": 0,
            "eps_growth_yearly": 0
        },
        "20013": {
            "year_quarter": 20013,
            "year": 2001,
            "quarter": 3,
            "eps": 0.34,
            "eps_growth_year": -19.05,
            "eps_4q": 0.09,
            "eps_4q_growth_year": -82.02,
            "roe": 3.1,
            "roe_4q": 1.7,
            "gross_profit": 171839,
            "gross_margin": 20.79,
            "gross_margin_4q_avg": 17.65,
            "net_income": 55292,
            "revenue": 826616,
            "common_shares": 1621291,
            "book_valuer_per_share": 11.04,
            "book_valuer_per_share_4q_avg": 11.57,
            "equity": 1789380,
            "current_ratio": 117.61,
            "debt_ratio": 38.31,
            "inventory_turnover_ratio": 1.61,
            "account_receivable_turnover_ratio": null,
            "reinvestment_rate": null,
            "research_to_sale_ratio": null,
            "price_fair": 0,
            "eps_avg_yearly": 0,
            "eps_latest_yearly": 0,
            "eps_growth_yearly": 0
        },
        "20014": {
            "year_quarter": 20014,
            "year": 2001,
            "quarter": 4,
            "eps": 0.16,
            "eps_growth_year": null,
            "eps_4q": 0.35,
            "eps_4q_growth_year": -11.45,
            "roe": 1.43,
            "roe_4q": 3.13,
            "gross_profit": 98203,
            "gross_margin": 15.31,
            "gross_margin_4q_avg": 17.07,
            "net_income": 25597,
            "revenue": 641403,
            "common_shares": 1472000,
            "book_valuer_per_share": 12.14,
            "book_valuer_per_share_4q_avg": 11.71,
            "equity": 1786615,
            "current_ratio": 118.58,
            "debt_ratio": 37.16,
            "inventory_turnover_ratio": 1.4,
            "account_receivable_turnover_ratio": null,
            "reinvestment_rate": null,
            "research_to_sale_ratio": null,
            "price_fair": 0,
            "eps_avg_yearly": 0,
            "eps_latest_yearly": 0,
            "eps_growth_yearly": 0
        },
        "20021": {
            "year_quarter": 20021,
            "year": 2002,
            "quarter": 1,
            "eps": -0.01,
            "eps_growth_year": null,
            "eps_4q": 1.03,
            "eps_4q_growth_year": null,
            "roe": -0.05,
            "roe_4q": 5.07,
            "gross_profit": 53421,
            "gross_margin": 10.22,
            "gross_margin_4q_avg": 15.89,
            "net_income": -877,
            "revenue": 522792,
            "common_shares": 1425240,
            "book_valuer_per_share": 12,
            "book_valuer_per_share_4q_avg": 11.74,
            "equity": 1709743,
            "current_ratio": 119.31,
            "debt_ratio": 37.29,
            "inventory_turnover_ratio": 1.32,
            "account_receivable_turnover_ratio": null,
            "reinvestment_rate": null,
            "research_to_sale_ratio": null,
            "price_fair": 0,
            "eps_avg_yearly": 0,
            "eps_latest_yearly": 0,
            "eps_growth_yearly": 0
        },
        "20022": {
            "year_quarter": 20022,
            "year": 2002,
            "quarter": 2,
            "eps": 0.01,
            "eps_growth_year": -85.71,
            "eps_4q": 0.57,
            "eps_4q_growth_year": 220.15,
            "roe": 0.07,
            "roe_4q": 4.55,
            "gross_profit": 91295,
            "gross_margin": 14.25,
            "gross_margin_4q_avg": 15.14,
            "net_income": 1177,
            "revenue": 640741,
            "common_shares": 1425240,
            "book_valuer_per_share": 11.68,
            "book_valuer_per_share_4q_avg": 11.72,
            "equity": 1664944,
            "current_ratio": 111.44,
            "debt_ratio": 39.26,
            "inventory_turnover_ratio": 1.59,
            "account_receivable_turnover_ratio": null,
            "reinvestment_rate": null,
            "research_to_sale_ratio": null,
            "price_fair": 0,
            "eps_avg_yearly": 0,
            "eps_latest_yearly": 0,
            "eps_growth_yearly": 0
        },
        "20023": {
            "year_quarter": 20023,
            "year": 2002,
            "quarter": 3,
            "eps": 0.11,
            "eps_growth_year": -67.65,
            "eps_4q": 0.32,
            "eps_4q_growth_year": 237.04,
            "roe": 0.82,
            "roe_4q": 2.2699999999999996,
            "gross_profit": 101701,
            "gross_margin": 14.7,
            "gross_margin_4q_avg": 13.62,
            "net_income": 13695,
            "revenue": 691718,
            "common_shares": 1425240,
            "book_valuer_per_share": 11.8,
            "book_valuer_per_share_4q_avg": 11.91,
            "equity": 1682493,
            "current_ratio": 116.16,
            "debt_ratio": 36.11,
            "inventory_turnover_ratio": 1.76,
            "account_receivable_turnover_ratio": null,
            "reinvestment_rate": null,
            "research_to_sale_ratio": null,
            "price_fair": 15.4,
            "eps_avg_yearly": 0.44,
            "eps_latest_yearly": 0.44,
            "eps_growth_yearly": 4000
        },
        "20024": {
            "year_quarter": 20024,
            "year": 2002,
            "quarter": 4,
            "eps": -0.08,
            "eps_growth_year": -150,
            "eps_4q": 0.03,
            "eps_4q_growth_year": -91.31,
            "roe": -0.62,
            "roe_4q": 0.21999999999999997,
            "gross_profit": 81992,
            "gross_margin": 14.15,
            "gross_margin_4q_avg": 13.33,
            "net_income": -10465,
            "revenue": 579510,
            "common_shares": 1425240,
            "book_valuer_per_share": 11.73,
            "book_valuer_per_share_4q_avg": 11.8,
            "equity": 1671413,
            "current_ratio": 126.41,
            "debt_ratio": 35.08,
            "inventory_turnover_ratio": 1.43,
            "account_receivable_turnover_ratio": null,
            "reinvestment_rate": 89.15,
            "research_to_sale_ratio": null,
            "price_fair": 15.4,
            "eps_avg_yearly": 0.44,
            "eps_latest_yearly": 0.44,
            "eps_growth_yearly": 4000
        },
        "20031": {
            "year_quarter": 20031,
            "year": 2003,
            "quarter": 1,
            "eps": -0.05,
            "eps_growth_year": null,
            "eps_4q": -0.02,
            "eps_4q_growth_year": -102.07,
            "roe": -0.46,
            "roe_4q": -0.1900000000000001,
            "gross_profit": 58966,
            "gross_margin": 11.27,
            "gross_margin_4q_avg": 13.59,
            "net_income": -7694,
            "revenue": 523276,
            "common_shares": 1425240,
            "book_valuer_per_share": 11.6,
            "book_valuer_per_share_4q_avg": 11.7,
            "equity": 1653463,
            "current_ratio": 124.81,
            "debt_ratio": 35.89,
            "inventory_turnover_ratio": 1.2,
            "account_receivable_turnover_ratio": null,
            "reinvestment_rate": -149.91,
            "research_to_sale_ratio": null,
            "price_fair": 15.4,
            "eps_avg_yearly": 0.44,
            "eps_latest_yearly": 0.44,
            "eps_growth_yearly": 4000
        },
        "20032": {
            "year_quarter": 20032,
            "year": 2003,
            "quarter": 2,
            "eps": -0.01,
            "eps_growth_year": -200,
            "eps_4q": -0.04,
            "eps_4q_growth_year": -107.54,
            "roe": -0.1,
            "roe_4q": -0.3600000000000002,
            "gross_profit": 73862,
            "gross_margin": 12.06,
            "gross_margin_4q_avg": 13.05,
            "net_income": -1656,
            "revenue": 612348,
            "common_shares": 1425240,
            "book_valuer_per_share": 11.59,
            "book_valuer_per_share_4q_avg": 11.68,
            "equity": 1651521,
            "current_ratio": 135.4,
            "debt_ratio": 36.49,
            "inventory_turnover_ratio": 1.39,
            "account_receivable_turnover_ratio": null,
            "reinvestment_rate": -395.89,
            "research_to_sale_ratio": null,
            "price_fair": 15.4,
            "eps_avg_yearly": 0.44,
            "eps_latest_yearly": 0.44,
            "eps_growth_yearly": 4000
        },
        "20033": {
            "year_quarter": 20033,
            "year": 2003,
            "quarter": 3,
            "eps": 0.17,
            "eps_growth_year": 54.55,
            "eps_4q": 0.03,
            "eps_4q_growth_year": -91.4,
            "roe": 1.42,
            "roe_4q": 0.23999999999999988,
            "gross_profit": 83110,
            "gross_margin": 11.46,
            "gross_margin_4q_avg": 12.24,
            "net_income": 23615,
            "revenue": 725242,
            "common_shares": 1496502,
            "book_valuer_per_share": 11.19,
            "book_valuer_per_share_4q_avg": 11.53,
            "equity": 1673865,
            "current_ratio": 142.12,
            "debt_ratio": 35.45,
            "inventory_turnover_ratio": 1.77,
            "account_receivable_turnover_ratio": null,
            "reinvestment_rate": -357.95,
            "research_to_sale_ratio": null,
            "price_fair": 15.4,
            "eps_avg_yearly": 0.44,
            "eps_latest_yearly": 0.44,
            "eps_growth_yearly": 4000
        },
        "20034": {
            "year_quarter": 20034,
            "year": 2003,
            "quarter": 4,
            "eps": 0.14,
            "eps_growth_year": null,
            "eps_4q": 0.24,
            "eps_4q_growth_year": 707.49,
            "roe": 1.16,
            "roe_4q": 2.02,
            "gross_profit": 76464,
            "gross_margin": 11.25,
            "gross_margin_4q_avg": 11.51,
            "net_income": 19532,
            "revenue": 679505,
            "common_shares": 1496502,
            "book_valuer_per_share": 11.32,
            "book_valuer_per_share_4q_avg": 11.43,
            "equity": 1694186,
            "current_ratio": 149.45,
            "debt_ratio": 34.31,
            "inventory_turnover_ratio": 1.63,
            "account_receivable_turnover_ratio": null,
            "reinvestment_rate": -337.12,
            "research_to_sale_ratio": null,
            "price_fair": 17.5,
            "eps_avg_yearly": 0.5,
            "eps_latest_yearly": 0.56,
            "eps_growth_yearly": 1964.71
        },
        "20041": {
            "year_quarter": 20041,
            "year": 2004,
            "quarter": 1,
            "eps": 0.28,
            "eps_growth_year": null,
            "eps_4q": 0.58,
            "eps_4q_growth_year": null,
            "roe": 2.24,
            "roe_4q": 4.720000000000001,
            "gross_profit": 69937,
            "gross_margin": 11.27,
            "gross_margin_4q_avg": 11.51,
            "net_income": 38399,
            "revenue": 620379,
            "common_shares": 1496502,
            "book_valuer_per_share": 11.6,
            "book_valuer_per_share_4q_avg": 11.43,
            "equity": 1736251,
            "current_ratio": 168.58,
            "debt_ratio": 30.12,
            "inventory_turnover_ratio": 1.43,
            "account_receivable_turnover_ratio": null,
            "reinvestment_rate": -313.74,
            "research_to_sale_ratio": null,
            "price_fair": 24.73,
            "eps_avg_yearly": 0.71,
            "eps_latest_yearly": 1.12,
            "eps_growth_yearly": 1443.14
        },
        "20042": {
            "year_quarter": 20042,
            "year": 2004,
            "quarter": 2,
            "eps": -0.17,
            "eps_growth_year": null,
            "eps_4q": 0.39,
            "eps_4q_growth_year": null,
            "roe": -1.4,
            "roe_4q": 3.42,
            "gross_profit": 63141,
            "gross_margin": 10.02,
            "gross_margin_4q_avg": 11,
            "net_income": -23818,
            "revenue": 630373,
            "common_shares": 1496502,
            "book_valuer_per_share": 11.14,
            "book_valuer_per_share_4q_avg": 11.31,
            "equity": 1666914,
            "current_ratio": 148.01,
            "debt_ratio": 33.74,
            "inventory_turnover_ratio": 1.48,
            "account_receivable_turnover_ratio": null,
            "reinvestment_rate": -304.2,
            "research_to_sale_ratio": null,
            "price_fair": 24.73,
            "eps_avg_yearly": 0.71,
            "eps_latest_yearly": 1.12,
            "eps_growth_yearly": 1443.14
        },
        "20043": {
            "year_quarter": 20043,
            "year": 2004,
            "quarter": 3,
            "eps": -0.03,
            "eps_growth_year": -117.65,
            "eps_4q": 0.2,
            "eps_4q_growth_year": 630.66,
            "roe": -0.25,
            "roe_4q": 1.7500000000000002,
            "gross_profit": 73949,
            "gross_margin": 10.51,
            "gross_margin_4q_avg": 10.76,
            "net_income": -4202,
            "revenue": 703316,
            "common_shares": 1496502,
            "book_valuer_per_share": 11.11,
            "book_valuer_per_share_4q_avg": 11.29,
            "equity": 1663074,
            "current_ratio": 151.78,
            "debt_ratio": 33.33,
            "inventory_turnover_ratio": 1.53,
            "account_receivable_turnover_ratio": null,
            "reinvestment_rate": -535.73,
            "research_to_sale_ratio": null,
            "price_fair": 24.73,
            "eps_avg_yearly": 0.71,
            "eps_latest_yearly": 1.12,
            "eps_growth_yearly": 1443.14
        },
        "20044": {
            "year_quarter": 20044,
            "year": 2004,
            "quarter": 4,
            "eps": -0.21,
            "eps_growth_year": -250,
            "eps_4q": -0.13,
            "eps_4q_growth_year": -153.66,
            "roe": -1.75,
            "roe_4q": -1.1599999999999997,
            "gross_profit": 69882,
            "gross_margin": 10.51,
            "gross_margin_4q_avg": 10.58,
            "net_income": -28902,
            "revenue": 664896,
            "common_shares": 1496502,
            "book_valuer_per_share": 10.96,
            "book_valuer_per_share_4q_avg": 11.2,
            "equity": 1640091,
            "current_ratio": 161.22,
            "debt_ratio": 31.69,
            "inventory_turnover_ratio": 1.4,
            "account_receivable_turnover_ratio": null,
            "reinvestment_rate": -625.48,
            "research_to_sale_ratio": null,
            "price_fair": 24.73,
            "eps_avg_yearly": 0.71,
            "eps_latest_yearly": 1.12,
            "eps_growth_yearly": 1443.14
        },
        "20051": {
            "year_quarter": 20051,
            "year": 2005,
            "quarter": 1,
            "eps": -0.26,
            "eps_growth_year": -192.86,
            "eps_4q": -0.68,
            "eps_4q_growth_year": -216.13,
            "roe": -2.19,
            "roe_4q": -5.59,
            "gross_profit": 24379,
            "gross_margin": 4.62,
            "gross_margin_4q_avg": 8.92,
            "net_income": -35531,
            "revenue": 527507,
            "common_shares": 1496502,
            "book_valuer_per_share": 10.72,
            "book_valuer_per_share_4q_avg": 10.98,
            "equity": 1604268,
            "current_ratio": 176.57,
            "debt_ratio": 33.14,
            "inventory_turnover_ratio": 1.11,
            "account_receivable_turnover_ratio": null,
            "reinvestment_rate": -601.65,
            "research_to_sale_ratio": null,
            "price_fair": 24.73,
            "eps_avg_yearly": 0.71,
            "eps_latest_yearly": 1.12,
            "eps_growth_yearly": 1443.14
        },
        "20052": {
            "year_quarter": 20052,
            "year": 2005,
            "quarter": 2,
            "eps": -0.01,
            "eps_growth_year": null,
            "eps_4q": -0.47,
            "eps_4q_growth_year": -221.24,
            "roe": -0.08,
            "roe_4q": -4.27,
            "gross_profit": 41334,
            "gross_margin": 7.05,
            "gross_margin_4q_avg": 8.17,
            "net_income": -1354,
            "revenue": 586374,
            "common_shares": 1496502,
            "book_valuer_per_share": 10.71,
            "book_valuer_per_share_4q_avg": 10.88,
            "equity": 1603457,
            "current_ratio": 183.89,
            "debt_ratio": 32.46,
            "inventory_turnover_ratio": 1.18,
            "account_receivable_turnover_ratio": null,
            "reinvestment_rate": -704.58,
            "research_to_sale_ratio": null,
            "price_fair": 24.73,
            "eps_avg_yearly": 0.71,
            "eps_latest_yearly": 1.12,
            "eps_growth_yearly": 1443.14
        },
        "20053": {
            "year_quarter": 20053,
            "year": 2005,
            "quarter": 3,
            "eps": 0.01,
            "eps_growth_year": null,
            "eps_4q": -0.42,
            "eps_4q_growth_year": -310.4,
            "roe": 0.06,
            "roe_4q": -3.96,
            "gross_profit": 65721,
            "gross_margin": 10.12,
            "gross_margin_4q_avg": 8.08,
            "net_income": 965,
            "revenue": 649209,
            "common_shares": 1541397,
            "book_valuer_per_share": 10.42,
            "book_valuer_per_share_4q_avg": 10.7,
            "equity": 1605971,
            "current_ratio": 181.5,
            "debt_ratio": 28.91,
            "inventory_turnover_ratio": 1.4,
            "account_receivable_turnover_ratio": null,
            "reinvestment_rate": -5057.1,
            "research_to_sale_ratio": null,
            "price_fair": 24.73,
            "eps_avg_yearly": 0.71,
            "eps_latest_yearly": 1.12,
            "eps_growth_yearly": 1443.14
        },
        "20054": {
            "year_quarter": 20054,
            "year": 2005,
            "quarter": 4,
            "eps": 0,
            "eps_growth_year": null,
            "eps_4q": -0.25,
            "eps_4q_growth_year": null,
            "roe": 0.01,
            "roe_4q": -2.2,
            "gross_profit": 53245,
            "gross_margin": 10.16,
            "gross_margin_4q_avg": 7.99,
            "net_income": 192,
            "revenue": 524265,
            "common_shares": 1541397,
            "book_valuer_per_share": 10.15,
            "book_valuer_per_share_4q_avg": 10.5,
            "equity": 1563980,
            "current_ratio": 187.39,
            "debt_ratio": 27.51,
            "inventory_turnover_ratio": 1.19,
            "account_receivable_turnover_ratio": null,
            "reinvestment_rate": null,
            "research_to_sale_ratio": null,
            "price_fair": 24.73,
            "eps_avg_yearly": 0.71,
            "eps_latest_yearly": 1.12,
            "eps_growth_yearly": 1443.14
        },
        "20061": {
            "year_quarter": 20061,
            "year": 2006,
            "quarter": 1,
            "eps": -0.01,
            "eps_growth_year": null,
            "eps_4q": -0.01,
            "eps_4q_growth_year": null,
            "roe": -0.11,
            "roe_4q": -0.12000000000000001,
            "gross_profit": 23442,
            "gross_margin": 4.81,
            "gross_margin_4q_avg": 8.04,
            "net_income": -1782,
            "revenue": 487360,
            "common_shares": 1461397,
            "book_valuer_per_share": 10.64,
            "book_valuer_per_share_4q_avg": 10.48,
            "equity": 1554487,
            "current_ratio": 143.73,
            "debt_ratio": 33.62,
            "inventory_turnover_ratio": 1.05,
            "account_receivable_turnover_ratio": null,
            "reinvestment_rate": null,
            "research_to_sale_ratio": null,
            "price_fair": 24.73,
            "eps_avg_yearly": 0.71,
            "eps_latest_yearly": 1.12,
            "eps_growth_yearly": 1443.14
        },
        "20062": {
            "year_quarter": 20062,
            "year": 2006,
            "quarter": 2,
            "eps": -0.1,
            "eps_growth_year": null,
            "eps_4q": -0.09,
            "eps_4q_growth_year": null,
            "roe": -0.82,
            "roe_4q": -0.8599999999999999,
            "gross_profit": 27839,
            "gross_margin": 4.96,
            "gross_margin_4q_avg": 7.51,
            "net_income": -12774,
            "revenue": 560732,
            "common_shares": 1461397,
            "book_valuer_per_share": 10.68,
            "book_valuer_per_share_4q_avg": 10.47,
            "equity": 1560511,
            "current_ratio": 154.95,
            "debt_ratio": 31.11,
            "inventory_turnover_ratio": 1.08,
            "account_receivable_turnover_ratio": null,
            "reinvestment_rate": null,
            "research_to_sale_ratio": null,
            "price_fair": 24.73,
            "eps_avg_yearly": 0.71,
            "eps_latest_yearly": 1.12,
            "eps_growth_yearly": 1443.14
        },
        "20063": {
            "year_quarter": 20063,
            "year": 2006,
            "quarter": 3,
            "eps": -0.14,
            "eps_growth_year": -1500,
            "eps_4q": -0.22,
            "eps_4q_growth_year": null,
            "roe": -1.19,
            "roe_4q": -2.11,
            "gross_profit": 35086,
            "gross_margin": 5.59,
            "gross_margin_4q_avg": 6.38,
            "net_income": -18338,
            "revenue": 627361,
            "common_shares": 1461397,
            "book_valuer_per_share": 10.49,
            "book_valuer_per_share_4q_avg": 10.49,
            "equity": 1533430,
            "current_ratio": 157.41,
            "debt_ratio": 31.24,
            "inventory_turnover_ratio": 1.23,
            "account_receivable_turnover_ratio": null,
            "reinvestment_rate": null,
            "research_to_sale_ratio": null,
            "price_fair": 29.4,
            "eps_avg_yearly": 0.84,
            "eps_latest_yearly": 1.12,
            "eps_growth_yearly": 164.71
        },
        "20064": {
            "year_quarter": 20064,
            "year": 2006,
            "quarter": 4,
            "eps": -0.11,
            "eps_growth_year": null,
            "eps_4q": -0.35,
            "eps_4q_growth_year": null,
            "roe": -0.92,
            "roe_4q": -3.0399999999999996,
            "gross_profit": 27520,
            "gross_margin": 5.46,
            "gross_margin_4q_avg": 5.21,
            "net_income": -14289,
            "revenue": 504392,
            "common_shares": 1461397,
            "book_valuer_per_share": 10.72,
            "book_valuer_per_share_4q_avg": 10.63,
            "equity": 1566983,
            "current_ratio": 180.68,
            "debt_ratio": 32.3,
            "inventory_turnover_ratio": 1.01,
            "account_receivable_turnover_ratio": null,
            "reinvestment_rate": null,
            "research_to_sale_ratio": null,
            "price_fair": 29.4,
            "eps_avg_yearly": 0.84,
            "eps_latest_yearly": 1.12,
            "eps_growth_yearly": 164.71
        },
        "20071": {
            "year_quarter": 20071,
            "year": 2007,
            "quarter": 1,
            "eps": -0.05,
            "eps_growth_year": null,
            "eps_4q": -0.42,
            "eps_4q_growth_year": null,
            "roe": -0.39,
            "roe_4q": -3.32,
            "gross_profit": 30209,
            "gross_margin": 5.65,
            "gross_margin_4q_avg": 5.42,
            "net_income": -6067,
            "revenue": 535049,
            "common_shares": 1408007,
            "book_valuer_per_share": 10.73,
            "book_valuer_per_share_4q_avg": 10.66,
            "equity": 1510766,
            "current_ratio": 176.97,
            "debt_ratio": 32.38,
            "inventory_turnover_ratio": 1.04,
            "account_receivable_turnover_ratio": null,
            "reinvestment_rate": null,
            "research_to_sale_ratio": null,
            "price_fair": 29.4,
            "eps_avg_yearly": 0.84,
            "eps_latest_yearly": 1.12,
            "eps_growth_yearly": 164.71
        },
        "20072": {
            "year_quarter": 20072,
            "year": 2007,
            "quarter": 2,
            "eps": 0.04,
            "eps_growth_year": null,
            "eps_4q": -0.26,
            "eps_4q_growth_year": null,
            "roe": 0.33,
            "roe_4q": -2.17,
            "gross_profit": 46480,
            "gross_margin": 7.7,
            "gross_margin_4q_avg": 6.1,
            "net_income": 5081,
            "revenue": 603699,
            "common_shares": 1408007,
            "book_valuer_per_share": 10.89,
            "book_valuer_per_share_4q_avg": 10.71,
            "equity": 1533153,
            "current_ratio": 192.96,
            "debt_ratio": 33.56,
            "inventory_turnover_ratio": 1.12,
            "account_receivable_turnover_ratio": null,
            "reinvestment_rate": null,
            "research_to_sale_ratio": null,
            "price_fair": 29.4,
            "eps_avg_yearly": 0.84,
            "eps_latest_yearly": 1.12,
            "eps_growth_yearly": 164.71
        },
        "20073": {
            "year_quarter": 20073,
            "year": 2007,
            "quarter": 3,
            "eps": 0.07,
            "eps_growth_year": null,
            "eps_4q": -0.04,
            "eps_4q_growth_year": null,
            "roe": 0.62,
            "roe_4q": -0.3600000000000001,
            "gross_profit": 59154,
            "gross_margin": 8.12,
            "gross_margin_4q_avg": 6.73,
            "net_income": 9703,
            "revenue": 728077,
            "common_shares": 1408007,
            "book_valuer_per_share": 11.51,
            "book_valuer_per_share_4q_avg": 10.96,
            "equity": 1621048,
            "current_ratio": 205.32,
            "debt_ratio": 30.55,
            "inventory_turnover_ratio": 1.32,
            "account_receivable_turnover_ratio": null,
            "reinvestment_rate": null,
            "research_to_sale_ratio": null,
            "price_fair": 22.87,
            "eps_avg_yearly": 0.65,
            "eps_latest_yearly": 0.28,
            "eps_growth_yearly": 209.8
        },
        "20074": {
            "year_quarter": 20074,
            "year": 2007,
            "quarter": 4,
            "eps": 0.04,
            "eps_growth_year": null,
            "eps_4q": 0.11,
            "eps_4q_growth_year": null,
            "roe": 0.32,
            "roe_4q": 0.88,
            "gross_profit": 52744,
            "gross_margin": 8.11,
            "gross_margin_4q_avg": 7.4,
            "net_income": 5106,
            "revenue": 650536,
            "common_shares": 1408007,
            "book_valuer_per_share": 10.97,
            "book_valuer_per_share_4q_avg": 11.03,
            "equity": 1544139,
            "current_ratio": 203.13,
            "debt_ratio": 30.87,
            "inventory_turnover_ratio": 1.19,
            "account_receivable_turnover_ratio": null,
            "reinvestment_rate": null,
            "research_to_sale_ratio": null,
            "price_fair": 18.2,
            "eps_avg_yearly": 0.52,
            "eps_latest_yearly": 0.16,
            "eps_growth_yearly": 176.19
        },
        "20081": {
            "year_quarter": 20081,
            "year": 2008,
            "quarter": 1,
            "eps": -0.05,
            "eps_growth_year": null,
            "eps_4q": 0.11,
            "eps_4q_growth_year": null,
            "roe": -0.41,
            "roe_4q": 0.8600000000000001,
            "gross_profit": 33167,
            "gross_margin": 5.49,
            "gross_margin_4q_avg": 7.36,
            "net_income": -6268,
            "revenue": 603638,
            "common_shares": 1345907,
            "book_valuer_per_share": 11.35,
            "book_valuer_per_share_4q_avg": 11.18,
            "equity": 1528110,
            "current_ratio": 166.12,
            "debt_ratio": 33.81,
            "inventory_turnover_ratio": 1.14,
            "account_receivable_turnover_ratio": null,
            "reinvestment_rate": null,
            "research_to_sale_ratio": null,
            "price_fair": 7.7,
            "eps_avg_yearly": 0.22,
            "eps_latest_yearly": 0.16,
            "eps_growth_yearly": 64.29
        },
        "20082": {
            "year_quarter": 20082,
            "year": 2008,
            "quarter": 2,
            "eps": 0.07,
            "eps_growth_year": 75,
            "eps_4q": 0.13,
            "eps_4q_growth_year": null,
            "roe": 0.6,
            "roe_4q": 1.13,
            "gross_profit": 47169,
            "gross_margin": 7.2,
            "gross_margin_4q_avg": 7.23,
            "net_income": 9210,
            "revenue": 655234,
            "common_shares": 1345907,
            "book_valuer_per_share": 11.31,
            "book_valuer_per_share_4q_avg": 11.29,
            "equity": 1522381,
            "current_ratio": 165.12,
            "debt_ratio": 33.08,
            "inventory_turnover_ratio": 1.18,
            "account_receivable_turnover_ratio": null,
            "reinvestment_rate": null,
            "research_to_sale_ratio": null,
            "price_fair": 7.7,
            "eps_avg_yearly": 0.22,
            "eps_latest_yearly": 0.16,
            "eps_growth_yearly": 64.29
        },
        "20083": {
            "year_quarter": 20083,
            "year": 2008,
            "quarter": 3,
            "eps": 0.18,
            "eps_growth_year": 157.14,
            "eps_4q": 0.24,
            "eps_4q_growth_year": null,
            "roe": 1.51,
            "roe_4q": 2.02,
            "gross_profit": 57078,
            "gross_margin": 8.76,
            "gross_margin_4q_avg": 7.39,
            "net_income": 23144,
            "revenue": 651234,
            "common_shares": 1386284,
            "book_valuer_per_share": 11.1,
            "book_valuer_per_share_4q_avg": 11.18,
            "equity": 1538448,
            "current_ratio": 168.33,
            "debt_ratio": 30.88,
            "inventory_turnover_ratio": 1.18,
            "account_receivable_turnover_ratio": null,
            "reinvestment_rate": null,
            "research_to_sale_ratio": null,
            "price_fair": 13.53,
            "eps_avg_yearly": 0.39,
            "eps_latest_yearly": 0.72,
            "eps_growth_yearly": 252.38
        },
        "20084": {
            "year_quarter": 20084,
            "year": 2008,
            "quarter": 4,
            "eps": -0.06,
            "eps_growth_year": -250,
            "eps_4q": 0.14,
            "eps_4q_growth_year": 29.28,
            "roe": -0.51,
            "roe_4q": 1.1900000000000002,
            "gross_profit": 24681,
            "gross_margin": 5.65,
            "gross_margin_4q_avg": 6.78,
            "net_income": -7705,
            "revenue": 436475,
            "common_shares": 1386284,
            "book_valuer_per_share": 10.76,
            "book_valuer_per_share_4q_avg": 11.13,
            "equity": 1491236,
            "current_ratio": 174.43,
            "debt_ratio": 27.91,
            "inventory_turnover_ratio": 0.94,
            "account_receivable_turnover_ratio": 4.35,
            "reinvestment_rate": null,
            "research_to_sale_ratio": null,
            "price_fair": 13.53,
            "eps_avg_yearly": 0.39,
            "eps_latest_yearly": 0.72,
            "eps_growth_yearly": 252.38
        },
        "20091": {
            "year_quarter": 20091,
            "year": 2009,
            "quarter": 1,
            "eps": -0.12,
            "eps_growth_year": null,
            "eps_4q": 0.07,
            "eps_4q_growth_year": -36.06,
            "roe": -1,
            "roe_4q": 0.6,
            "gross_profit": 8200,
            "gross_margin": 2.04,
            "gross_margin_4q_avg": 5.91,
            "net_income": -15017,
            "revenue": 402901,
            "common_shares": 1386284,
            "book_valuer_per_share": 11.02,
            "book_valuer_per_share_4q_avg": 11.05,
            "equity": 1527168,
            "current_ratio": 184.39,
            "debt_ratio": 27.31,
            "inventory_turnover_ratio": 1.02,
            "account_receivable_turnover_ratio": 1.98,
            "reinvestment_rate": null,
            "research_to_sale_ratio": null,
            "price_fair": 13.53,
            "eps_avg_yearly": 0.39,
            "eps_latest_yearly": 0.72,
            "eps_growth_yearly": 252.38
        },
        "20092": {
            "year_quarter": 20092,
            "year": 2009,
            "quarter": 2,
            "eps": -0.06,
            "eps_growth_year": -185.71,
            "eps_4q": -0.06,
            "eps_4q_growth_year": -141.43,
            "roe": -0.53,
            "roe_4q": -0.53,
            "gross_profit": 53080,
            "gross_margin": 10.48,
            "gross_margin_4q_avg": 6.73,
            "net_income": -7891,
            "revenue": 506564,
            "common_shares": 1336284,
            "book_valuer_per_share": 10.85,
            "book_valuer_per_share_4q_avg": 10.93,
            "equity": 1449357,
            "current_ratio": 209.65,
            "debt_ratio": 31.16,
            "inventory_turnover_ratio": 1.2,
            "account_receivable_turnover_ratio": 2.09,
            "reinvestment_rate": null,
            "research_to_sale_ratio": null,
            "price_fair": 13.53,
            "eps_avg_yearly": 0.39,
            "eps_latest_yearly": 0.72,
            "eps_growth_yearly": 252.38
        },
        "20093": {
            "year_quarter": 20093,
            "year": 2009,
            "quarter": 3,
            "eps": 0.06,
            "eps_growth_year": -66.67,
            "eps_4q": -0.17,
            "eps_4q_growth_year": -171.89,
            "roe": 0.54,
            "roe_4q": -1.5,
            "gross_profit": 34932,
            "gross_margin": 6.19,
            "gross_margin_4q_avg": 6.09,
            "net_income": 7836,
            "revenue": 563960,
            "common_shares": 1336284,
            "book_valuer_per_share": 11.03,
            "book_valuer_per_share_4q_avg": 10.92,
            "equity": 1473364,
            "current_ratio": 223.7,
            "debt_ratio": 29.93,
            "inventory_turnover_ratio": 1.43,
            "account_receivable_turnover_ratio": 2.18,
            "reinvestment_rate": null,
            "research_to_sale_ratio": null,
            "price_fair": 13.53,
            "eps_avg_yearly": 0.39,
            "eps_latest_yearly": 0.72,
            "eps_growth_yearly": 252.38
        },
        "20094": {
            "year_quarter": 20094,
            "year": 2009,
            "quarter": 4,
            "eps": 0.05,
            "eps_growth_year": null,
            "eps_4q": -0.07,
            "eps_4q_growth_year": -150.26,
            "roe": 0.43,
            "roe_4q": -0.56,
            "gross_profit": 44067,
            "gross_margin": 7.74,
            "gross_margin_4q_avg": 6.61,
            "net_income": 6395,
            "revenue": 569049,
            "common_shares": 1336284,
            "book_valuer_per_share": 12.33,
            "book_valuer_per_share_4q_avg": 11.31,
            "equity": 1520403,
            "current_ratio": 272.38,
            "debt_ratio": 29.13,
            "inventory_turnover_ratio": 1.4,
            "account_receivable_turnover_ratio": 4.61,
            "reinvestment_rate": null,
            "research_to_sale_ratio": null,
            "price_fair": 11.9,
            "eps_avg_yearly": 0.34,
            "eps_latest_yearly": 0.2,
            "eps_growth_yearly": 172.62
        },
        "20101": {
            "year_quarter": 20101,
            "year": 2010,
            "quarter": 1,
            "eps": -0.08,
            "eps_growth_year": null,
            "eps_4q": -0.03,
            "eps_4q_growth_year": -142.65,
            "roe": -0.66,
            "roe_4q": -0.22000000000000003,
            "gross_profit": 23545,
            "gross_margin": 4.3,
            "gross_margin_4q_avg": 7.18,
            "net_income": -9994,
            "revenue": 547586,
            "common_shares": 1336284,
            "book_valuer_per_share": 12.18,
            "book_valuer_per_share_4q_avg": 11.6,
            "equity": 1502001,
            "current_ratio": 245.9,
            "debt_ratio": 30.72,
            "inventory_turnover_ratio": 1.3,
            "account_receivable_turnover_ratio": 2.04,
            "reinvestment_rate": null,
            "research_to_sale_ratio": 0.32,
            "price_fair": 11.9,
            "eps_avg_yearly": 0.34,
            "eps_latest_yearly": 0.2,
            "eps_growth_yearly": 172.62
        },
        "20102": {
            "year_quarter": 20102,
            "year": 2010,
            "quarter": 2,
            "eps": -0.02,
            "eps_growth_year": null,
            "eps_4q": 0.02,
            "eps_4q_growth_year": null,
            "roe": -0.15,
            "roe_4q": 0.15999999999999998,
            "gross_profit": 49181,
            "gross_margin": 7.8,
            "gross_margin_4q_avg": 6.51,
            "net_income": -2220,
            "revenue": 630194,
            "common_shares": 1336284,
            "book_valuer_per_share": 12.15,
            "book_valuer_per_share_4q_avg": 11.92,
            "equity": 1498145,
            "current_ratio": 217.34,
            "debt_ratio": 32.46,
            "inventory_turnover_ratio": 1.37,
            "account_receivable_turnover_ratio": 2.08,
            "reinvestment_rate": null,
            "research_to_sale_ratio": 0.34,
            "price_fair": 11.9,
            "eps_avg_yearly": 0.34,
            "eps_latest_yearly": 0.2,
            "eps_growth_yearly": 172.62
        },
        "20103": {
            "year_quarter": 20103,
            "year": 2010,
            "quarter": 3,
            "eps": 0.09,
            "eps_growth_year": 47.35,
            "eps_4q": 0.04,
            "eps_4q_growth_year": null,
            "roe": 0.73,
            "roe_4q": 0.3499999999999999,
            "gross_profit": 51086,
            "gross_margin": 7.52,
            "gross_margin_4q_avg": 6.84,
            "net_income": 11034,
            "revenue": 679304,
            "common_shares": 1336284,
            "book_valuer_per_share": 12.3,
            "book_valuer_per_share_4q_avg": 12.24,
            "equity": 1535238,
            "current_ratio": 219.62,
            "debt_ratio": 32.15,
            "inventory_turnover_ratio": 1.46,
            "account_receivable_turnover_ratio": 2.14,
            "reinvestment_rate": -404.55,
            "research_to_sale_ratio": 0.22,
            "price_fair": 11.9,
            "eps_avg_yearly": 0.34,
            "eps_latest_yearly": 0.2,
            "eps_growth_yearly": 172.62
        },
        "20104": {
            "year_quarter": 20104,
            "year": 2010,
            "quarter": 4,
            "eps": 0.09,
            "eps_growth_year": 71.21,
            "eps_4q": 0.08,
            "eps_4q_growth_year": null,
            "roe": 0.69,
            "roe_4q": 0.61,
            "gross_profit": 49646,
            "gross_margin": 7.27,
            "gross_margin_4q_avg": 6.72,
            "net_income": 10691,
            "revenue": 682778,
            "common_shares": 1336284,
            "book_valuer_per_share": 12.48,
            "book_valuer_per_share_4q_avg": 12.28,
            "equity": 1558074,
            "current_ratio": 217.94,
            "debt_ratio": 32.3,
            "inventory_turnover_ratio": 1.47,
            "account_receivable_turnover_ratio": 2.12,
            "reinvestment_rate": -73.94,
            "research_to_sale_ratio": 0.35,
            "price_fair": 12.04,
            "eps_avg_yearly": 0.34,
            "eps_latest_yearly": 0.36,
            "eps_growth_yearly": 138.1
        },
        "20111": {
            "year_quarter": 20111,
            "year": 2011,
            "quarter": 1,
            "eps": 1.32,
            "eps_growth_year": null,
            "eps_4q": 1.48,
            "eps_4q_growth_year": null,
            "roe": 10.09,
            "roe_4q": 11.36,
            "gross_profit": 57178,
            "gross_margin": 8.11,
            "gross_margin_4q_avg": 7.68,
            "net_income": 165089,
            "revenue": 704644,
            "common_shares": 1336284,
            "book_valuer_per_share": 13.73,
            "book_valuer_per_share_4q_avg": 12.67,
            "equity": 1714182,
            "current_ratio": 329.64,
            "debt_ratio": 25.35,
            "inventory_turnover_ratio": 1.4,
            "account_receivable_turnover_ratio": 2.15,
            "reinvestment_rate": 22.21,
            "research_to_sale_ratio": 0.23,
            "price_fair": 40.83,
            "eps_avg_yearly": 1.17,
            "eps_latest_yearly": 5.28,
            "eps_growth_yearly": 1026.19
        },
        "20112": {
            "year_quarter": 20112,
            "year": 2011,
            "quarter": 2,
            "eps": -0.04,
            "eps_growth_year": null,
            "eps_4q": 1.38,
            "eps_4q_growth_year": 8335.93,
            "roe": -0.31,
            "roe_4q": 11.2,
            "gross_profit": 55746,
            "gross_margin": 8.07,
            "gross_margin_4q_avg": 7.74,
            "net_income": -5374,
            "revenue": 690924,
            "common_shares": 1336284,
            "book_valuer_per_share": 13.62,
            "book_valuer_per_share_4q_avg": 13.03,
            "equity": 1701604,
            "current_ratio": 287.58,
            "debt_ratio": 25.47,
            "inventory_turnover_ratio": 1.29,
            "account_receivable_turnover_ratio": 2.16,
            "reinvestment_rate": 78.74,
            "research_to_sale_ratio": 0.3,
            "price_fair": 40.83,
            "eps_avg_yearly": 1.17,
            "eps_latest_yearly": 5.28,
            "eps_growth_yearly": 1026.19
        },
        "20113": {
            "year_quarter": 20113,
            "year": 2011,
            "quarter": 3,
            "eps": 0.11,
            "eps_growth_year": 23.87,
            "eps_4q": 1.4,
            "eps_4q_growth_year": 3262.31,
            "roe": 0.85,
            "roe_4q": 11.319999999999999,
            "gross_profit": 37567,
            "gross_margin": 5.56,
            "gross_margin_4q_avg": 7.25,
            "net_income": 14409,
            "revenue": 675862,
            "common_shares": 1403098,
            "book_valuer_per_share": 12.85,
            "book_valuer_per_share_4q_avg": 13.17,
            "equity": 1690603,
            "current_ratio": 353.73,
            "debt_ratio": 21.64,
            "inventory_turnover_ratio": 1.38,
            "account_receivable_turnover_ratio": 2.27,
            "reinvestment_rate": 82.94,
            "research_to_sale_ratio": 0.29,
            "price_fair": 47.04,
            "eps_avg_yearly": 1.34,
            "eps_latest_yearly": 5.28,
            "eps_growth_yearly": 1171.43
        },
        "20114": {
            "year_quarter": 20114,
            "year": 2011,
            "quarter": 4,
            "eps": -0.06,
            "eps_growth_year": -173.91,
            "eps_4q": 1.26,
            "eps_4q_growth_year": 1560.5,
            "roe": -0.5,
            "roe_4q": 10.129999999999999,
            "gross_profit": 28223,
            "gross_margin": 4.99,
            "gross_margin_4q_avg": 6.68,
            "net_income": -8297,
            "revenue": 565136,
            "common_shares": 1403098,
            "book_valuer_per_share": 12.67,
            "book_valuer_per_share_4q_avg": 13.22,
            "equity": 1661846,
            "current_ratio": 395.01,
            "debt_ratio": 20.01,
            "inventory_turnover_ratio": 1.26,
            "account_receivable_turnover_ratio": 2.04,
            "reinvestment_rate": 87.62,
            "research_to_sale_ratio": 0.34,
            "price_fair": 57.4,
            "eps_avg_yearly": 1.64,
            "eps_latest_yearly": 5.28,
            "eps_growth_yearly": 1507.14
        },
        "20121": {
            "year_quarter": 20121,
            "year": 2012,
            "quarter": 1,
            "eps": -0.11,
            "eps_growth_year": -108.33,
            "eps_4q": -0.11,
            "eps_4q_growth_year": -107.25,
            "roe": -0.89,
            "roe_4q": -0.8500000000000001,
            "gross_profit": 29195,
            "gross_margin": 5.16,
            "gross_margin_4q_avg": 5.95,
            "net_income": -14788,
            "revenue": 565692,
            "common_shares": 1403098,
            "book_valuer_per_share": 12.7,
            "book_valuer_per_share_4q_avg": 12.96,
            "equity": 1665911,
            "current_ratio": 436.62,
            "debt_ratio": 18.34,
            "inventory_turnover_ratio": 1.32,
            "account_receivable_turnover_ratio": 2.11,
            "reinvestment_rate": 90.71,
            "research_to_sale_ratio": 0.21,
            "price_fair": 57.4,
            "eps_avg_yearly": 1.64,
            "eps_latest_yearly": 5.28,
            "eps_growth_yearly": 1507.14
        },
        "20122": {
            "year_quarter": 20122,
            "year": 2012,
            "quarter": 2,
            "eps": 0.07,
            "eps_growth_year": null,
            "eps_4q": 0,
            "eps_4q_growth_year": -99.92,
            "roe": 0.54,
            "roe_4q": 0,
            "gross_profit": 44591,
            "gross_margin": 8.02,
            "gross_margin_4q_avg": 5.93,
            "net_income": 8828,
            "revenue": 555750,
            "common_shares": 1403098,
            "book_valuer_per_share": 12.14,
            "book_valuer_per_share_4q_avg": 12.59,
            "equity": 1592387,
            "current_ratio": 301.48,
            "debt_ratio": 22.97,
            "inventory_turnover_ratio": 1.18,
            "account_receivable_turnover_ratio": 2.11,
            "reinvestment_rate": 86.26,
            "research_to_sale_ratio": 0.26,
            "price_fair": 57.4,
            "eps_avg_yearly": 1.64,
            "eps_latest_yearly": 5.28,
            "eps_growth_yearly": 1507.14
        },
        "20123": {
            "year_quarter": 20123,
            "year": 2012,
            "quarter": 3,
            "eps": -0.01,
            "eps_growth_year": -110.19,
            "eps_4q": -0.12,
            "eps_4q_growth_year": -108.53,
            "roe": -0.09,
            "roe_4q": -0.94,
            "gross_profit": 34658,
            "gross_margin": 6.61,
            "gross_margin_4q_avg": 6.2,
            "net_income": -1464,
            "revenue": 524444,
            "common_shares": 1403098,
            "book_valuer_per_share": 12.24,
            "book_valuer_per_share_4q_avg": 12.44,
            "equity": 1604700,
            "current_ratio": 368.8,
            "debt_ratio": 19.27,
            "inventory_turnover_ratio": 1.13,
            "account_receivable_turnover_ratio": 2.3,
            "reinvestment_rate": 57.36,
            "research_to_sale_ratio": 0.31,
            "price_fair": 68.13,
            "eps_avg_yearly": 1.95,
            "eps_latest_yearly": 5.28,
            "eps_growth_yearly": 1800
        },
        "20124": {
            "year_quarter": 20124,
            "year": 2012,
            "quarter": 4,
            "eps": -0.09,
            "eps_growth_year": null,
            "eps_4q": -0.15,
            "eps_4q_growth_year": -111.49,
            "roe": -0.73,
            "roe_4q": -1.17,
            "gross_profit": 28829,
            "gross_margin": 5.69,
            "gross_margin_4q_avg": 6.37,
            "net_income": -11627,
            "revenue": 506769,
            "common_shares": 1403098,
            "book_valuer_per_share": 12.07,
            "book_valuer_per_share_4q_avg": 12.29,
            "equity": 1583376,
            "current_ratio": 332.06,
            "debt_ratio": 20.27,
            "inventory_turnover_ratio": 1.23,
            "account_receivable_turnover_ratio": 2.52,
            "reinvestment_rate": 49.84,
            "research_to_sale_ratio": 0.32,
            "price_fair": 68.13,
            "eps_avg_yearly": 1.95,
            "eps_latest_yearly": 5.28,
            "eps_growth_yearly": 1800
        },
        "20131": {
            "year_quarter": 20131,
            "year": 2013,
            "quarter": 1,
            "eps": 0.02,
            "eps_growth_year": null,
            "eps_4q": -0.02,
            "eps_4q_growth_year": null,
            "roe": 0.13,
            "roe_4q": -0.1499999999999999,
            "gross_profit": 28564,
            "gross_margin": 5.81,
            "gross_margin_4q_avg": 6.53,
            "net_income": 2053,
            "revenue": 491900,
            "common_shares": 1403098,
            "book_valuer_per_share": 11.91,
            "book_valuer_per_share_4q_avg": 12.09,
            "equity": 1561487,
            "current_ratio": 331.47,
            "debt_ratio": 21.26,
            "inventory_turnover_ratio": 1.09,
            "account_receivable_turnover_ratio": 2.35,
            "reinvestment_rate": 18.65,
            "research_to_sale_ratio": 0.24,
            "price_fair": 68.13,
            "eps_avg_yearly": 1.95,
            "eps_latest_yearly": 5.28,
            "eps_growth_yearly": 1800
        },
        "20132": {
            "year_quarter": 20132,
            "year": 2013,
            "quarter": 2,
            "eps": 0.14,
            "eps_growth_year": 107.96,
            "eps_4q": 0.06,
            "eps_4q_growth_year": 4782.05,
            "roe": 1.18,
            "roe_4q": 0.4900000000000001,
            "gross_profit": 58055,
            "gross_margin": 10.11,
            "gross_margin_4q_avg": 7.06,
            "net_income": 18458,
            "revenue": 574398,
            "common_shares": 1403098,
            "book_valuer_per_share": 11.87,
            "book_valuer_per_share_4q_avg": 12.02,
            "equity": 1556817,
            "current_ratio": 292.16,
            "debt_ratio": 23.19,
            "inventory_turnover_ratio": 1.08,
            "account_receivable_turnover_ratio": 2.33,
            "reinvestment_rate": 17.49,
            "research_to_sale_ratio": 0.19,
            "price_fair": 56,
            "eps_avg_yearly": 1.6,
            "eps_latest_yearly": 0.56,
            "eps_growth_yearly": 1950
        },
        "20133": {
            "year_quarter": 20133,
            "year": 2013,
            "quarter": 3,
            "eps": 0.1,
            "eps_growth_year": null,
            "eps_4q": 0.17,
            "eps_4q_growth_year": null,
            "roe": 0.86,
            "roe_4q": 1.44,
            "gross_profit": 43550,
            "gross_margin": 8.01,
            "gross_margin_4q_avg": 7.41,
            "net_income": 13518,
            "revenue": 543583,
            "common_shares": 1403098,
            "book_valuer_per_share": 12.18,
            "book_valuer_per_share_4q_avg": 12.01,
            "equity": 1597730,
            "current_ratio": 325.86,
            "debt_ratio": 21.52,
            "inventory_turnover_ratio": 1.06,
            "account_receivable_turnover_ratio": 2.16,
            "reinvestment_rate": 18.41,
            "research_to_sale_ratio": 0.28,
            "price_fair": 47.6,
            "eps_avg_yearly": 1.36,
            "eps_latest_yearly": 0.4,
            "eps_growth_yearly": 1537.14
        },
        "20134": {
            "year_quarter": 20134,
            "year": 2013,
            "quarter": 4,
            "eps": 0.02,
            "eps_growth_year": null,
            "eps_4q": 0.28,
            "eps_4q_growth_year": null,
            "roe": 0.16,
            "roe_4q": 2.33,
            "gross_profit": 32557,
            "gross_margin": 6.97,
            "gross_margin_4q_avg": 7.73,
            "net_income": 2607,
            "revenue": 466984,
            "common_shares": 1403098,
            "book_valuer_per_share": 12.57,
            "book_valuer_per_share_4q_avg": 12.13,
            "equity": 1648617,
            "current_ratio": 357.88,
            "debt_ratio": 20.86,
            "inventory_turnover_ratio": 0.87,
            "account_receivable_turnover_ratio": 2.25,
            "reinvestment_rate": -27.79,
            "research_to_sale_ratio": 0.35,
            "price_fair": 46.76,
            "eps_avg_yearly": 1.34,
            "eps_latest_yearly": 0.08,
            "eps_growth_yearly": 1486.48
        },
        "20141": {
            "year_quarter": 20141,
            "year": 2014,
            "quarter": 1,
            "eps": 0.05,
            "eps_growth_year": 150,
            "eps_4q": 0.31,
            "eps_4q_growth_year": null,
            "roe": 0.41,
            "roe_4q": 2.61,
            "gross_profit": 25733,
            "gross_margin": 5.64,
            "gross_margin_4q_avg": 7.68,
            "net_income": 6688,
            "revenue": 456116,
            "common_shares": 1403098,
            "book_valuer_per_share": 12.53,
            "book_valuer_per_share_4q_avg": 12.29,
            "equity": 1643700,
            "current_ratio": 289.85,
            "debt_ratio": 23.24,
            "inventory_turnover_ratio": 0.79,
            "account_receivable_turnover_ratio": 2.29,
            "reinvestment_rate": -10.37,
            "research_to_sale_ratio": 0.25,
            "price_fair": 40.13,
            "eps_avg_yearly": 1.15,
            "eps_latest_yearly": 0.2,
            "eps_growth_yearly": 1338.73
        },
        "20142": {
            "year_quarter": 20142,
            "year": 2014,
            "quarter": 2,
            "eps": 0.11,
            "eps_growth_year": -21.43,
            "eps_4q": 0.28,
            "eps_4q_growth_year": 399.87,
            "roe": 0.88,
            "roe_4q": 2.31,
            "gross_profit": 51010,
            "gross_margin": 9.2,
            "gross_margin_4q_avg": 7.46,
            "net_income": 14279,
            "revenue": 554262,
            "common_shares": 1403098,
            "book_valuer_per_share": 12.32,
            "book_valuer_per_share_4q_avg": 12.4,
            "equity": 1615455,
            "current_ratio": 236.82,
            "debt_ratio": 28.24,
            "inventory_turnover_ratio": 0.91,
            "account_receivable_turnover_ratio": 2.52,
            "reinvestment_rate": -0.16,
            "research_to_sale_ratio": 0.18,
            "price_fair": 36.6,
            "eps_avg_yearly": 1.05,
            "eps_latest_yearly": 0.44,
            "eps_growth_yearly": 1216.05
        },
        "20143": {
            "year_quarter": 20143,
            "year": 2014,
            "quarter": 3,
            "eps": 0.22,
            "eps_growth_year": 120,
            "eps_4q": 0.4,
            "eps_4q_growth_year": 133.97,
            "roe": 1.78,
            "roe_4q": 3.2300000000000004,
            "gross_profit": 49315,
            "gross_margin": 8.78,
            "gross_margin_4q_avg": 7.65,
            "net_income": 28842,
            "revenue": 561524,
            "common_shares": 1403098,
            "book_valuer_per_share": 12.42,
            "book_valuer_per_share_4q_avg": 12.46,
            "equity": 1628589,
            "current_ratio": 305.85,
            "debt_ratio": 22.34,
            "inventory_turnover_ratio": 0.92,
            "account_receivable_turnover_ratio": 2.57,
            "reinvestment_rate": -6.02,
            "research_to_sale_ratio": 0.16,
            "price_fair": 35.88,
            "eps_avg_yearly": 1.03,
            "eps_latest_yearly": 0.88,
            "eps_growth_yearly": 1114.05
        },
        "20144": {
            "year_quarter": 20144,
            "year": 2014,
            "quarter": 4,
            "eps": 0.14,
            "eps_growth_year": 618.9,
            "eps_4q": 0.52,
            "eps_4q_growth_year": 87.1,
            "roe": 1.15,
            "roe_4q": 4.22,
            "gross_profit": 51673,
            "gross_margin": 9.64,
            "gross_margin_4q_avg": 8.32,
            "net_income": 18735,
            "revenue": 536297,
            "common_shares": 1403098,
            "book_valuer_per_share": 12.42,
            "book_valuer_per_share_4q_avg": 12.42,
            "equity": 1628824,
            "current_ratio": 301.16,
            "debt_ratio": 24.1,
            "inventory_turnover_ratio": 0.85,
            "account_receivable_turnover_ratio": 2.38,
            "reinvestment_rate": -6.37,
            "research_to_sale_ratio": 0.2,
            "price_fair": 36.75,
            "eps_avg_yearly": 1.05,
            "eps_latest_yearly": 0.56,
            "eps_growth_yearly": 1095.87
        },
        "20151": {
            "year_quarter": 20151,
            "year": 2015,
            "quarter": 1,
            "eps": 0.2,
            "eps_growth_year": 300,
            "eps_4q": 0.67,
            "eps_4q_growth_year": 112.57,
            "roe": 1.58,
            "roe_4q": 5.39,
            "gross_profit": 65525,
            "gross_margin": 12.37,
            "gross_margin_4q_avg": 10,
            "net_income": 25870,
            "revenue": 529892,
            "common_shares": 1403098,
            "book_valuer_per_share": 12.62,
            "book_valuer_per_share_4q_avg": 12.45,
            "equity": 1655242,
            "current_ratio": 316.79,
            "debt_ratio": 23.18,
            "inventory_turnover_ratio": 0.81,
            "account_receivable_turnover_ratio": 2.1,
            "reinvestment_rate": -63.68,
            "research_to_sale_ratio": 0.24,
            "price_fair": 17.15,
            "eps_avg_yearly": 0.49,
            "eps_latest_yearly": 0.8,
            "eps_growth_yearly": 433.96
        },
        "20152": {
            "year_quarter": 20152,
            "year": 2015,
            "quarter": 2,
            "eps": 0.29,
            "eps_growth_year": 163.64,
            "eps_4q": 0.79,
            "eps_4q_growth_year": 180.18,
            "roe": 2.25,
            "roe_4q": 6.760000000000001,
            "gross_profit": 63596,
            "gross_margin": 11.42,
            "gross_margin_4q_avg": 10.55,
            "net_income": 37739,
            "revenue": 557040,
            "common_shares": 1403098,
            "book_valuer_per_share": 12.08,
            "book_valuer_per_share_4q_avg": 12.39,
            "equity": 1694756,
            "current_ratio": 299.7,
            "debt_ratio": 24.36,
            "inventory_turnover_ratio": 0.88,
            "account_receivable_turnover_ratio": 2.19,
            "reinvestment_rate": -111.76,
            "research_to_sale_ratio": 0.29,
            "price_fair": 19.76,
            "eps_avg_yearly": 0.56,
            "eps_latest_yearly": 1.16,
            "eps_growth_yearly": 405.74
        },
        "20153": {
            "year_quarter": 20153,
            "year": 2015,
            "quarter": 3,
            "eps": 0.19,
            "eps_growth_year": -13.64,
            "eps_4q": 0.81,
            "eps_4q_growth_year": 103.37,
            "roe": 1.5,
            "roe_4q": 6.48,
            "gross_profit": 51024,
            "gross_margin": 9.81,
            "gross_margin_4q_avg": 10.81,
            "net_income": 25441,
            "revenue": 520105,
            "common_shares": 1403098,
            "book_valuer_per_share": 12.81,
            "book_valuer_per_share_4q_avg": 12.48,
            "equity": 1699161,
            "current_ratio": 417.66,
            "debt_ratio": 18.77,
            "inventory_turnover_ratio": 0.84,
            "account_receivable_turnover_ratio": 2.17,
            "reinvestment_rate": -108.46,
            "research_to_sale_ratio": 0.33,
            "price_fair": 20.44,
            "eps_avg_yearly": 0.58,
            "eps_latest_yearly": 0.76,
            "eps_growth_yearly": 351.38
        },
        "20154": {
            "year_quarter": 20154,
            "year": 2015,
            "quarter": 4,
            "eps": 0.12,
            "eps_growth_year": -16.63,
            "eps_4q": 0.79,
            "eps_4q_growth_year": 51.27,
            "roe": 0.93,
            "roe_4q": 6.26,
            "gross_profit": 51085,
            "gross_margin": 11.05,
            "gross_margin_4q_avg": 11.16,
            "net_income": 15794,
            "revenue": 462507,
            "common_shares": 1403098,
            "book_valuer_per_share": 12.7,
            "book_valuer_per_share_4q_avg": 12.55,
            "equity": 1683679,
            "current_ratio": 317.04,
            "debt_ratio": 23.18,
            "inventory_turnover_ratio": 0.75,
            "account_receivable_turnover_ratio": 2.05,
            "reinvestment_rate": -78.58,
            "research_to_sale_ratio": 0.32,
            "price_fair": 20.11,
            "eps_avg_yearly": 0.57,
            "eps_latest_yearly": 0.48,
            "eps_growth_yearly": 306.04
        },
        "20161": {
            "year_quarter": 20161,
            "year": 2016,
            "quarter": 1,
            "eps": 0.06,
            "eps_growth_year": -70,
            "eps_4q": 0.66,
            "eps_4q_growth_year": -1.98,
            "roe": 0.47,
            "roe_4q": 5.15,
            "gross_profit": 43785,
            "gross_margin": 10.51,
            "gross_margin_4q_avg": 10.7,
            "net_income": 7976,
            "revenue": 416455,
            "common_shares": 1403098,
            "book_valuer_per_share": 12.83,
            "book_valuer_per_share_4q_avg": 12.61,
            "equity": 1700678,
            "current_ratio": 283.35,
            "debt_ratio": 24.07,
            "inventory_turnover_ratio": 0.67,
            "account_receivable_turnover_ratio": 1.99,
            "reinvestment_rate": -40.65,
            "research_to_sale_ratio": 0.28,
            "price_fair": 19.13,
            "eps_avg_yearly": 0.55,
            "eps_latest_yearly": 0.24,
            "eps_growth_yearly": 263.87
        },
        "20162": {
            "year_quarter": 20162,
            "year": 2016,
            "quarter": 2,
            "eps": 0.21,
            "eps_growth_year": -27.59,
            "eps_4q": 0.58,
            "eps_4q_growth_year": -26.52,
            "roe": 1.67,
            "roe_4q": 4.57,
            "gross_profit": 80861,
            "gross_margin": 15.75,
            "gross_margin_4q_avg": 11.78,
            "net_income": 27994,
            "revenue": 513564,
            "common_shares": 1403098,
            "book_valuer_per_share": 12.52,
            "book_valuer_per_share_4q_avg": 12.72,
            "equity": 1659741,
            "current_ratio": 255.85,
            "debt_ratio": 25.64,
            "inventory_turnover_ratio": 0.74,
            "account_receivable_turnover_ratio": 2.46,
            "reinvestment_rate": -31.84,
            "research_to_sale_ratio": 0.32,
            "price_fair": 19.92,
            "eps_avg_yearly": 0.57,
            "eps_latest_yearly": 0.84,
            "eps_growth_yearly": 320.49
        },
        "20163": {
            "year_quarter": 20163,
            "year": 2016,
            "quarter": 3,
            "eps": 0.09,
            "eps_growth_year": -52.63,
            "eps_4q": 0.48,
            "eps_4q_growth_year": -41.14,
            "roe": 0.7,
            "roe_4q": 3.77,
            "gross_profit": 42558,
            "gross_margin": 9.57,
            "gross_margin_4q_avg": 11.72,
            "net_income": 11676,
            "revenue": 444748,
            "common_shares": 1403098,
            "book_valuer_per_share": 12.59,
            "book_valuer_per_share_4q_avg": 12.66,
            "equity": 1669644,
            "current_ratio": 276.56,
            "debt_ratio": 23.96,
            "inventory_turnover_ratio": 0.68,
            "account_receivable_turnover_ratio": 2.18,
            "reinvestment_rate": -29.76,
            "research_to_sale_ratio": 0.39,
            "price_fair": 19.4,
            "eps_avg_yearly": 0.55,
            "eps_latest_yearly": 0.36,
            "eps_growth_yearly": 281.27
        },
        "20164": {
            "year_quarter": 20164,
            "year": 2016,
            "quarter": 4,
            "eps": 0.04,
            "eps_growth_year": -65.39,
            "eps_4q": 0.4,
            "eps_4q_growth_year": -49.34,
            "roe": 0.33,
            "roe_4q": 3.17,
            "gross_profit": 44906,
            "gross_margin": 9.37,
            "gross_margin_4q_avg": 11.3,
            "net_income": 5465,
            "revenue": 479150,
            "common_shares": 1403098,
            "book_valuer_per_share": 12.41,
            "book_valuer_per_share_4q_avg": 12.59,
            "equity": 1645074,
            "current_ratio": 300,
            "debt_ratio": 23.24,
            "inventory_turnover_ratio": 0.73,
            "account_receivable_turnover_ratio": 2.35,
            "reinvestment_rate": -28.29,
            "research_to_sale_ratio": 0.36,
            "price_fair": 18.48,
            "eps_avg_yearly": 0.53,
            "eps_latest_yearly": 0.16,
            "eps_growth_yearly": 247.71
        },
        "20171": {
            "year_quarter": 20171,
            "year": 2017,
            "quarter": 1,
            "eps": 0.04,
            "eps_growth_year": -33.33,
            "eps_4q": 0.38,
            "eps_4q_growth_year": -41.83,
            "roe": 0.33,
            "roe_4q": 3.03,
            "gross_profit": 42454,
            "gross_margin": 9.32,
            "gross_margin_4q_avg": 11,
            "net_income": 5443,
            "revenue": 455441,
            "common_shares": 1403098,
            "book_valuer_per_share": 12.48,
            "book_valuer_per_share_4q_avg": 12.5,
            "equity": 1654738,
            "current_ratio": 260.41,
            "debt_ratio": 25.43,
            "inventory_turnover_ratio": 0.69,
            "account_receivable_turnover_ratio": 2.1,
            "reinvestment_rate": -11.98,
            "research_to_sale_ratio": 0.31,
            "price_fair": 17.68,
            "eps_avg_yearly": 0.51,
            "eps_latest_yearly": 0.16,
            "eps_growth_yearly": 232.22
        },
        "20172": {
            "year_quarter": 20172,
            "year": 2017,
            "quarter": 2,
            "eps": 0.06,
            "eps_growth_year": -71.43,
            "eps_4q": 0.23,
            "eps_4q_growth_year": -60.94,
            "roe": 0.46,
            "roe_4q": 1.82,
            "gross_profit": 45521,
            "gross_margin": 9.37,
            "gross_margin_4q_avg": 9.41,
            "net_income": 7574,
            "revenue": 485852,
            "common_shares": 1403098,
            "book_valuer_per_share": 12.16,
            "book_valuer_per_share_4q_avg": 12.41,
            "equity": 1612701,
            "current_ratio": 215.34,
            "debt_ratio": 30.87,
            "inventory_turnover_ratio": 0.73,
            "account_receivable_turnover_ratio": 2.29,
            "reinvestment_rate": -10,
            "research_to_sale_ratio": 0.32,
            "price_fair": 16.98,
            "eps_avg_yearly": 0.49,
            "eps_latest_yearly": 0.24,
            "eps_growth_yearly": 94.72
        },
        "20173": {
            "year_quarter": 20173,
            "year": 2017,
            "quarter": 3,
            "eps": 0.05,
            "eps_growth_year": -44.44,
            "eps_4q": 0.19,
            "eps_4q_growth_year": -60.58,
            "roe": 0.41,
            "roe_4q": 1.53,
            "gross_profit": 34652,
            "gross_margin": 7.55,
            "gross_margin_4q_avg": 8.9,
            "net_income": 6527,
            "revenue": 459059,
            "common_shares": 1403098,
            "book_valuer_per_share": 12.13,
            "book_valuer_per_share_4q_avg": 12.3,
            "equity": 1608346,
            "current_ratio": 246.08,
            "debt_ratio": 27.1,
            "inventory_turnover_ratio": 0.69,
            "account_receivable_turnover_ratio": 2.36,
            "reinvestment_rate": -13.37,
            "research_to_sale_ratio": 0.39,
            "price_fair": 16.54,
            "eps_avg_yearly": 0.47,
            "eps_latest_yearly": 0.2,
            "eps_growth_yearly": 97.7
        },
        "20174": {
            "year_quarter": 20174,
            "year": 2017,
            "quarter": 4,
            "eps": -0,
            "eps_growth_year": -111.98,
            "eps_4q": 0.14,
            "eps_4q_growth_year": -64.44,
            "roe": -0.04,
            "roe_4q": 1.1600000000000001,
            "gross_profit": 37777,
            "gross_margin": 7.72,
            "gross_margin_4q_avg": 8.49,
            "net_income": -656,
            "revenue": 489652,
            "common_shares": 1403098,
            "book_valuer_per_share": 12.09,
            "book_valuer_per_share_4q_avg": 12.22,
            "equity": 1602508,
            "current_ratio": 240.36,
            "debt_ratio": 28.43,
            "inventory_turnover_ratio": 0.74,
            "account_receivable_turnover_ratio": 2.45,
            "reinvestment_rate": -12.42,
            "research_to_sale_ratio": 0.4,
            "price_fair": 17.45,
            "eps_avg_yearly": 0.5,
            "eps_latest_yearly": 0.2,
            "eps_growth_yearly": 125.55
        },
        "20181": {
            "year_quarter": 20181,
            "year": 2018,
            "quarter": 1,
            "eps": 0.01,
            "eps_growth_year": -75,
            "eps_4q": 0.11,
            "eps_4q_growth_year": -71.92,
            "roe": 0.05,
            "roe_4q": 0.88,
            "gross_profit": 34671,
            "gross_margin": 7.57,
            "gross_margin_4q_avg": 8.05,
            "net_income": 756,
            "revenue": 458086,
            "common_shares": 1403098,
            "book_valuer_per_share": 12.1,
            "book_valuer_per_share_4q_avg": 12.12,
            "equity": 1603914,
            "current_ratio": 248.69,
            "debt_ratio": 27.58,
            "inventory_turnover_ratio": 0.7,
            "account_receivable_turnover_ratio": 2.19,
            "reinvestment_rate": -31.62,
            "research_to_sale_ratio": 0.38,
            "price_fair": 18.2,
            "eps_avg_yearly": 0.52,
            "eps_latest_yearly": 0.2,
            "eps_growth_yearly": 91.66
        },
        "20182": {
            "year_quarter": 20182,
            "year": 2018,
            "quarter": 2,
            "eps": 0.19,
            "eps_growth_year": 216.67,
            "eps_4q": 0.24,
            "eps_4q_growth_year": 5.86,
            "roe": 1.58,
            "roe_4q": 2,
            "gross_profit": 57248,
            "gross_margin": 11.34,
            "gross_margin_4q_avg": 8.55,
            "net_income": 25297,
            "revenue": 504608,
            "common_shares": 1403098,
            "book_valuer_per_share": 12.03,
            "book_valuer_per_share_4q_avg": 12.09,
            "equity": 1595594,
            "current_ratio": 264.16,
            "debt_ratio": 25.99,
            "inventory_turnover_ratio": 0.73,
            "account_receivable_turnover_ratio": 2.42,
            "reinvestment_rate": -56.19,
            "research_to_sale_ratio": 0.44,
            "price_fair": 19,
            "eps_avg_yearly": 0.54,
            "eps_latest_yearly": 0.76,
            "eps_growth_yearly": 571.66
        },
        "20183": {
            "year_quarter": 20183,
            "year": 2018,
            "quarter": 3,
            "eps": 0,
            "eps_growth_year": -100,
            "eps_4q": 0.18,
            "eps_4q_growth_year": -2.11,
            "roe": 0.03,
            "roe_4q": 1.62,
            "gross_profit": 32277,
            "gross_margin": 6.51,
            "gross_margin_4q_avg": 8.29,
            "net_income": 493,
            "revenue": 495706,
            "common_shares": 1403098,
            "book_valuer_per_share": 11.36,
            "book_valuer_per_share_4q_avg": 11.9,
            "equity": 1592619,
            "current_ratio": 302.18,
            "debt_ratio": 22.17,
            "inventory_turnover_ratio": 0.76,
            "account_receivable_turnover_ratio": 2.48,
            "reinvestment_rate": -62.61,
            "research_to_sale_ratio": 0.29,
            "price_fair": 18.09,
            "eps_avg_yearly": 0.52,
            "eps_latest_yearly": 0.76,
            "eps_growth_yearly": 584.86
        },
        "20184": {
            "year_quarter": 20184,
            "year": 2018,
            "quarter": 4,
            "eps": -0.05,
            "eps_growth_year": null,
            "eps_4q": 0.14,
            "eps_4q_growth_year": 0.88,
            "roe": -0.41,
            "roe_4q": 1.2500000000000002,
            "gross_profit": 21403,
            "gross_margin": 4.37,
            "gross_margin_4q_avg": 7.45,
            "net_income": -6385,
            "revenue": 489505,
            "common_shares": 1403098,
            "book_valuer_per_share": 10.97,
            "book_valuer_per_share_4q_avg": 11.62,
            "equity": 1539382,
            "current_ratio": 265.99,
            "debt_ratio": 24.67,
            "inventory_turnover_ratio": 0.79,
            "account_receivable_turnover_ratio": 2.75,
            "reinvestment_rate": -54.37,
            "research_to_sale_ratio": 0.65,
            "price_fair": 17.97,
            "eps_avg_yearly": 0.51,
            "eps_latest_yearly": 0.76,
            "eps_growth_yearly": 645.72
        },
        "20191": {
            "year_quarter": 20191,
            "year": 2019,
            "quarter": 1,
            "eps": 0.07,
            "eps_growth_year": 600,
            "eps_4q": 0.22,
            "eps_4q_growth_year": 108.51,
            "roe": 0.58,
            "roe_4q": 1.78,
            "gross_profit": 43157,
            "gross_margin": 9.14,
            "gross_margin_4q_avg": 7.84,
            "net_income": 8865,
            "revenue": 472037,
            "common_shares": 1343098,
            "book_valuer_per_share": 12.17,
            "book_valuer_per_share_4q_avg": 11.63,
            "equity": 1541202,
            "current_ratio": 271.37,
            "debt_ratio": 24.36,
            "inventory_turnover_ratio": 0.71,
            "account_receivable_turnover_ratio": 2.56,
            "reinvestment_rate": -61.5,
            "research_to_sale_ratio": 0.48,
            "price_fair": 17.05,
            "eps_avg_yearly": 0.49,
            "eps_latest_yearly": 0.76,
            "eps_growth_yearly": 688.84
        },
        "20192": {
            "year_quarter": 20192,
            "year": 2019,
            "quarter": 2,
            "eps": 0.19,
            "eps_growth_year": 0,
            "eps_4q": 0.21,
            "eps_4q_growth_year": -11.83,
            "roe": 1.55,
            "roe_4q": 1.75,
            "gross_profit": 72920,
            "gross_margin": 14.25,
            "gross_margin_4q_avg": 8.57,
            "net_income": 23900,
            "revenue": 511886,
            "common_shares": 1343098,
            "book_valuer_per_share": 12.13,
            "book_valuer_per_share_4q_avg": 11.66,
            "equity": 1535567,
            "current_ratio": 271.23,
            "debt_ratio": 24.37,
            "inventory_turnover_ratio": 0.72,
            "account_receivable_turnover_ratio": 2.63,
            "reinvestment_rate": -62.51,
            "research_to_sale_ratio": 0.8,
            "price_fair": 15.78,
            "eps_avg_yearly": 0.45,
            "eps_latest_yearly": 0.76,
            "eps_growth_yearly": 734.81
        },
        "20193": {
            "year_quarter": 20193,
            "year": 2019,
            "quarter": 3,
            "eps": 0.03,
            "eps_growth_year": null,
            "eps_4q": 0.24,
            "eps_4q_growth_year": 27.61,
            "roe": 0.23,
            "roe_4q": 1.95,
            "gross_profit": 40882,
            "gross_margin": 8.7,
            "gross_margin_4q_avg": 9.12,
            "net_income": 3447,
            "revenue": 470032,
            "common_shares": 1343098,
            "book_valuer_per_share": 12.06,
            "book_valuer_per_share_4q_avg": 11.83,
            "equity": 1526635,
            "current_ratio": 268.46,
            "debt_ratio": 24.61,
            "inventory_turnover_ratio": 0.71,
            "account_receivable_turnover_ratio": 2.44,
            "reinvestment_rate": -62.36,
            "research_to_sale_ratio": 0.65,
            "price_fair": 13.75,
            "eps_avg_yearly": 0.39,
            "eps_latest_yearly": 0.12,
            "eps_growth_yearly": 716.73
        },
        "20194": {
            "year_quarter": 20194,
            "year": 2019,
            "quarter": 4,
            "eps": -0.01,
            "eps_growth_year": null,
            "eps_4q": 0.28,
            "eps_4q_growth_year": 91.83,
            "roe": -0.09,
            "roe_4q": 2.27,
            "gross_profit": 39437,
            "gross_margin": 8.75,
            "gross_margin_4q_avg": 10.21,
            "net_income": -1314,
            "revenue": 450574,
            "common_shares": 1343098,
            "book_valuer_per_share": 12.04,
            "book_valuer_per_share_4q_avg": 12.1,
            "equity": 1523819,
            "current_ratio": 254.11,
            "debt_ratio": 25.45,
            "inventory_turnover_ratio": 0.71,
            "account_receivable_turnover_ratio": 2.35,
            "reinvestment_rate": -86.59,
            "research_to_sale_ratio": 0.68,
            "price_fair": 13.44,
            "eps_avg_yearly": 0.38,
            "eps_latest_yearly": 0.12,
            "eps_growth_yearly": 803.14
        },
        "20201": {
            "year_quarter": 20201,
            "year": 2020,
            "quarter": 1,
            "eps": 0,
            "eps_growth_year": -100,
            "eps_4q": 0.21,
            "eps_4q_growth_year": -6.38,
            "roe": 0.03,
            "roe_4q": 1.72,
            "gross_profit": 33139,
            "gross_margin": 8.45,
            "gross_margin_4q_avg": 10.04,
            "net_income": 433,
            "revenue": 392303,
            "common_shares": 1343098,
            "book_valuer_per_share": 11.91,
            "book_valuer_per_share_4q_avg": 12.04,
            "equity": 1507565,
            "current_ratio": 237.92,
            "debt_ratio": 26.84,
            "inventory_turnover_ratio": 0.64,
            "account_receivable_turnover_ratio": 2.17,
            "reinvestment_rate": -107.87,
            "research_to_sale_ratio": 0.6,
            "price_fair": 14,
            "eps_avg_yearly": 0.4,
            "eps_latest_yearly": 0.12,
            "eps_growth_yearly": 914.6
        },
        "20202": {
            "year_quarter": 20202,
            "year": 2020,
            "quarter": 2,
            "eps": -0.2,
            "eps_growth_year": -205.26,
            "eps_4q": -0.18,
            "eps_4q_growth_year": -186.46,
            "roe": -1.67,
            "roe_4q": -1.5,
            "gross_profit": -10816,
            "gross_margin": -4.51,
            "gross_margin_4q_avg": 5.35,
            "net_income": -24981,
            "revenue": 239682,
            "common_shares": 1298338,
            "book_valuer_per_share": 12.11,
            "book_valuer_per_share_4q_avg": 12.03,
            "equity": 1479466,
            "current_ratio": 279.91,
            "debt_ratio": 22.33,
            "inventory_turnover_ratio": 0.46,
            "account_receivable_turnover_ratio": 1.87,
            "reinvestment_rate": -213.93,
            "research_to_sale_ratio": 0.9,
            "price_fair": 12.08,
            "eps_avg_yearly": 0.35,
            "eps_latest_yearly": 0.12,
            "eps_growth_yearly": 903.93
        },
        "20203": {
            "year_quarter": 20203,
            "year": 2020,
            "quarter": 3,
            "eps": -0.14,
            "eps_growth_year": -566.67,
            "eps_4q": -0.36,
            "eps_4q_growth_year": -253.18,
            "roe": -1.24,
            "roe_4q": -2.97,
            "gross_profit": -7388,
            "gross_margin": -3.01,
            "gross_margin_4q_avg": 2.42,
            "net_income": -18210,
            "revenue": 245542,
            "common_shares": 1298338,
            "book_valuer_per_share": 12.02,
            "book_valuer_per_share_4q_avg": 12.02,
            "equity": 1468465,
            "current_ratio": 318.81,
            "debt_ratio": 19.64,
            "inventory_turnover_ratio": 0.54,
            "account_receivable_turnover_ratio": 2.82,
            "reinvestment_rate": -394.18,
            "research_to_sale_ratio": 0.91,
            "price_fair": 12,
            "eps_avg_yearly": 0.34,
            "eps_latest_yearly": 0.12,
            "eps_growth_yearly": 1065.71
        },
        "20204": {
            "year_quarter": 20204,
            "year": 2020,
            "quarter": 4,
            "eps": 0.04,
            "eps_growth_year": null,
            "eps_4q": -0.31,
            "eps_4q_growth_year": -213.76,
            "roe": 0.3,
            "roe_4q": -2.58,
            "gross_profit": 16895,
            "gross_margin": 5.16,
            "gross_margin_4q_avg": 1.52,
            "net_income": 4463,
            "revenue": 327401,
            "common_shares": 1298338,
            "book_valuer_per_share": 12.5,
            "book_valuer_per_share_4q_avg": 12.14,
            "equity": 1527087,
            "current_ratio": 275.14,
            "debt_ratio": 23.35,
            "inventory_turnover_ratio": 0.72,
            "account_receivable_turnover_ratio": 3.09,
            "reinvestment_rate": -403.81,
            "research_to_sale_ratio": 0.6,
            "price_fair": 13.07,
            "eps_avg_yearly": 0.37,
            "eps_latest_yearly": 0.12,
            "eps_growth_yearly": 1280.37
        },
        "20211": {
            "year_quarter": 20211,
            "year": 2021,
            "quarter": 1,
            "eps": -0.05,
            "eps_growth_year": null,
            "eps_4q": -0.36,
            "eps_4q_growth_year": -274.45,
            "roe": -0.38,
            "roe_4q": -2.99,
            "gross_profit": 21927,
            "gross_margin": 5.97,
            "gross_margin_4q_avg": 0.9,
            "net_income": -5808,
            "revenue": 367005,
            "common_shares": 1298338,
            "book_valuer_per_share": 12.78,
            "book_valuer_per_share_4q_avg": 12.35,
            "equity": 1560246,
            "current_ratio": 289.48,
            "debt_ratio": 22.25,
            "inventory_turnover_ratio": 0.83,
            "account_receivable_turnover_ratio": 2.87,
            "reinvestment_rate": -589.25,
            "research_to_sale_ratio": 0.53,
            "price_fair": 14.56,
            "eps_avg_yearly": 0.42,
            "eps_latest_yearly": 0.12,
            "eps_growth_yearly": 1536.44
        },
        "20212": {
            "year_quarter": 20212,
            "year": 2021,
            "quarter": 2,
            "eps": 0.07,
            "eps_growth_year": null,
            "eps_4q": -0.09,
            "eps_4q_growth_year": null,
            "roe": 0.57,
            "roe_4q": -0.75,
            "gross_profit": 36315,
            "gross_margin": 8.67,
            "gross_margin_4q_avg": 4.2,
            "net_income": 8914,
            "revenue": 419004,
            "common_shares": 1298338,
            "book_valuer_per_share": 12.68,
            "book_valuer_per_share_4q_avg": 12.5,
            "equity": 1547990,
            "current_ratio": 263.16,
            "debt_ratio": 24.94,
            "inventory_turnover_ratio": 0.92,
            "account_receivable_turnover_ratio": 2.52,
            "reinvestment_rate": -571.79,
            "research_to_sale_ratio": 0.66,
            "price_fair": 16.1,
            "eps_avg_yearly": 0.46,
            "eps_latest_yearly": 0.12,
            "eps_growth_yearly": 1870.55
        },
        "20213": {
            "year_quarter": 20213,
            "year": 2021,
            "quarter": 3,
            "eps": 0.03,
            "eps_growth_year": null,
            "eps_4q": 0.1,
            "eps_4q_growth_year": null,
            "roe": 0.27,
            "roe_4q": 0.76,
            "gross_profit": 36667,
            "gross_margin": 9.3,
            "gross_margin_4q_avg": 7.28,
            "net_income": 4184,
            "revenue": 394123,
            "common_shares": 1298338,
            "book_valuer_per_share": 12.49,
            "book_valuer_per_share_4q_avg": 12.61,
            "equity": 1525283,
            "current_ratio": 265.83,
            "debt_ratio": 24.58,
            "inventory_turnover_ratio": 0.82,
            "account_receivable_turnover_ratio": 2.31,
            "reinvestment_rate": -601.41,
            "research_to_sale_ratio": 0.56,
            "price_fair": 15.4,
            "eps_avg_yearly": 0.44,
            "eps_latest_yearly": 0.12,
            "eps_growth_yearly": 1830.08
        },
        "20214": {
            "year_quarter": 20214,
            "year": 2021,
            "quarter": 4,
            "eps": -0.02,
            "eps_growth_year": -148.33,
            "eps_4q": 0.04,
            "eps_4q_growth_year": null,
            "roe": -0.14,
            "roe_4q": 0.31999999999999995,
            "gross_profit": 33380,
            "gross_margin": 8.46,
            "gross_margin_4q_avg": 8.1,
            "net_income": -2157,
            "revenue": 394687,
            "common_shares": 1298338,
            "book_valuer_per_share": 13.23,
            "book_valuer_per_share_4q_avg": 12.8,
            "equity": 1615243,
            "current_ratio": 323.74,
            "debt_ratio": 21.36,
            "inventory_turnover_ratio": 0.76,
            "account_receivable_turnover_ratio": 2.69,
            "reinvestment_rate": -617.31,
            "research_to_sale_ratio": 0.47,
            "price_fair": 15.4,
            "eps_avg_yearly": 0.44,
            "eps_latest_yearly": 0.12,
            "eps_growth_yearly": 1830.08
        },
        "20221": {
            "year_quarter": 20221,
            "year": 2022,
            "quarter": 1,
            "eps": 0.06,
            "eps_growth_year": null,
            "eps_4q": 0.15,
            "eps_4q_growth_year": null,
            "roe": 0.45,
            "roe_4q": 1.15,
            "gross_profit": 43613,
            "gross_margin": 9.69,
            "gross_margin_4q_avg": 9.03,
            "net_income": 7277,
            "revenue": 450137,
            "common_shares": 1298338,
            "book_valuer_per_share": 13.29,
            "book_valuer_per_share_4q_avg": 12.92,
            "equity": 1623095,
            "current_ratio": 370.63,
            "debt_ratio": 18.41,
            "inventory_turnover_ratio": 0.84,
            "account_receivable_turnover_ratio": 2.54,
            "reinvestment_rate": -419.52,
            "research_to_sale_ratio": 0.38,
            "price_fair": 15.4,
            "eps_avg_yearly": 0.44,
            "eps_latest_yearly": 0.12,
            "eps_growth_yearly": 1830.08
        },
        "20222": {
            "year_quarter": 20222,
            "year": 2022,
            "quarter": 2,
            "eps": 0.13,
            "eps_growth_year": 85.71,
            "eps_4q": 0.2,
            "eps_4q_growth_year": null,
            "roe": 0.96,
            "roe_4q": 1.54,
            "gross_profit": 69504,
            "gross_margin": 13.86,
            "gross_margin_4q_avg": 10.33,
            "net_income": 15367,
            "revenue": 501333,
            "common_shares": 1298338,
            "book_valuer_per_share": 12.88,
            "book_valuer_per_share_4q_avg": 12.97,
            "equity": 1572761,
            "current_ratio": 287.53,
            "debt_ratio": 22.64,
            "inventory_turnover_ratio": 0.85,
            "account_receivable_turnover_ratio": 2.57,
            "reinvestment_rate": -403.01,
            "research_to_sale_ratio": 0.53,
            "price_fair": 13.3,
            "eps_avg_yearly": 0.38,
            "eps_latest_yearly": 0.52,
            "eps_growth_yearly": 146.74
        },
        "20223": {
            "year_quarter": 20223,
            "year": 2022,
            "quarter": 3,
            "eps": 0.18,
            "eps_growth_year": 500,
            "eps_4q": 0.35,
            "eps_4q_growth_year": 265.23,
            "roe": 1.41,
            "roe_4q": 2.68,
            "gross_profit": 54634,
            "gross_margin": 12.03,
            "gross_margin_4q_avg": 11.01,
            "net_income": 22440,
            "revenue": 454227,
            "common_shares": 1298338,
            "book_valuer_per_share": 13.12,
            "book_valuer_per_share_4q_avg": 13.13,
            "equity": 1601878,
            "current_ratio": 377.56,
            "debt_ratio": 16.92,
            "inventory_turnover_ratio": 0.77,
            "account_receivable_turnover_ratio": 2.65,
            "reinvestment_rate": -127.55,
            "research_to_sale_ratio": 0.5,
            "price_fair": 15.68,
            "eps_avg_yearly": 0.45,
            "eps_latest_yearly": 0.72,
            "eps_growth_yearly": 148.16
        },
        "20224": {
            "year_quarter": 20224,
            "year": 2022,
            "quarter": 4,
            "eps": -0.11,
            "eps_growth_year": null,
            "eps_4q": 0.26,
            "eps_4q_growth_year": 527.11,
            "roe": -0.81,
            "roe_4q": 2.01,
            "gross_profit": 21358,
            "gross_margin": 5.47,
            "gross_margin_4q_avg": 10.26,
            "net_income": -12893,
            "revenue": 390583,
            "common_shares": 1298338,
            "book_valuer_per_share": 13.09,
            "book_valuer_per_share_4q_avg": 13.1,
            "equity": 1598356,
            "current_ratio": 281.98,
            "debt_ratio": 21.73,
            "inventory_turnover_ratio": 0.74,
            "account_receivable_turnover_ratio": 2.61,
            "reinvestment_rate": -85.42,
            "research_to_sale_ratio": 0.56,
            "price_fair": 15.68,
            "eps_avg_yearly": 0.45,
            "eps_latest_yearly": 0.72,
            "eps_growth_yearly": 148.16
        },
        "20231": {
            "year_quarter": 20231,
            "year": 2023,
            "quarter": 1,
            "eps": -0.03,
            "eps_growth_year": -150,
            "eps_4q": 0.18,
            "eps_4q_growth_year": 19.85,
            "roe": -0.19,
            "roe_4q": 1.3699999999999999,
            "gross_profit": 33575,
            "gross_margin": 9.23,
            "gross_margin_4q_avg": 10.15,
            "net_income": -3078,
            "revenue": 363878,
            "common_shares": 1298338,
            "book_valuer_per_share": 12.8,
            "book_valuer_per_share_4q_avg": 12.97,
            "equity": 1563152,
            "current_ratio": 269.81,
            "debt_ratio": 22.48,
            "inventory_turnover_ratio": 0.66,
            "account_receivable_turnover_ratio": 2.52,
            "reinvestment_rate": -121.26,
            "research_to_sale_ratio": 0.71,
            "price_fair": 15.68,
            "eps_avg_yearly": 0.45,
            "eps_latest_yearly": 0.72,
            "eps_growth_yearly": 148.16
        }
    },
    "months": {
        "2001-06": {
            "month": "2001-06",
            "price": "5.92",
            "revenue": 257076
        },
        "2001-07": {
            "month": "2001-07",
            "price": "5.20",
            "revenue": 282371
        },
        "2001-08": {
            "month": "2001-08",
            "price": "5.13",
            "revenue": 321772
        },
        "2001-09": {
            "month": "2001-09",
            "price": "6.29",
            "revenue": 222225
        },
        "2001-10": {
            "month": "2001-10",
            "price": "5.78",
            "revenue": 222152
        },
        "2001-11": {
            "month": "2001-11",
            "price": "5.19",
            "revenue": 192574
        },
        "2001-12": {
            "month": "2001-12",
            "price": "5.96",
            "revenue": 226677
        },
        "2002-01": {
            "month": "2002-01",
            "price": "5.90",
            "revenue": 183787
        },
        "2002-02": {
            "month": "2002-02",
            "price": "5.69",
            "revenue": 142385
        },
        "2002-03": {
            "month": "2002-03",
            "price": "6.90",
            "revenue": 196620
        },
        "2002-04": {
            "month": "2002-04",
            "price": "7.38",
            "revenue": 209581
        },
        "2002-05": {
            "month": "2002-05",
            "price": "6.21",
            "revenue": 217797
        },
        "2002-06": {
            "month": "2002-06",
            "price": "6.58",
            "revenue": 213515
        },
        "2002-07": {
            "month": "2002-07",
            "price": "6.56",
            "revenue": 236488
        },
        "2002-08": {
            "month": "2002-08",
            "price": "6.12",
            "revenue": 244135
        },
        "2002-09": {
            "month": "2002-09",
            "price": "5.92",
            "revenue": 210942
        },
        "2002-10": {
            "month": "2002-10",
            "price": "5.65",
            "revenue": 204095
        },
        "2002-11": {
            "month": "2002-11",
            "price": "5.82",
            "revenue": 180953
        },
        "2002-12": {
            "month": "2002-12",
            "price": "6.11",
            "revenue": 195090
        },
        "2003-01": {
            "month": "2003-01",
            "price": "6.51",
            "revenue": 200857
        },
        "2003-02": {
            "month": "2003-02",
            "price": "6.09",
            "revenue": 145360
        },
        "2003-03": {
            "month": "2003-03",
            "price": "5.56",
            "revenue": 177660
        },
        "2003-04": {
            "month": "2003-04",
            "price": "5.39",
            "revenue": 187890
        },
        "2003-05": {
            "month": "2003-05",
            "price": "5.09",
            "revenue": 220753
        },
        "2003-06": {
            "month": "2003-06",
            "price": "5.52",
            "revenue": 204552
        },
        "2003-07": {
            "month": "2003-07",
            "price": "5.55",
            "revenue": 271508
        },
        "2003-08": {
            "month": "2003-08",
            "price": "5.31",
            "revenue": 229829
        },
        "2003-09": {
            "month": "2003-09",
            "price": "5.04",
            "revenue": 224309
        },
        "2003-10": {
            "month": "2003-10",
            "price": "5.21",
            "revenue": 252270
        },
        "2003-11": {
            "month": "2003-11",
            "price": "5.58",
            "revenue": 195549
        },
        "2003-12": {
            "month": "2003-12",
            "price": "5.58",
            "revenue": 232214
        },
        "2004-01": {
            "month": "2004-01",
            "price": "6.00",
            "revenue": 201663
        },
        "2004-02": {
            "month": "2004-02",
            "price": "7.71",
            "revenue": 210164
        },
        "2004-03": {
            "month": "2004-03",
            "price": "7.51",
            "revenue": 209277
        },
        "2004-04": {
            "month": "2004-04",
            "price": "8.42",
            "revenue": 195773
        },
        "2004-05": {
            "month": "2004-05",
            "price": "6.81",
            "revenue": 204664
        },
        "2004-06": {
            "month": "2004-06",
            "price": "6.40",
            "revenue": 230185
        },
        "2004-07": {
            "month": "2004-07",
            "price": "6.05",
            "revenue": 219740
        },
        "2004-08": {
            "month": "2004-08",
            "price": "5.70",
            "revenue": 237916
        },
        "2004-09": {
            "month": "2004-09",
            "price": "6.16",
            "revenue": 245661
        },
        "2004-10": {
            "month": "2004-10",
            "price": "6.11",
            "revenue": 238841
        },
        "2004-11": {
            "month": "2004-11",
            "price": "5.88",
            "revenue": 205139
        },
        "2004-12": {
            "month": "2004-12",
            "price": "5.80",
            "revenue": 221067
        },
        "2005-01": {
            "month": "2005-01",
            "price": "6.05",
            "revenue": 179201
        },
        "2005-02": {
            "month": "2005-02",
            "price": "5.78",
            "revenue": 155830
        },
        "2005-03": {
            "month": "2005-03",
            "price": "5.52",
            "revenue": 192476
        },
        "2005-04": {
            "month": "2005-04",
            "price": "4.74",
            "revenue": 185723
        },
        "2005-05": {
            "month": "2005-05",
            "price": "4.33",
            "revenue": 193290
        },
        "2005-06": {
            "month": "2005-06",
            "price": "5.07",
            "revenue": 207361
        },
        "2005-07": {
            "month": "2005-07",
            "price": "4.92",
            "revenue": 217120
        },
        "2005-08": {
            "month": "2005-08",
            "price": "4.65",
            "revenue": 209736
        },
        "2005-09": {
            "month": "2005-09",
            "price": "4.25",
            "revenue": 222363
        },
        "2005-10": {
            "month": "2005-10",
            "price": "4.60",
            "revenue": 192325
        },
        "2005-11": {
            "month": "2005-11",
            "price": "5.22",
            "revenue": 164634
        },
        "2005-12": {
            "month": "2005-12",
            "price": "5.39",
            "revenue": 167288
        },
        "2006-01": {
            "month": "2006-01",
            "price": "4.91",
            "revenue": 168445
        },
        "2006-02": {
            "month": "2006-02",
            "price": "4.74",
            "revenue": 150984
        },
        "2006-03": {
            "month": "2006-03",
            "price": "4.81",
            "revenue": 167931
        },
        "2006-04": {
            "month": "2006-04",
            "price": "4.78",
            "revenue": 165372
        },
        "2006-05": {
            "month": "2006-05",
            "price": "4.96",
            "revenue": 181709
        },
        "2006-06": {
            "month": "2006-06",
            "price": "4.49",
            "revenue": 213613
        },
        "2006-07": {
            "month": "2006-07",
            "price": "4.60",
            "revenue": 185358
        },
        "2006-08": {
            "month": "2006-08",
            "price": "4.32",
            "revenue": 248976
        },
        "2006-09": {
            "month": "2006-09",
            "price": "4.12",
            "revenue": 193028
        },
        "2006-10": {
            "month": "2006-10",
            "price": "4.37",
            "revenue": 143698
        },
        "2006-11": {
            "month": "2006-11",
            "price": "4.59",
            "revenue": 181636
        },
        "2006-12": {
            "month": "2006-12",
            "price": "5.73",
            "revenue": 179057
        },
        "2007-01": {
            "month": "2007-01",
            "price": "5.63",
            "revenue": 188077
        },
        "2007-02": {
            "month": "2007-02",
            "price": "5.55",
            "revenue": 149631
        },
        "2007-03": {
            "month": "2007-03",
            "price": "5.36",
            "revenue": 197340
        },
        "2007-04": {
            "month": "2007-04",
            "price": "6.08",
            "revenue": 178242
        },
        "2007-05": {
            "month": "2007-05",
            "price": "6.06",
            "revenue": 209560
        },
        "2007-06": {
            "month": "2007-06",
            "price": "6.37",
            "revenue": 215897
        },
        "2007-07": {
            "month": "2007-07",
            "price": "7.66",
            "revenue": 277754
        },
        "2007-08": {
            "month": "2007-08",
            "price": "7.48",
            "revenue": 241054
        },
        "2007-09": {
            "month": "2007-09",
            "price": "7.94",
            "revenue": 209269
        },
        "2007-10": {
            "month": "2007-10",
            "price": "7.22",
            "revenue": 229975
        },
        "2007-11": {
            "month": "2007-11",
            "price": "6.48",
            "revenue": 214698
        },
        "2007-12": {
            "month": "2007-12",
            "price": "7.48",
            "revenue": 205775
        },
        "2008-01": {
            "month": "2008-01",
            "price": "7.43",
            "revenue": 209609
        },
        "2008-02": {
            "month": "2008-02",
            "price": "7.09",
            "revenue": 157483
        },
        "2008-03": {
            "month": "2008-03",
            "price": "7.24",
            "revenue": 236546
        },
        "2008-04": {
            "month": "2008-04",
            "price": "7.56",
            "revenue": 205834
        },
        "2008-05": {
            "month": "2008-05",
            "price": "7.71",
            "revenue": 229713
        },
        "2008-06": {
            "month": "2008-06",
            "price": "7.14",
            "revenue": 219686
        },
        "2008-07": {
            "month": "2008-07",
            "price": "6.56",
            "revenue": 226346
        },
        "2008-08": {
            "month": "2008-08",
            "price": "6.02",
            "revenue": 241682
        },
        "2008-09": {
            "month": "2008-09",
            "price": "5.47",
            "revenue": 183207
        },
        "2008-10": {
            "month": "2008-10",
            "price": "4.65",
            "revenue": 180632
        },
        "2008-11": {
            "month": "2008-11",
            "price": "4.53",
            "revenue": 100051
        },
        "2008-12": {
            "month": "2008-12",
            "price": "4.42",
            "revenue": 155791
        },
        "2009-01": {
            "month": "2009-01",
            "price": "4.46",
            "revenue": 103455
        },
        "2009-02": {
            "month": "2009-02",
            "price": "4.27",
            "revenue": 143104
        },
        "2009-03": {
            "month": "2009-03",
            "price": "4.85",
            "revenue": 156343
        },
        "2009-04": {
            "month": "2009-04",
            "price": "5.54",
            "revenue": 147537
        },
        "2009-05": {
            "month": "2009-05",
            "price": "5.74",
            "revenue": 145842
        },
        "2009-06": {
            "month": "2009-06",
            "price": "5.65",
            "revenue": 213185
        },
        "2009-07": {
            "month": "2009-07",
            "price": "5.81",
            "revenue": 224317
        },
        "2009-08": {
            "month": "2009-08",
            "price": "5.93",
            "revenue": 170023
        },
        "2009-09": {
            "month": "2009-09",
            "price": "5.93",
            "revenue": 169620
        },
        "2009-10": {
            "month": "2009-10",
            "price": "6.22",
            "revenue": 190768
        },
        "2009-11": {
            "month": "2009-11",
            "price": "6.21",
            "revenue": 187949
        },
        "2009-12": {
            "month": "2009-12",
            "price": "6.76",
            "revenue": 190331
        },
        "2010-01": {
            "month": "2010-01",
            "price": "7.27",
            "revenue": 205808
        },
        "2010-02": {
            "month": "2010-02",
            "price": "6.64",
            "revenue": 137950
        },
        "2010-03": {
            "month": "2010-03",
            "price": "7.08",
            "revenue": 203828
        },
        "2010-04": {
            "month": "2010-04",
            "price": "7.51",
            "revenue": 213648
        },
        "2010-05": {
            "month": "2010-05",
            "price": "7.15",
            "revenue": 209634
        },
        "2010-06": {
            "month": "2010-06",
            "price": "7.25",
            "revenue": 206912
        },
        "2010-07": {
            "month": "2010-07",
            "price": "7.44",
            "revenue": 232274
        },
        "2010-08": {
            "month": "2010-08",
            "price": "8.56",
            "revenue": 254460
        },
        "2010-09": {
            "month": "2010-09",
            "price": "8.64",
            "revenue": 192570
        },
        "2010-10": {
            "month": "2010-10",
            "price": "9.09",
            "revenue": 208962
        },
        "2010-11": {
            "month": "2010-11",
            "price": "8.83",
            "revenue": 236718
        },
        "2010-12": {
            "month": "2010-12",
            "price": "8.87",
            "revenue": 237097
        },
        "2011-01": {
            "month": "2011-01",
            "price": "9.18",
            "revenue": 215551
        },
        "2011-02": {
            "month": "2011-02",
            "price": "9.04",
            "revenue": 198739
        },
        "2011-03": {
            "month": "2011-03",
            "price": "8.85",
            "revenue": 290355
        },
        "2011-04": {
            "month": "2011-04",
            "price": "9.53",
            "revenue": 222123
        },
        "2011-05": {
            "month": "2011-05",
            "price": "11.08",
            "revenue": 244092
        },
        "2011-06": {
            "month": "2011-06",
            "price": "10.03",
            "revenue": 224709
        },
        "2011-07": {
            "month": "2011-07",
            "price": "9.99",
            "revenue": 208239
        },
        "2011-08": {
            "month": "2011-08",
            "price": "9.22",
            "revenue": 239468
        },
        "2011-09": {
            "month": "2011-09",
            "price": "8.53",
            "revenue": 228155
        },
        "2011-10": {
            "month": "2011-10",
            "price": "8.25",
            "revenue": 211499
        },
        "2011-11": {
            "month": "2011-11",
            "price": "8.34",
            "revenue": 178994
        },
        "2011-12": {
            "month": "2011-12",
            "price": "7.44",
            "revenue": 174643
        },
        "2012-01": {
            "month": "2012-01",
            "price": "7.17",
            "revenue": 155796
        },
        "2012-02": {
            "month": "2012-02",
            "price": "7.91",
            "revenue": 204845
        },
        "2012-03": {
            "month": "2012-03",
            "price": "8.04",
            "revenue": 205050
        },
        "2012-04": {
            "month": "2012-04",
            "price": "7.61",
            "revenue": 207261
        },
        "2012-05": {
            "month": "2012-05",
            "price": "7.39",
            "revenue": 181453
        },
        "2012-06": {
            "month": "2012-06",
            "price": "7.24",
            "revenue": 167036
        },
        "2012-07": {
            "month": "2012-07",
            "price": "6.93",
            "revenue": 213661
        },
        "2012-08": {
            "month": "2012-08",
            "price": "6.95",
            "revenue": 168198
        },
        "2012-09": {
            "month": "2012-09",
            "price": "7.27",
            "revenue": 142586
        },
        "2012-10": {
            "month": "2012-10",
            "price": "7.18",
            "revenue": 176648
        },
        "2012-11": {
            "month": "2012-11",
            "price": "6.80",
            "revenue": 174000
        },
        "2012-12": {
            "month": "2012-12",
            "price": "7.31",
            "revenue": 156121
        },
        "2013-01": {
            "month": "2013-01",
            "price": "7.28",
            "revenue": 165690
        },
        "2013-02": {
            "month": "2013-02",
            "price": "7.11",
            "revenue": 148919
        },
        "2013-03": {
            "month": "2013-03",
            "price": "7.24",
            "revenue": 177291
        },
        "2013-04": {
            "month": "2013-04",
            "price": "7.08",
            "revenue": 175686
        },
        "2013-05": {
            "month": "2013-05",
            "price": "7.14",
            "revenue": 197568
        },
        "2013-06": {
            "month": "2013-06",
            "price": "7.22",
            "revenue": 201144
        },
        "2013-07": {
            "month": "2013-07",
            "price": "7.19",
            "revenue": 183816
        },
        "2013-08": {
            "month": "2013-08",
            "price": "7.21",
            "revenue": 189997
        },
        "2013-09": {
            "month": "2013-09",
            "price": "7.36",
            "revenue": 169769
        },
        "2013-10": {
            "month": "2013-10",
            "price": "7.84",
            "revenue": 157868
        },
        "2013-11": {
            "month": "2013-11",
            "price": "7.60",
            "revenue": 154061
        },
        "2013-12": {
            "month": "2013-12",
            "price": "7.83",
            "revenue": 155055
        },
        "2014-01": {
            "month": "2014-01",
            "price": "8.22",
            "revenue": 143923
        },
        "2014-02": {
            "month": "2014-02",
            "price": "8.20",
            "revenue": 131766
        },
        "2014-03": {
            "month": "2014-03",
            "price": "8.17",
            "revenue": 180427
        },
        "2014-04": {
            "month": "2014-04",
            "price": "8.23",
            "revenue": 204703
        },
        "2014-05": {
            "month": "2014-05",
            "price": "8.03",
            "revenue": 177848
        },
        "2014-06": {
            "month": "2014-06",
            "price": "8.06",
            "revenue": 171711
        },
        "2014-07": {
            "month": "2014-07",
            "price": "8.16",
            "revenue": 202000
        },
        "2014-08": {
            "month": "2014-08",
            "price": "8.23",
            "revenue": 193685
        },
        "2014-09": {
            "month": "2014-09",
            "price": "8.03",
            "revenue": 165839
        },
        "2014-10": {
            "month": "2014-10",
            "price": "7.75",
            "revenue": 179179
        },
        "2014-11": {
            "month": "2014-11",
            "price": "7.70",
            "revenue": 165556
        },
        "2014-12": {
            "month": "2014-12",
            "price": "7.89",
            "revenue": 191562
        },
        "2015-01": {
            "month": "2015-01",
            "price": "8.10",
            "revenue": 184321
        },
        "2015-02": {
            "month": "2015-02",
            "price": "8.21",
            "revenue": 139377
        },
        "2015-03": {
            "month": "2015-03",
            "price": "8.89",
            "revenue": 206194
        },
        "2015-04": {
            "month": "2015-04",
            "price": "11.80",
            "revenue": 182264
        },
        "2015-05": {
            "month": "2015-05",
            "price": "11.83",
            "revenue": 184241
        },
        "2015-06": {
            "month": "2015-06",
            "price": "12.37",
            "revenue": 190535
        },
        "2015-07": {
            "month": "2015-07",
            "price": "11.61",
            "revenue": 176632
        },
        "2015-08": {
            "month": "2015-08",
            "price": "10.25",
            "revenue": 176821
        },
        "2015-09": {
            "month": "2015-09",
            "price": "10.39",
            "revenue": 166652
        },
        "2015-10": {
            "month": "2015-10",
            "price": "10.57",
            "revenue": 142201
        },
        "2015-11": {
            "month": "2015-11",
            "price": "9.67",
            "revenue": 159133
        },
        "2015-12": {
            "month": "2015-12",
            "price": "9.06",
            "revenue": 161173
        },
        "2016-01": {
            "month": "2016-01",
            "price": "8.68",
            "revenue": 130126
        },
        "2016-02": {
            "month": "2016-02",
            "price": "8.76",
            "revenue": 108452
        },
        "2016-03": {
            "month": "2016-03",
            "price": "9.31",
            "revenue": 177878
        },
        "2016-04": {
            "month": "2016-04",
            "price": "9.03",
            "revenue": 168945
        },
        "2016-05": {
            "month": "2016-05",
            "price": "8.42",
            "revenue": 164294
        },
        "2016-06": {
            "month": "2016-06",
            "price": "8.55",
            "revenue": 180325
        },
        "2016-07": {
            "month": "2016-07",
            "price": "8.88",
            "revenue": 159085
        },
        "2016-08": {
            "month": "2016-08",
            "price": "9.05",
            "revenue": 151139
        },
        "2016-09": {
            "month": "2016-09",
            "price": "8.71",
            "revenue": 134524
        },
        "2016-10": {
            "month": "2016-10",
            "price": "8.41",
            "revenue": 149797
        },
        "2016-11": {
            "month": "2016-11",
            "price": "8.14",
            "revenue": 172310
        },
        "2016-12": {
            "month": "2016-12",
            "price": "8.50",
            "revenue": 157042
        },
        "2017-01": {
            "month": "2017-01",
            "price": "8.45",
            "revenue": 135401
        },
        "2017-02": {
            "month": "2017-02",
            "price": "8.71",
            "revenue": 142465
        },
        "2017-03": {
            "month": "2017-03",
            "price": "8.66",
            "revenue": 177576
        },
        "2017-04": {
            "month": "2017-04",
            "price": "8.48",
            "revenue": 154440
        },
        "2017-05": {
            "month": "2017-05",
            "price": "8.43",
            "revenue": 171265
        },
        "2017-06": {
            "month": "2017-06",
            "price": "8.40",
            "revenue": 160148
        },
        "2017-07": {
            "month": "2017-07",
            "price": "8.22",
            "revenue": 141698
        },
        "2017-08": {
            "month": "2017-08",
            "price": "8.26",
            "revenue": 165947
        },
        "2017-09": {
            "month": "2017-09",
            "price": "8.53",
            "revenue": 151414
        },
        "2017-10": {
            "month": "2017-10",
            "price": "8.47",
            "revenue": 164354
        },
        "2017-11": {
            "month": "2017-11",
            "price": "8.38",
            "revenue": 158855
        },
        "2017-12": {
            "month": "2017-12",
            "price": "8.41",
            "revenue": 166442
        },
        "2018-01": {
            "month": "2018-01",
            "price": "8.52",
            "revenue": 169094
        },
        "2018-02": {
            "month": "2018-02",
            "price": "8.25",
            "revenue": 113640
        },
        "2018-03": {
            "month": "2018-03",
            "price": "8.32",
            "revenue": 175352
        },
        "2018-04": {
            "month": "2018-04",
            "price": "8.36",
            "revenue": 165104
        },
        "2018-05": {
            "month": "2018-05",
            "price": "8.39",
            "revenue": 184446
        },
        "2018-06": {
            "month": "2018-06",
            "price": "8.21",
            "revenue": 155058
        },
        "2018-07": {
            "month": "2018-07",
            "price": "8.10",
            "revenue": 169847
        },
        "2018-08": {
            "month": "2018-08",
            "price": "8.10",
            "revenue": 172731
        },
        "2018-09": {
            "month": "2018-09",
            "price": "8.03",
            "revenue": 153128
        },
        "2018-10": {
            "month": "2018-10",
            "price": "7.72",
            "revenue": 173258
        },
        "2018-11": {
            "month": "2018-11",
            "price": "8.14",
            "revenue": 171043
        },
        "2018-12": {
            "month": "2018-12",
            "price": "8.32",
            "revenue": 145203
        },
        "2019-01": {
            "month": "2019-01",
            "price": "8.20",
            "revenue": 170512
        },
        "2019-02": {
            "month": "2019-02",
            "price": "8.16",
            "revenue": 135856
        },
        "2019-03": {
            "month": "2019-03",
            "price": "8.25",
            "revenue": 165670
        },
        "2019-04": {
            "month": "2019-04",
            "price": "8.20",
            "revenue": 176514
        },
        "2019-05": {
            "month": "2019-05",
            "price": "7.99",
            "revenue": 183391
        },
        "2019-06": {
            "month": "2019-06",
            "price": "7.98",
            "revenue": 151981
        },
        "2019-07": {
            "month": "2019-07",
            "price": "8.00",
            "revenue": 173865
        },
        "2019-08": {
            "month": "2019-08",
            "price": "8.00",
            "revenue": 137104
        },
        "2019-09": {
            "month": "2019-09",
            "price": "8.04",
            "revenue": 159064
        },
        "2019-10": {
            "month": "2019-10",
            "price": "7.92",
            "revenue": 173464
        },
        "2019-11": {
            "month": "2019-11",
            "price": "7.85",
            "revenue": 138256
        },
        "2019-12": {
            "month": "2019-12",
            "price": "7.80",
            "revenue": 138854
        },
        "2020-01": {
            "month": "2020-01",
            "price": "7.73",
            "revenue": 118611
        },
        "2020-02": {
            "month": "2020-02",
            "price": "7.75",
            "revenue": 138709
        },
        "2020-03": {
            "month": "2020-03",
            "price": "7.35",
            "revenue": 134983
        },
        "2020-04": {
            "month": "2020-04",
            "price": "7.76",
            "revenue": 98533
        },
        "2020-05": {
            "month": "2020-05",
            "price": "7.85",
            "revenue": 79555
        },
        "2020-06": {
            "month": "2020-06",
            "price": "8.19",
            "revenue": 61594
        },
        "2020-07": {
            "month": "2020-07",
            "price": "8.24",
            "revenue": 89393
        },
        "2020-08": {
            "month": "2020-08",
            "price": "8.17",
            "revenue": 63413
        },
        "2020-09": {
            "month": "2020-09",
            "price": "8.27",
            "revenue": 92735
        },
        "2020-10": {
            "month": "2020-10",
            "price": "8.40",
            "revenue": 78705
        },
        "2020-11": {
            "month": "2020-11",
            "price": "8.44",
            "revenue": 118054
        },
        "2020-12": {
            "month": "2020-12",
            "price": "8.48",
            "revenue": 130643
        },
        "2021-01": {
            "month": "2021-01",
            "price": "8.36",
            "revenue": 120729
        },
        "2021-02": {
            "month": "2021-02",
            "price": "8.31",
            "revenue": 118548
        },
        "2021-03": {
            "month": "2021-03",
            "price": "8.58",
            "revenue": 127728
        },
        "2021-04": {
            "month": "2021-04",
            "price": "10.08",
            "revenue": 127762
        },
        "2021-05": {
            "month": "2021-05",
            "price": "10.36",
            "revenue": 127550
        },
        "2021-06": {
            "month": "2021-06",
            "price": "10.22",
            "revenue": 163692
        },
        "2021-07": {
            "month": "2021-07",
            "price": "10.62",
            "revenue": 150961
        },
        "2021-08": {
            "month": "2021-08",
            "price": "10.15",
            "revenue": 128509
        },
        "2021-09": {
            "month": "2021-09",
            "price": "10.21",
            "revenue": 114653
        },
        "2021-10": {
            "month": "2021-10",
            "price": "10.08",
            "revenue": 118589
        },
        "2021-11": {
            "month": "2021-11",
            "price": "10.61",
            "revenue": 140853
        },
        "2021-12": {
            "month": "2021-12",
            "price": "13.33",
            "revenue": 135245
        },
        "2022-01": {
            "month": "2022-01",
            "price": "14.37",
            "revenue": 153526
        },
        "2022-02": {
            "month": "2022-02",
            "price": "14.17",
            "revenue": 120473
        },
        "2022-03": {
            "month": "2022-03",
            "price": "14.49",
            "revenue": 176139
        },
        "2022-04": {
            "month": "2022-04",
            "price": "14.44",
            "revenue": 167368
        },
        "2022-05": {
            "month": "2022-05",
            "price": "14.39",
            "revenue": 185141
        },
        "2022-06": {
            "month": "2022-06",
            "price": "15.34",
            "revenue": 148825
        },
        "2022-07": {
            "month": "2022-07",
            "price": "13.06",
            "revenue": 155473
        },
        "2022-08": {
            "month": "2022-08",
            "price": "13.71",
            "revenue": 157137
        },
        "2022-09": {
            "month": "2022-09",
            "price": "12.89",
            "revenue": 141617
        },
        "2022-10": {
            "month": "2022-10",
            "price": "12.38",
            "revenue": 125290
        },
        "2022-11": {
            "month": "2022-11",
            "price": "13.00",
            "revenue": 139290
        },
        "2022-12": {
            "month": "2022-12",
            "price": "13.01",
            "revenue": 126002
        },
        "2023-01": {
            "month": "2023-01",
            "price": "13.34",
            "revenue": 99448
        },
        "2023-02": {
            "month": "2023-02",
            "price": "13.17",
            "revenue": 112569
        },
        "2023-03": {
            "month": "2023-03",
            "price": "12.75",
            "revenue": 151861
        },
        "2023-04": {
            "month": "2023-04",
            "price": "13.39",
            "revenue": 119161
        },
        "2023-05": {
            "month": "2023-05",
            "price": "15.24",
            "revenue": 154835
        }
    }
}
