{
    "summary": {
        "stock_name": "集盛",
        "stock_id": "1455",
        "category": "紡織纖維",
        "main_business": "各種纖維絲、人造棉絲、尼龍絲之紡製、<br>織造、染整、印花、加工、買賣。<br>石油化學工業纖維原料生產、銷售及進出口買賣。",
        "website_url": "http://www.zigsheng.com",
        "ceo": "蘇百煌",
        "pe_ratio": -14,
        "report_year_from": 2001,
        "report_year_to": 2023,
        "age": 23,
        "eps_negative_percentage": 26,
        "eps_growth_avg": {
            "last_all": -23.03,
            "last_2y": -100,
            "last_4y": -100,
            "last_8y": -6.52,
            "last_12y": -34.16,
            "last_16y": -33.99,
            "last_20y": -31.24,
            "at_2006_last_3y": -20.21,
            "at_2007_last_3y": -5.84,
            "at_2008_last_3y": -69.23,
            "at_2009_last_3y": -53.85,
            "at_2010_last_3y": -33.48,
            "at_2011_last_3y": -58.69,
            "at_2012_last_3y": -58.69,
            "at_2013_last_3y": -58.69,
            "at_2014_last_3y": -89.44,
            "at_2015_last_3y": -28.33,
            "at_2016_last_3y": 25.63,
            "at_2017_last_3y": 37.61,
            "at_2018_last_3y": 40.21,
            "at_2019_last_3y": -9.79,
            "at_2020_last_3y": -33.68,
            "at_2021_last_3y": -87.29,
            "at_2022_last_3y": -100,
            "at_2023_last_3y": -100,
            "at_2024_last_3y": -100,
            "at_2006_last_all": 9.84,
            "at_2007_last_all": 6.33,
            "at_2008_last_all": -11.39,
            "at_2009_last_all": -11.39,
            "at_2010_last_all": -8.72,
            "at_2011_last_all": -18.05,
            "at_2012_last_all": -27.16,
            "at_2013_last_all": -27.16,
            "at_2014_last_all": -32.94,
            "at_2015_last_all": -20.86,
            "at_2016_last_all": -13.96,
            "at_2017_last_all": -7.23,
            "at_2018_last_all": -12.04,
            "at_2019_last_all": -17.9,
            "at_2020_last_all": -17.9,
            "at_2021_last_all": -17.9,
            "at_2022_last_all": -23.03,
            "at_2023_last_all": -23.03,
            "at_2024_last_all": -23.03
        },
        "latest_eps": -0.71,
        "latest_price": 10.2,
        "latest_roe": -5.86,
        "latest_gross_margin": -4.72,
        "latest_equity": 6260606,
        "latest_revenue": 1925057,
        "latest_gross_profit": -90959,
        "latest_net_income": -86146,
        "latest_debt_ratio": 35.93,
        "latest_current_ratio": 184.46,
        "latest_account_receivable_turnover_ratio": 1.91,
        "latest_inventory_turnover_ratio": 1.1,
        "latest_reinvestment_rate": 27.26,
        "latest_research_to_sale_ratio": 0.93
    },
    "eps_dividends": {
        "1992": {
            "cash": 0,
            "stock": 4.4,
            "eps": 0
        },
        "1993": {
            "cash": 0,
            "stock": 2.3,
            "eps": 0
        },
        "1994": {
            "cash": 0,
            "stock": 2,
            "eps": 0
        },
        "1995": {
            "cash": 0,
            "stock": 2,
            "eps": 0
        },
        "1996": {
            "cash": 0,
            "stock": 1.5,
            "eps": 0
        },
        "1997": {
            "cash": 0,
            "stock": 2,
            "eps": 0
        },
        "1998": {
            "cash": 0,
            "stock": 2,
            "eps": 0
        },
        "1999": {
            "cash": 0,
            "stock": 1.4,
            "eps": 0
        },
        "2000": {
            "cash": 0,
            "stock": 0.6,
            "eps": 0
        },
        "2001": {
            "cash": 0.1,
            "stock": 0,
            "eps": 0.29
        },
        "2002": {
            "cash": 0.2,
            "stock": 0,
            "eps": 1.24
        },
        "2003": {
            "cash": 0.4,
            "stock": 0.4,
            "eps": 0.61
        },
        "2004": {
            "cash": 0.2,
            "stock": 0.4,
            "eps": 1.16
        },
        "2005": {
            "cash": 0.25,
            "stock": 0.75,
            "eps": -0.37
        },
        "2006": {
            "cash": 0.1,
            "stock": 0,
            "eps": 0.39
        },
        "2007": {
            "cash": 0.12,
            "stock": 0.18,
            "eps": 0.36
        },
        "2008": {
            "cash": 0.12,
            "stock": 0.18,
            "eps": -2.38
        },
        "2009": {
            "cash": 0,
            "stock": 0,
            "eps": 1.79
        },
        "2010": {
            "cash": 0.1,
            "stock": 0.15,
            "eps": 1.92
        },
        "2011": {
            "cash": 0.7,
            "stock": 0.7,
            "eps": 0.32
        },
        "2012": {
            "cash": 0,
            "stock": 0,
            "eps": -0.1
        },
        "2013": {
            "cash": 0,
            "stock": 0.1,
            "eps": 0.6
        },
        "2014": {
            "cash": 0.2,
            "stock": 0,
            "eps": 0.09
        },
        "2015": {
            "cash": 0.2,
            "stock": 0,
            "eps": 0.21
        },
        "2016": {
            "cash": 0.2,
            "stock": 0,
            "eps": 0.34
        },
        "2017": {
            "cash": 0.3,
            "stock": 0,
            "eps": 0.59
        },
        "2018": {
            "cash": 0.4,
            "stock": 0,
            "eps": 0.15
        },
        "2019": {
            "cash": 0.2,
            "stock": 0,
            "eps": -0.49
        },
        "2020": {
            "cash": 0,
            "stock": 0,
            "eps": 0
        },
        "2021": {
            "cash": 0.3,
            "stock": 0,
            "eps": 1.73
        },
        "2022": {
            "cash": 0.8,
            "stock": 0,
            "eps": -0.53
        },
        "2023": {
            "cash": 0.1,
            "stock": 0,
            "eps": -0.52
        }
    },
    "dividends": {
        "1992-04-10": {
            "cash": 0,
            "stock": 4.4
        },
        "1993-04-28": {
            "cash": 0,
            "stock": 2.3
        },
        "1994-05-02": {
            "cash": 0,
            "stock": 2
        },
        "1995-04-17": {
            "cash": 0,
            "stock": 2
        },
        "1996-06-04": {
            "cash": 0,
            "stock": 1.5
        },
        "1997-04-26": {
            "cash": 0,
            "stock": 2
        },
        "1998-04-28": {
            "cash": 0,
            "stock": 2
        },
        "1999-05-27": {
            "cash": 0,
            "stock": 1.4
        },
        "2000-05-22": {
            "cash": 0,
            "stock": 0.6
        },
        "2001-06-13": {
            "cash": 0.1,
            "stock": 0
        },
        "2002-06-12": {
            "cash": 0.2,
            "stock": 0
        },
        "2003-03-19": {
            "cash": 0.4,
            "stock": 0.4
        },
        "2004-03-05": {
            "cash": 0.2,
            "stock": 0.4
        },
        "2005-03-11": {
            "cash": 0.25,
            "stock": 0.75
        },
        "2006-03-17": {
            "cash": 0.1,
            "stock": 0
        },
        "2007-04-25": {
            "cash": 0.12,
            "stock": 0.18
        },
        "2008-03-21": {
            "cash": 0.12,
            "stock": 0.18
        },
        "2010-04-22": {
            "cash": 0.1,
            "stock": 0.15
        },
        "2011-01-01": {
            "cash": 0.1,
            "stock": 0.1
        },
        "2011-03-11": {
            "cash": 0.6,
            "stock": 0.6
        },
        "2013-04-25": {
            "cash": 0,
            "stock": 0.1
        },
        "2014-06-23": {
            "cash": 0.2,
            "stock": 0
        },
        "2015-08-03": {
            "cash": 0.2,
            "stock": 0
        },
        "2016-08-19": {
            "cash": 0.2,
            "stock": 0
        },
        "2017-08-23": {
            "cash": 0.3,
            "stock": 0
        },
        "2018-08-17": {
            "cash": 0.4,
            "stock": 0
        },
        "2019-08-21": {
            "cash": 0.2,
            "stock": 0
        },
        "2021-09-08": {
            "cash": 0.3,
            "stock": 0
        },
        "2022-09-08": {
            "cash": 0.8,
            "stock": 0
        },
        "2023-07-06": {
            "cash": 0.1,
            "stock": 0
        }
    },
    "prices": {
        "200101": "4.31",
        "200102": "4.86",
        "200103": "4.83",
        "200104": "5.32",
        "200105": "4.12",
        "200106": "4.10",
        "200107": "3.79",
        "200108": "4.39",
        "200109": "5.44",
        "200110": "4.36",
        "200111": "4.78",
        "200112": "5.32",
        "200201": "6.36",
        "200202": "6.50",
        "200203": "9.80",
        "200204": "10.11",
        "200205": "10.39",
        "200206": "9.96",
        "200207": "9.78",
        "200208": "10.97",
        "200209": "9.80",
        "200210": "9.37",
        "200211": "10.88",
        "200212": "12.05",
        "200301": "15.28",
        "200302": "12.67",
        "200303": "10.76",
        "200304": "10.16",
        "200305": "8.42",
        "200306": "9.78",
        "200307": "10.38",
        "200308": "9.92",
        "200309": "9.40",
        "200310": "10.50",
        "200311": "11.20",
        "200312": "11.22",
        "200401": "12.77",
        "200402": "12.10",
        "200403": "11.66",
        "200404": "10.66",
        "200405": "9.38",
        "200406": "9.10",
        "200407": "8.96",
        "200408": "9.32",
        "200409": "11.37",
        "200410": "10.91",
        "200411": "11.27",
        "200412": "11.63",
        "200501": "11.27",
        "200502": "11.07",
        "200503": "10.61",
        "200504": "9.95",
        "200505": "8.99",
        "200506": "9.27",
        "200507": "9.12",
        "200508": "8.13",
        "200509": "7.04",
        "200510": "6.53",
        "200511": "6.21",
        "200512": "6.85",
        "200601": "7.03",
        "200602": "6.59",
        "200603": "5.93",
        "200604": "6.27",
        "200605": "6.57",
        "200606": "5.97",
        "200607": "5.92",
        "200608": "6.06",
        "200609": "6.07",
        "200610": "6.71",
        "200611": "7.18",
        "200612": "8.30",
        "200701": "7.92",
        "200702": "8.10",
        "200703": "8.29",
        "200704": "9.05",
        "200705": "8.75",
        "200706": "8.61",
        "200707": "9.63",
        "200708": "10.10",
        "200709": "9.63",
        "200710": "9.74",
        "200711": "7.91",
        "200712": "7.37",
        "200801": "7.29",
        "200802": "7.45",
        "200803": "8.03",
        "200804": "8.48",
        "200805": "8.41",
        "200806": "7.33",
        "200807": "5.80",
        "200808": "5.58",
        "200809": "4.77",
        "200810": "3.94",
        "200811": "3.74",
        "200812": "3.83",
        "200901": "3.78",
        "200902": "3.64",
        "200903": "4.08",
        "200904": "4.78",
        "200905": "5.15",
        "200906": "5.13",
        "200907": "5.91",
        "200908": "8.45",
        "200909": "9.04",
        "200910": "11.74",
        "200911": "13.02",
        "200912": "13.02",
        "201001": "13.48",
        "201002": "12.08",
        "201003": "13.64",
        "201004": "15.50",
        "201005": "15.21",
        "201006": "13.99",
        "201007": "13.31",
        "201008": "14.95",
        "201009": "15.60",
        "201010": "16.35",
        "201011": "15.46",
        "201012": "15.80",
        "201101": "17.23",
        "201102": "20.24",
        "201103": "19.74",
        "201104": "21.23",
        "201105": "18.40",
        "201106": "17.22",
        "201107": "18.04",
        "201108": "18.93",
        "201109": "16.15",
        "201110": "13.98",
        "201111": "13.44",
        "201112": "11.02",
        "201201": "12.67",
        "201202": "14.09",
        "201203": "13.01",
        "201204": "10.31",
        "201205": "10.36",
        "201206": "9.33",
        "201207": "9.64",
        "201208": "10.35",
        "201209": "10.51",
        "201210": "10.30",
        "201211": "8.26",
        "201212": "9.40",
        "201301": "9.79",
        "201302": "9.93",
        "201303": "9.79",
        "201304": "8.90",
        "201305": "9.10",
        "201306": "9.54",
        "201307": "9.95",
        "201308": "9.66",
        "201309": "9.80",
        "201310": "10.65",
        "201311": "10.24",
        "201312": "10.37",
        "201401": "10.35",
        "201402": "10.06",
        "201403": "9.88",
        "201404": "9.70",
        "201405": "9.47",
        "201406": "9.42",
        "201407": "9.26",
        "201408": "8.76",
        "201409": "8.73",
        "201410": "8.45",
        "201411": "8.24",
        "201412": "8.58",
        "201501": "9.05",
        "201502": "8.98",
        "201503": "9.06",
        "201504": "10.04",
        "201505": "11.45",
        "201506": "13.89",
        "201507": "12.82",
        "201508": "10.28",
        "201509": "10.38",
        "201510": "10.21",
        "201511": "8.72",
        "201512": "8.04",
        "201601": "8.19",
        "201602": "8.83",
        "201603": "9.33",
        "201604": "8.94",
        "201605": "8.08",
        "201606": "8.07",
        "201607": "8.37",
        "201608": "8.83",
        "201609": "8.44",
        "201610": "8.19",
        "201611": "8.52",
        "201612": "9.58",
        "201701": "9.69",
        "201702": "11.12",
        "201703": "11.03",
        "201704": "9.61",
        "201705": "8.85",
        "201706": "9.01",
        "201707": "9.56",
        "201708": "9.06",
        "201709": "9.54",
        "201710": "12.06",
        "201711": "12.19",
        "201712": "12.28",
        "201801": "12.33",
        "201802": "10.83",
        "201803": "10.62",
        "201804": "10.49",
        "201805": "10.66",
        "201806": "10.73",
        "201807": "10.06",
        "201808": "10.35",
        "201809": "10.43",
        "201810": "9.66",
        "201811": "9.15",
        "201812": "9.08",
        "201901": "8.91",
        "201902": "9.17",
        "201903": "9.23",
        "201904": "8.96",
        "201905": "8.81",
        "201906": "8.89",
        "201907": "8.97",
        "201908": "8.51",
        "201909": "8.62",
        "201910": "8.36",
        "201911": "7.97",
        "201912": "8.00",
        "202001": "7.83",
        "202002": "7.24",
        "202003": "5.83",
        "202004": "7.19",
        "202005": "7.12",
        "202006": "7.21",
        "202007": "6.97",
        "202008": "7.71",
        "202009": "8.85",
        "202010": "8.44",
        "202011": "8.72",
        "202012": "10.10",
        "202101": "9.73",
        "202102": "9.87",
        "202103": "11.46",
        "202104": "15.93",
        "202105": "21.45",
        "202106": "25.16",
        "202107": "22.12",
        "202108": "19.98",
        "202109": "18.73",
        "202110": "17.67",
        "202111": "16.77",
        "202112": "16.62",
        "202201": "15.62",
        "202202": "15.95",
        "202203": "16.10",
        "202204": "15.47",
        "202205": "13.28",
        "202206": "12.41",
        "202207": "11.23",
        "202208": "10.87",
        "202209": "10.20",
        "202210": "9.56",
        "202211": "10.33",
        "202212": "10.48",
        "202301": "10.54",
        "202302": "10.89",
        "202303": "10.88",
        "202304": "10.61",
        "202305": "10.40",
        "202306": "10.46",
        "202307": "10.14",
        "202308": "9.63",
        "202309": "9.75",
        "202310": "9.87",
        "202311": "10.71",
        "202312": "11.26"
    },
    "quarters": {
        "20011": {
            "year_quarter": 20011,
            "year": 2001,
            "quarter": 1,
            "eps": 0.16,
            "eps_growth_year": -78.38,
            "eps_4q": -0.49,
            "eps_4q_growth_year": -143.65,
            "roe": 1.32,
            "roe_4q": 1.32,
            "gross_profit": 89883,
            "gross_margin": 7.98,
            "gross_margin_4q_avg": 7.98,
            "net_income": 65642,
            "net_income_4q": null,
            "revenue": 1125930,
            "revenue_4q": null,
            "common_shares": 4060224,
            "book_valuer_per_share": 12.35,
            "book_valuer_per_share_4q_avg": 12.35,
            "equity": 5015265,
            "current_ratio": 126.56,
            "debt_ratio": 38.98,
            "inventory_turnover_ratio": 2.44,
            "account_receivable_turnover_ratio": null,
            "reinvestment_rate": null,
            "research_to_sale_ratio": null,
            "price_fair": 0,
            "eps_avg_yearly": 0,
            "eps_latest_yearly": 0,
            "eps_growth_yearly": 0
        },
        "20012": {
            "year_quarter": 20012,
            "year": 2001,
            "quarter": 2,
            "eps": 0.08,
            "eps_growth_year": null,
            "eps_4q": -0.3,
            "eps_4q_growth_year": -141.22,
            "roe": 0.62,
            "roe_4q": 1.94,
            "gross_profit": 79582,
            "gross_margin": 5.76,
            "gross_margin_4q_avg": 6.87,
            "net_income": 31104,
            "net_income_4q": null,
            "revenue": 1381034,
            "revenue_4q": null,
            "common_shares": 4060224,
            "book_valuer_per_share": 12.32,
            "book_valuer_per_share_4q_avg": 12.34,
            "equity": 5003631,
            "current_ratio": 99.22,
            "debt_ratio": 40.63,
            "inventory_turnover_ratio": 2.3,
            "account_receivable_turnover_ratio": null,
            "reinvestment_rate": null,
            "research_to_sale_ratio": null,
            "price_fair": 0,
            "eps_avg_yearly": 0,
            "eps_latest_yearly": 0,
            "eps_growth_yearly": 0
        },
        "20013": {
            "year_quarter": 20013,
            "year": 2001,
            "quarter": 3,
            "eps": 0.01,
            "eps_growth_year": null,
            "eps_4q": 0.03,
            "eps_4q_growth_year": -91.89,
            "roe": 0.07,
            "roe_4q": 2.01,
            "gross_profit": 45172,
            "gross_margin": 3.42,
            "gross_margin_4q_avg": 5.72,
            "net_income": 3405,
            "net_income_4q": null,
            "revenue": 1319773,
            "revenue_4q": null,
            "common_shares": 4060224,
            "book_valuer_per_share": 12.33,
            "book_valuer_per_share_4q_avg": 12.33,
            "equity": 5007034,
            "current_ratio": 102.28,
            "debt_ratio": 37.11,
            "inventory_turnover_ratio": 1.76,
            "account_receivable_turnover_ratio": null,
            "reinvestment_rate": null,
            "research_to_sale_ratio": null,
            "price_fair": 0,
            "eps_avg_yearly": 0,
            "eps_latest_yearly": 0,
            "eps_growth_yearly": 0
        },
        "20014": {
            "year_quarter": 20014,
            "year": 2001,
            "quarter": 4,
            "eps": 0.04,
            "eps_growth_year": null,
            "eps_4q": 0.26,
            "eps_4q_growth_year": 549.4,
            "roe": 0.36,
            "roe_4q": 2.37,
            "gross_profit": 47653,
            "gross_margin": 3.58,
            "gross_margin_4q_avg": 5.19,
            "net_income": 18229,
            "net_income_4q": null,
            "revenue": 1331568,
            "revenue_4q": null,
            "common_shares": 4060224,
            "book_valuer_per_share": 12.38,
            "book_valuer_per_share_4q_avg": 12.35,
            "equity": 5025265,
            "current_ratio": 88.53,
            "debt_ratio": 33.22,
            "inventory_turnover_ratio": 1.94,
            "account_receivable_turnover_ratio": null,
            "reinvestment_rate": null,
            "research_to_sale_ratio": null,
            "price_fair": 0,
            "eps_avg_yearly": 0,
            "eps_latest_yearly": 0,
            "eps_growth_yearly": 0
        },
        "20021": {
            "year_quarter": 20021,
            "year": 2002,
            "quarter": 1,
            "eps": 0.33,
            "eps_growth_year": 106.25,
            "eps_4q": 0.46,
            "eps_4q_growth_year": null,
            "roe": 2.64,
            "roe_4q": 3.69,
            "gross_profit": 131632,
            "gross_margin": 8.42,
            "gross_margin_4q_avg": 5.3,
            "net_income": 134488,
            "net_income_4q": null,
            "revenue": 1563067,
            "revenue_4q": null,
            "common_shares": 4060224,
            "book_valuer_per_share": 12.71,
            "book_valuer_per_share_4q_avg": 12.44,
            "equity": 5159753,
            "current_ratio": 74.83,
            "debt_ratio": 32.01,
            "inventory_turnover_ratio": 2.57,
            "account_receivable_turnover_ratio": null,
            "reinvestment_rate": null,
            "research_to_sale_ratio": null,
            "price_fair": 46.2,
            "eps_avg_yearly": 1.32,
            "eps_latest_yearly": 1.32,
            "eps_growth_yearly": 2900
        },
        "20022": {
            "year_quarter": 20022,
            "year": 2002,
            "quarter": 2,
            "eps": 0.45,
            "eps_growth_year": 462.5,
            "eps_4q": 0.83,
            "eps_4q_growth_year": null,
            "roe": 3.55,
            "roe_4q": 6.62,
            "gross_profit": 250352,
            "gross_margin": 15.91,
            "gross_margin_4q_avg": 7.83,
            "net_income": 184695,
            "net_income_4q": null,
            "revenue": 1573785,
            "revenue_4q": null,
            "common_shares": 4060224,
            "book_valuer_per_share": 12.95,
            "book_valuer_per_share_4q_avg": 12.59,
            "equity": 5258969,
            "current_ratio": 111.91,
            "debt_ratio": 29.57,
            "inventory_turnover_ratio": 2.39,
            "account_receivable_turnover_ratio": null,
            "reinvestment_rate": null,
            "research_to_sale_ratio": null,
            "price_fair": 54.6,
            "eps_avg_yearly": 1.56,
            "eps_latest_yearly": 1.8,
            "eps_growth_yearly": 1522.73
        },
        "20023": {
            "year_quarter": 20023,
            "year": 2002,
            "quarter": 3,
            "eps": 0.32,
            "eps_growth_year": 3100,
            "eps_4q": 1.16,
            "eps_4q_growth_year": 4016.88,
            "roe": 2.41,
            "roe_4q": 8.959999999999999,
            "gross_profit": 163861,
            "gross_margin": 11.23,
            "gross_margin_4q_avg": 9.79,
            "net_income": 128341,
            "net_income_4q": null,
            "revenue": 1458695,
            "revenue_4q": null,
            "common_shares": 4060224,
            "book_valuer_per_share": 13.28,
            "book_valuer_per_share_4q_avg": 12.83,
            "equity": 5390966,
            "current_ratio": 100,
            "debt_ratio": 30.86,
            "inventory_turnover_ratio": 1.78,
            "account_receivable_turnover_ratio": null,
            "reinvestment_rate": null,
            "research_to_sale_ratio": null,
            "price_fair": 51.33,
            "eps_avg_yearly": 1.47,
            "eps_latest_yearly": 1.28,
            "eps_growth_yearly": 976.63
        },
        "20024": {
            "year_quarter": 20024,
            "year": 2002,
            "quarter": 4,
            "eps": 0.14,
            "eps_growth_year": 250,
            "eps_4q": 1.27,
            "eps_4q_growth_year": 387.26,
            "roe": 1.03,
            "roe_4q": 9.63,
            "gross_profit": 133846,
            "gross_margin": 8.18,
            "gross_margin_4q_avg": 10.94,
            "net_income": 55656,
            "net_income_4q": null,
            "revenue": 1636615,
            "revenue_4q": null,
            "common_shares": 4060224,
            "book_valuer_per_share": 13.41,
            "book_valuer_per_share_4q_avg": 13.09,
            "equity": 5445586,
            "current_ratio": 111.97,
            "debt_ratio": 29.16,
            "inventory_turnover_ratio": 1.7,
            "account_receivable_turnover_ratio": null,
            "reinvestment_rate": 18.27,
            "research_to_sale_ratio": null,
            "price_fair": 43.4,
            "eps_avg_yearly": 1.24,
            "eps_latest_yearly": 0.56,
            "eps_growth_yearly": 676.22
        },
        "20031": {
            "year_quarter": 20031,
            "year": 2003,
            "quarter": 1,
            "eps": 0.13,
            "eps_growth_year": -60.61,
            "eps_4q": 1.05,
            "eps_4q_growth_year": 128.4,
            "roe": 0.95,
            "roe_4q": 7.94,
            "gross_profit": 148013,
            "gross_margin": 8.3,
            "gross_margin_4q_avg": 10.91,
            "net_income": 52139,
            "net_income_4q": null,
            "revenue": 1782894,
            "revenue_4q": null,
            "common_shares": 4060224,
            "book_valuer_per_share": 13.54,
            "book_valuer_per_share_4q_avg": 13.3,
            "equity": 5497725,
            "current_ratio": 123.73,
            "debt_ratio": 28.37,
            "inventory_turnover_ratio": 1.78,
            "account_receivable_turnover_ratio": null,
            "reinvestment_rate": -56,
            "research_to_sale_ratio": null,
            "price_fair": 38.36,
            "eps_avg_yearly": 1.1,
            "eps_latest_yearly": 0.52,
            "eps_growth_yearly": 535.27
        },
        "20032": {
            "year_quarter": 20032,
            "year": 2003,
            "quarter": 2,
            "eps": 0.18,
            "eps_growth_year": -60,
            "eps_4q": 0.77,
            "eps_4q_growth_year": -7.66,
            "roe": 1.33,
            "roe_4q": 5.720000000000001,
            "gross_profit": 116507,
            "gross_margin": 6.74,
            "gross_margin_4q_avg": 8.61,
            "net_income": 72435,
            "net_income_4q": null,
            "revenue": 1728826,
            "revenue_4q": null,
            "common_shares": 4060224,
            "book_valuer_per_share": 13.27,
            "book_valuer_per_share_4q_avg": 13.38,
            "equity": 5389897,
            "current_ratio": 120.19,
            "debt_ratio": 28.19,
            "inventory_turnover_ratio": 1.9,
            "account_receivable_turnover_ratio": null,
            "reinvestment_rate": -47.01,
            "research_to_sale_ratio": null,
            "price_fair": 36.17,
            "eps_avg_yearly": 1.03,
            "eps_latest_yearly": 0.72,
            "eps_growth_yearly": 471.7
        },
        "20033": {
            "year_quarter": 20033,
            "year": 2003,
            "quarter": 3,
            "eps": 0.23,
            "eps_growth_year": -28.12,
            "eps_4q": 0.65,
            "eps_4q_growth_year": -43.68,
            "roe": 1.8,
            "roe_4q": 5.11,
            "gross_profit": 106921,
            "gross_margin": 6.37,
            "gross_margin_4q_avg": 7.4,
            "net_income": 97746,
            "net_income_4q": null,
            "revenue": 1679001,
            "revenue_4q": null,
            "common_shares": 4222633,
            "book_valuer_per_share": 12.98,
            "book_valuer_per_share_4q_avg": 13.3,
            "equity": 5482985,
            "current_ratio": 134.15,
            "debt_ratio": 25.34,
            "inventory_turnover_ratio": 2.1,
            "account_receivable_turnover_ratio": null,
            "reinvestment_rate": -107.82,
            "research_to_sale_ratio": null,
            "price_fair": 35.6,
            "eps_avg_yearly": 1.02,
            "eps_latest_yearly": 0.92,
            "eps_growth_yearly": 420.18
        },
        "20034": {
            "year_quarter": 20034,
            "year": 2003,
            "quarter": 4,
            "eps": 0.07,
            "eps_growth_year": -50,
            "eps_4q": 0.63,
            "eps_4q_growth_year": -50.38,
            "roe": 0.51,
            "roe_4q": 4.59,
            "gross_profit": 117951,
            "gross_margin": 7.36,
            "gross_margin_4q_avg": 7.19,
            "net_income": 27884,
            "net_income_4q": null,
            "revenue": 1601603,
            "revenue_4q": null,
            "common_shares": 4222633,
            "book_valuer_per_share": 13.05,
            "book_valuer_per_share_4q_avg": 13.21,
            "equity": 5512467,
            "current_ratio": 137.83,
            "debt_ratio": 27.05,
            "inventory_turnover_ratio": 1.7,
            "account_receivable_turnover_ratio": null,
            "reinvestment_rate": -132.48,
            "research_to_sale_ratio": null,
            "price_fair": 32.38,
            "eps_avg_yearly": 0.93,
            "eps_latest_yearly": 0.28,
            "eps_growth_yearly": 332.88
        },
        "20041": {
            "year_quarter": 20041,
            "year": 2004,
            "quarter": 1,
            "eps": 0.27,
            "eps_growth_year": 107.69,
            "eps_4q": 0.73,
            "eps_4q_growth_year": -30.2,
            "roe": 2.08,
            "roe_4q": 5.72,
            "gross_profit": 143376,
            "gross_margin": 7.13,
            "gross_margin_4q_avg": 6.9,
            "net_income": 115661,
            "net_income_4q": null,
            "revenue": 2010475,
            "revenue_4q": null,
            "common_shares": 4222633,
            "book_valuer_per_share": 13.32,
            "book_valuer_per_share_4q_avg": 13.16,
            "equity": 5623948,
            "current_ratio": 146.07,
            "debt_ratio": 26.08,
            "inventory_turnover_ratio": 1.94,
            "account_receivable_turnover_ratio": null,
            "reinvestment_rate": -175.41,
            "research_to_sale_ratio": null,
            "price_fair": 32.98,
            "eps_avg_yearly": 0.94,
            "eps_latest_yearly": 1.08,
            "eps_growth_yearly": 422.88
        },
        "20042": {
            "year_quarter": 20042,
            "year": 2004,
            "quarter": 2,
            "eps": 0.17,
            "eps_growth_year": -5.56,
            "eps_4q": 0.75,
            "eps_4q_growth_year": -2.02,
            "roe": 1.26,
            "roe_4q": 5.6499999999999995,
            "gross_profit": 191432,
            "gross_margin": 9.64,
            "gross_margin_4q_avg": 7.63,
            "net_income": 70562,
            "net_income_4q": null,
            "revenue": 1984953,
            "revenue_4q": null,
            "common_shares": 4222633,
            "book_valuer_per_share": 13.27,
            "book_valuer_per_share_4q_avg": 13.16,
            "equity": 5602198,
            "current_ratio": 130.99,
            "debt_ratio": 25.33,
            "inventory_turnover_ratio": 1.96,
            "account_receivable_turnover_ratio": null,
            "reinvestment_rate": -146.94,
            "research_to_sale_ratio": null,
            "price_fair": 32.06,
            "eps_avg_yearly": 0.92,
            "eps_latest_yearly": 0.68,
            "eps_growth_yearly": 365.77
        },
        "20043": {
            "year_quarter": 20043,
            "year": 2004,
            "quarter": 3,
            "eps": 0.44,
            "eps_growth_year": 91.3,
            "eps_4q": 0.93,
            "eps_4q_growth_year": 42.15,
            "roe": 3.37,
            "roe_4q": 7.22,
            "gross_profit": 209190,
            "gross_margin": 9.52,
            "gross_margin_4q_avg": 8.41,
            "net_income": 192331,
            "net_income_4q": null,
            "revenue": 2197243,
            "revenue_4q": null,
            "common_shares": 4391538,
            "book_valuer_per_share": 13.2,
            "book_valuer_per_share_4q_avg": 13.21,
            "equity": 5795499,
            "current_ratio": 131.99,
            "debt_ratio": 29.06,
            "inventory_turnover_ratio": 1.88,
            "account_receivable_turnover_ratio": null,
            "reinvestment_rate": -94.27,
            "research_to_sale_ratio": null,
            "price_fair": 34.75,
            "eps_avg_yearly": 0.99,
            "eps_latest_yearly": 1.76,
            "eps_growth_yearly": 390.28
        },
        "20044": {
            "year_quarter": 20044,
            "year": 2004,
            "quarter": 4,
            "eps": 0.28,
            "eps_growth_year": 300,
            "eps_4q": 1.14,
            "eps_4q_growth_year": 81.54,
            "roe": 2.1,
            "roe_4q": 8.81,
            "gross_profit": 264103,
            "gross_margin": 12.31,
            "gross_margin_4q_avg": 9.65,
            "net_income": 123207,
            "net_income_4q": null,
            "revenue": 2146084,
            "revenue_4q": null,
            "common_shares": 4391538,
            "book_valuer_per_share": 13.46,
            "book_valuer_per_share_4q_avg": 13.31,
            "equity": 5910802,
            "current_ratio": 110.96,
            "debt_ratio": 33.65,
            "inventory_turnover_ratio": 1.3,
            "account_receivable_turnover_ratio": null,
            "reinvestment_rate": -35.37,
            "research_to_sale_ratio": null,
            "price_fair": 35.12,
            "eps_avg_yearly": 1,
            "eps_latest_yearly": 1.12,
            "eps_growth_yearly": 345.63
        },
        "20051": {
            "year_quarter": 20051,
            "year": 2005,
            "quarter": 1,
            "eps": 0.08,
            "eps_growth_year": -70.37,
            "eps_4q": 1,
            "eps_4q_growth_year": 36.41,
            "roe": 0.57,
            "roe_4q": 7.3,
            "gross_profit": 73962,
            "gross_margin": 3.17,
            "gross_margin_4q_avg": 8.66,
            "net_income": 33609,
            "net_income_4q": null,
            "revenue": 2336702,
            "revenue_4q": null,
            "common_shares": 4391538,
            "book_valuer_per_share": 13.54,
            "book_valuer_per_share_4q_avg": 13.37,
            "equity": 5943997,
            "current_ratio": 104.9,
            "debt_ratio": 36.63,
            "inventory_turnover_ratio": 1.3,
            "account_receivable_turnover_ratio": null,
            "reinvestment_rate": -18.23,
            "research_to_sale_ratio": null,
            "price_fair": 33.28,
            "eps_avg_yearly": 0.95,
            "eps_latest_yearly": 0.32,
            "eps_growth_yearly": 297.07
        },
        "20052": {
            "year_quarter": 20052,
            "year": 2005,
            "quarter": 2,
            "eps": -0.04,
            "eps_growth_year": -123.53,
            "eps_4q": 0.76,
            "eps_4q_growth_year": 0.72,
            "roe": -0.29,
            "roe_4q": 5.75,
            "gross_profit": 95735,
            "gross_margin": 4.36,
            "gross_margin_4q_avg": 7.34,
            "net_income": -16830,
            "net_income_4q": null,
            "revenue": 2197884,
            "revenue_4q": null,
            "common_shares": 4391538,
            "book_valuer_per_share": 13.19,
            "book_valuer_per_share_4q_avg": 13.35,
            "equity": 5794466,
            "current_ratio": 139.3,
            "debt_ratio": 37.89,
            "inventory_turnover_ratio": 1.26,
            "account_receivable_turnover_ratio": null,
            "reinvestment_rate": 16.66,
            "research_to_sale_ratio": null,
            "price_fair": 33.28,
            "eps_avg_yearly": 0.95,
            "eps_latest_yearly": 0.32,
            "eps_growth_yearly": 297.07
        },
        "20053": {
            "year_quarter": 20053,
            "year": 2005,
            "quarter": 3,
            "eps": -0.01,
            "eps_growth_year": -102.27,
            "eps_4q": 0.29,
            "eps_4q_growth_year": -68.66,
            "roe": -0.04,
            "roe_4q": 2.34,
            "gross_profit": 72874,
            "gross_margin": 3.25,
            "gross_margin_4q_avg": 5.77,
            "net_income": -2435,
            "net_income_4q": null,
            "revenue": 2241225,
            "revenue_4q": null,
            "common_shares": 4720904,
            "book_valuer_per_share": 12.28,
            "book_valuer_per_share_4q_avg": 13.12,
            "equity": 5795701,
            "current_ratio": 127.45,
            "debt_ratio": 39.52,
            "inventory_turnover_ratio": 1.31,
            "account_receivable_turnover_ratio": null,
            "reinvestment_rate": 39.86,
            "research_to_sale_ratio": null,
            "price_fair": 33.28,
            "eps_avg_yearly": 0.95,
            "eps_latest_yearly": 0.32,
            "eps_growth_yearly": 297.07
        },
        "20054": {
            "year_quarter": 20054,
            "year": 2005,
            "quarter": 4,
            "eps": -0.4,
            "eps_growth_year": -242.86,
            "eps_4q": -0.37,
            "eps_4q_growth_year": -132.41,
            "roe": -3.34,
            "roe_4q": -3.1,
            "gross_profit": -15187,
            "gross_margin": -0.65,
            "gross_margin_4q_avg": 2.53,
            "net_income": -191015,
            "net_income_4q": null,
            "revenue": 2347648,
            "revenue_4q": null,
            "common_shares": 4720904,
            "book_valuer_per_share": 11.94,
            "book_valuer_per_share_4q_avg": 12.74,
            "equity": 5637259,
            "current_ratio": 110.63,
            "debt_ratio": 42.33,
            "inventory_turnover_ratio": 1.48,
            "account_receivable_turnover_ratio": null,
            "reinvestment_rate": 95.94,
            "research_to_sale_ratio": null,
            "price_fair": 33.28,
            "eps_avg_yearly": 0.95,
            "eps_latest_yearly": 0.32,
            "eps_growth_yearly": 297.07
        },
        "20061": {
            "year_quarter": 20061,
            "year": 2006,
            "quarter": 1,
            "eps": 0.06,
            "eps_growth_year": -25,
            "eps_4q": -0.38,
            "eps_4q_growth_year": -137.67,
            "roe": 0.51,
            "roe_4q": -3.16,
            "gross_profit": 91899,
            "gross_margin": 4.22,
            "gross_margin_4q_avg": 2.8,
            "net_income": 28917,
            "net_income_4q": null,
            "revenue": 2176007,
            "revenue_4q": null,
            "common_shares": 4720904,
            "book_valuer_per_share": 11.99,
            "book_valuer_per_share_4q_avg": 12.35,
            "equity": 5661570,
            "current_ratio": 93.38,
            "debt_ratio": 45.29,
            "inventory_turnover_ratio": 1.45,
            "account_receivable_turnover_ratio": null,
            "reinvestment_rate": 168.85,
            "research_to_sale_ratio": null,
            "price_fair": 32.2,
            "eps_avg_yearly": 0.92,
            "eps_latest_yearly": 0.32,
            "eps_growth_yearly": 80.15
        },
        "20062": {
            "year_quarter": 20062,
            "year": 2006,
            "quarter": 2,
            "eps": 0,
            "eps_growth_year": null,
            "eps_4q": -0.35,
            "eps_4q_growth_year": -145.65,
            "roe": 0.03,
            "roe_4q": -2.84,
            "gross_profit": 102873,
            "gross_margin": 3.54,
            "gross_margin_4q_avg": 2.59,
            "net_income": 1466,
            "net_income_4q": null,
            "revenue": 2907263,
            "revenue_4q": null,
            "common_shares": 4720904,
            "book_valuer_per_share": 11.9,
            "book_valuer_per_share_4q_avg": 12.03,
            "equity": 5616888,
            "current_ratio": 123.34,
            "debt_ratio": 48.49,
            "inventory_turnover_ratio": 1.49,
            "account_receivable_turnover_ratio": null,
            "reinvestment_rate": 119.39,
            "research_to_sale_ratio": null,
            "price_fair": 29.4,
            "eps_avg_yearly": 0.84,
            "eps_latest_yearly": 0.32,
            "eps_growth_yearly": 74.22
        },
        "20063": {
            "year_quarter": 20063,
            "year": 2006,
            "quarter": 3,
            "eps": 0.2,
            "eps_growth_year": null,
            "eps_4q": -0.14,
            "eps_4q_growth_year": -147.06,
            "roe": 1.68,
            "roe_4q": -1.12,
            "gross_profit": 212845,
            "gross_margin": 6.4,
            "gross_margin_4q_avg": 3.38,
            "net_income": 95296,
            "net_income_4q": null,
            "revenue": 3325598,
            "revenue_4q": null,
            "common_shares": 4720904,
            "book_valuer_per_share": 12.1,
            "book_valuer_per_share_4q_avg": 11.98,
            "equity": 5713674,
            "current_ratio": 109.77,
            "debt_ratio": 48.02,
            "inventory_turnover_ratio": 1.25,
            "account_receivable_turnover_ratio": null,
            "reinvestment_rate": 127.29,
            "research_to_sale_ratio": null,
            "price_fair": 27.86,
            "eps_avg_yearly": 0.8,
            "eps_latest_yearly": 0.32,
            "eps_growth_yearly": 93.2
        },
        "20064": {
            "year_quarter": 20064,
            "year": 2006,
            "quarter": 4,
            "eps": 0.13,
            "eps_growth_year": null,
            "eps_4q": 0.4,
            "eps_4q_growth_year": null,
            "roe": 1.04,
            "roe_4q": 3.26,
            "gross_profit": 153423,
            "gross_margin": 4.09,
            "gross_margin_4q_avg": 4.56,
            "net_income": 59997,
            "net_income_4q": null,
            "revenue": 3747369,
            "revenue_4q": null,
            "common_shares": 4720904,
            "book_valuer_per_share": 12.23,
            "book_valuer_per_share_4q_avg": 12.06,
            "equity": 5774305,
            "current_ratio": 114.16,
            "debt_ratio": 46.83,
            "inventory_turnover_ratio": 1.58,
            "account_receivable_turnover_ratio": null,
            "reinvestment_rate": 125.95,
            "research_to_sale_ratio": null,
            "price_fair": 27.72,
            "eps_avg_yearly": 0.79,
            "eps_latest_yearly": 0.52,
            "eps_growth_yearly": 101.7
        },
        "20071": {
            "year_quarter": 20071,
            "year": 2007,
            "quarter": 1,
            "eps": 0.13,
            "eps_growth_year": 116.67,
            "eps_4q": 0.46,
            "eps_4q_growth_year": null,
            "roe": 1.05,
            "roe_4q": 3.7999999999999994,
            "gross_profit": 161103,
            "gross_margin": 5.03,
            "gross_margin_4q_avg": 4.77,
            "net_income": 61003,
            "net_income_4q": null,
            "revenue": 3199832,
            "revenue_4q": null,
            "common_shares": 4720904,
            "book_valuer_per_share": 12.36,
            "book_valuer_per_share_4q_avg": 12.15,
            "equity": 5835707,
            "current_ratio": 116.91,
            "debt_ratio": 49.35,
            "inventory_turnover_ratio": 1.29,
            "account_receivable_turnover_ratio": null,
            "reinvestment_rate": 115.66,
            "research_to_sale_ratio": null,
            "price_fair": 27.72,
            "eps_avg_yearly": 0.79,
            "eps_latest_yearly": 0.52,
            "eps_growth_yearly": 104.55
        },
        "20072": {
            "year_quarter": 20072,
            "year": 2007,
            "quarter": 2,
            "eps": -0.03,
            "eps_growth_year": null,
            "eps_4q": 0.43,
            "eps_4q_growth_year": null,
            "roe": -0.26,
            "roe_4q": 3.51,
            "gross_profit": 121870,
            "gross_margin": 3.22,
            "gross_margin_4q_avg": 4.69,
            "net_income": -15272,
            "net_income_4q": null,
            "revenue": 3781935,
            "revenue_4q": null,
            "common_shares": 4720904,
            "book_valuer_per_share": 12.19,
            "book_valuer_per_share_4q_avg": 12.22,
            "equity": 5756052,
            "current_ratio": 105.48,
            "debt_ratio": 49.95,
            "inventory_turnover_ratio": 1.28,
            "account_receivable_turnover_ratio": null,
            "reinvestment_rate": 133.29,
            "research_to_sale_ratio": null,
            "price_fair": 28,
            "eps_avg_yearly": 0.8,
            "eps_latest_yearly": 0.52,
            "eps_growth_yearly": 99.08
        },
        "20073": {
            "year_quarter": 20073,
            "year": 2007,
            "quarter": 3,
            "eps": 0.08,
            "eps_growth_year": -60,
            "eps_4q": 0.29,
            "eps_4q_growth_year": null,
            "roe": 0.7,
            "roe_4q": 2.5300000000000002,
            "gross_profit": 114867,
            "gross_margin": 2.82,
            "gross_margin_4q_avg": 3.79,
            "net_income": 40655,
            "net_income_4q": null,
            "revenue": 4067837,
            "revenue_4q": null,
            "common_shares": 4805880,
            "book_valuer_per_share": 12.06,
            "book_valuer_per_share_4q_avg": 12.21,
            "equity": 5796599,
            "current_ratio": 108.27,
            "debt_ratio": 48.25,
            "inventory_turnover_ratio": 1.47,
            "account_receivable_turnover_ratio": null,
            "reinvestment_rate": 148.8,
            "research_to_sale_ratio": null,
            "price_fair": 27.48,
            "eps_avg_yearly": 0.79,
            "eps_latest_yearly": 0.52,
            "eps_growth_yearly": 97.57
        },
        "20074": {
            "year_quarter": 20074,
            "year": 2007,
            "quarter": 4,
            "eps": 0.18,
            "eps_growth_year": 38.46,
            "eps_4q": 0.36,
            "eps_4q_growth_year": -10.03,
            "roe": 1.46,
            "roe_4q": 2.95,
            "gross_profit": 214134,
            "gross_margin": 5.13,
            "gross_margin_4q_avg": 4.05,
            "net_income": 85450,
            "net_income_4q": null,
            "revenue": 4174772,
            "revenue_4q": null,
            "common_shares": 4805880,
            "book_valuer_per_share": 12.21,
            "book_valuer_per_share_4q_avg": 12.21,
            "equity": 5869675,
            "current_ratio": 146.89,
            "debt_ratio": 46.38,
            "inventory_turnover_ratio": 1.6,
            "account_receivable_turnover_ratio": null,
            "reinvestment_rate": 151.26,
            "research_to_sale_ratio": null,
            "price_fair": 29.4,
            "eps_avg_yearly": 0.84,
            "eps_latest_yearly": 0.72,
            "eps_growth_yearly": 194.85
        },
        "20081": {
            "year_quarter": 20081,
            "year": 2008,
            "quarter": 1,
            "eps": 0.1,
            "eps_growth_year": -23.08,
            "eps_4q": 0.34,
            "eps_4q_growth_year": -26.79,
            "roe": 0.78,
            "roe_4q": 2.6800000000000006,
            "gross_profit": 187868,
            "gross_margin": 4.78,
            "gross_margin_4q_avg": 3.99,
            "net_income": 46232,
            "net_income_4q": null,
            "revenue": 3927554,
            "revenue_4q": null,
            "common_shares": 4805880,
            "book_valuer_per_share": 12.31,
            "book_valuer_per_share_4q_avg": 12.19,
            "equity": 5915907,
            "current_ratio": 146.56,
            "debt_ratio": 48.21,
            "inventory_turnover_ratio": 1.44,
            "account_receivable_turnover_ratio": null,
            "reinvestment_rate": 143.51,
            "research_to_sale_ratio": null,
            "price_fair": 26.43,
            "eps_avg_yearly": 0.76,
            "eps_latest_yearly": 0.4,
            "eps_growth_yearly": 29.77
        },
        "20082": {
            "year_quarter": 20082,
            "year": 2008,
            "quarter": 2,
            "eps": 0.07,
            "eps_growth_year": null,
            "eps_4q": 0.41,
            "eps_4q_growth_year": -3.59,
            "roe": 0.6,
            "roe_4q": 3.54,
            "gross_profit": 167679,
            "gross_margin": 4.07,
            "gross_margin_4q_avg": 4.2,
            "net_income": 35424,
            "net_income_4q": null,
            "revenue": 4116967,
            "revenue_4q": null,
            "common_shares": 4805880,
            "book_valuer_per_share": 12.25,
            "book_valuer_per_share_4q_avg": 12.21,
            "equity": 5886073,
            "current_ratio": 153.52,
            "debt_ratio": 43.56,
            "inventory_turnover_ratio": 1.58,
            "account_receivable_turnover_ratio": null,
            "reinvestment_rate": 133.38,
            "research_to_sale_ratio": null,
            "price_fair": 24.68,
            "eps_avg_yearly": 0.71,
            "eps_latest_yearly": 0.28,
            "eps_growth_yearly": 33.29
        },
        "20083": {
            "year_quarter": 20083,
            "year": 2008,
            "quarter": 3,
            "eps": -0.05,
            "eps_growth_year": -162.5,
            "eps_4q": 0.29,
            "eps_4q_growth_year": 0.38,
            "roe": -0.44,
            "roe_4q": 2.4,
            "gross_profit": 109989,
            "gross_margin": 3.33,
            "gross_margin_4q_avg": 4.33,
            "net_income": -25639,
            "net_income_4q": null,
            "revenue": 3306052,
            "revenue_4q": null,
            "common_shares": 4892386,
            "book_valuer_per_share": 11.98,
            "book_valuer_per_share_4q_avg": 12.19,
            "equity": 5860434,
            "current_ratio": 150.04,
            "debt_ratio": 44.77,
            "inventory_turnover_ratio": 1.18,
            "account_receivable_turnover_ratio": null,
            "reinvestment_rate": 164.92,
            "research_to_sale_ratio": null,
            "price_fair": 1.66,
            "eps_avg_yearly": 0.55,
            "eps_latest_yearly": 0.28,
            "eps_growth_yearly": -52.71
        },
        "20084": {
            "year_quarter": 20084,
            "year": 2008,
            "quarter": 4,
            "eps": -2.5,
            "eps_growth_year": -1488.89,
            "eps_4q": -2.39,
            "eps_4q_growth_year": -760.27,
            "roe": -22.61,
            "roe_4q": -21.669999999999998,
            "gross_profit": -1165953,
            "gross_margin": -49.5,
            "gross_margin_4q_avg": -9.33,
            "net_income": -1222904,
            "net_income_4q": null,
            "revenue": 2355681,
            "revenue_4q": null,
            "common_shares": 4892386,
            "book_valuer_per_share": 10.13,
            "book_valuer_per_share_4q_avg": 11.67,
            "equity": 4957408,
            "current_ratio": 90.32,
            "debt_ratio": 43.57,
            "inventory_turnover_ratio": 1.49,
            "account_receivable_turnover_ratio": 7.94,
            "reinvestment_rate": null,
            "research_to_sale_ratio": null,
            "price_fair": 1.38,
            "eps_avg_yearly": 0.46,
            "eps_latest_yearly": 0.28,
            "eps_growth_yearly": -37.25
        },
        "20091": {
            "year_quarter": 20091,
            "year": 2009,
            "quarter": 1,
            "eps": 0.17,
            "eps_growth_year": 70,
            "eps_4q": -2.31,
            "eps_4q_growth_year": -778.82,
            "roe": 1.67,
            "roe_4q": -20.779999999999998,
            "gross_profit": 199761,
            "gross_margin": 7.75,
            "gross_margin_4q_avg": -8.59,
            "net_income": 83286,
            "net_income_4q": null,
            "revenue": 2577689,
            "revenue_4q": null,
            "common_shares": 4821166,
            "book_valuer_per_share": 10.41,
            "book_valuer_per_share_4q_avg": 11.19,
            "equity": 5019459,
            "current_ratio": 89.51,
            "debt_ratio": 41.04,
            "inventory_turnover_ratio": 1.74,
            "account_receivable_turnover_ratio": 3.5,
            "reinvestment_rate": null,
            "research_to_sale_ratio": null,
            "price_fair": 10.95,
            "eps_avg_yearly": 0.49,
            "eps_latest_yearly": 0.28,
            "eps_growth_yearly": 12.44
        },
        "20092": {
            "year_quarter": 20092,
            "year": 2009,
            "quarter": 2,
            "eps": 0.68,
            "eps_growth_year": 871.43,
            "eps_4q": -1.73,
            "eps_4q_growth_year": -521.65,
            "roe": 6.34,
            "roe_4q": -15.04,
            "gross_profit": 362556,
            "gross_margin": 11.74,
            "gross_margin_4q_avg": -6.67,
            "net_income": 328640,
            "net_income_4q": null,
            "revenue": 3087541,
            "revenue_4q": null,
            "common_shares": 4821166,
            "book_valuer_per_share": 11.09,
            "book_valuer_per_share_4q_avg": 10.9,
            "equity": 5348099,
            "current_ratio": 116.7,
            "debt_ratio": 39.59,
            "inventory_turnover_ratio": 2.03,
            "account_receivable_turnover_ratio": 3.39,
            "reinvestment_rate": null,
            "research_to_sale_ratio": null,
            "price_fair": 30.1,
            "eps_avg_yearly": 0.86,
            "eps_latest_yearly": 2.72,
            "eps_growth_yearly": 210.37
        },
        "20093": {
            "year_quarter": 20093,
            "year": 2009,
            "quarter": 3,
            "eps": 0.61,
            "eps_growth_year": null,
            "eps_4q": -1.08,
            "eps_4q_growth_year": -473.55,
            "roe": 5.33,
            "roe_4q": -9.27,
            "gross_profit": 375255,
            "gross_margin": 11.28,
            "gross_margin_4q_avg": -4.68,
            "net_income": 292693,
            "net_income_4q": null,
            "revenue": 3326040,
            "revenue_4q": null,
            "common_shares": 4821166,
            "book_valuer_per_share": 11.7,
            "book_valuer_per_share_4q_avg": 10.83,
            "equity": 5640792,
            "current_ratio": 128.97,
            "debt_ratio": 40.25,
            "inventory_turnover_ratio": 1.74,
            "account_receivable_turnover_ratio": 3.3,
            "reinvestment_rate": null,
            "research_to_sale_ratio": null,
            "price_fair": 38,
            "eps_avg_yearly": 1.09,
            "eps_latest_yearly": 2.44,
            "eps_growth_yearly": 174.44
        },
        "20094": {
            "year_quarter": 20094,
            "year": 2009,
            "quarter": 4,
            "eps": 0.33,
            "eps_growth_year": null,
            "eps_4q": 1.79,
            "eps_4q_growth_year": null,
            "roe": 2.76,
            "roe_4q": 16.1,
            "gross_profit": 292257,
            "gross_margin": 7.62,
            "gross_margin_4q_avg": 9.6,
            "net_income": 157666,
            "net_income_4q": null,
            "revenue": 3835620,
            "revenue_4q": null,
            "common_shares": 4821166,
            "book_valuer_per_share": 12.03,
            "book_valuer_per_share_4q_avg": 11.31,
            "equity": 5802123,
            "current_ratio": 127.3,
            "debt_ratio": 40.93,
            "inventory_turnover_ratio": 1.77,
            "account_receivable_turnover_ratio": 5.86,
            "reinvestment_rate": -1234.18,
            "research_to_sale_ratio": null,
            "price_fair": 39.03,
            "eps_avg_yearly": 1.12,
            "eps_latest_yearly": 1.32,
            "eps_growth_yearly": 129.68
        },
        "20101": {
            "year_quarter": 20101,
            "year": 2010,
            "quarter": 1,
            "eps": 0.53,
            "eps_growth_year": 211.76,
            "eps_4q": 2.15,
            "eps_4q_growth_year": null,
            "roe": 4.31,
            "roe_4q": 18.74,
            "gross_profit": 379282,
            "gross_margin": 9.34,
            "gross_margin_4q_avg": 10,
            "net_income": 255301,
            "net_income_4q": null,
            "revenue": 4059619,
            "revenue_4q": null,
            "common_shares": 4821166,
            "book_valuer_per_share": 12.56,
            "book_valuer_per_share_4q_avg": 11.85,
            "equity": 6057425,
            "current_ratio": 131.41,
            "debt_ratio": 39.47,
            "inventory_turnover_ratio": 1.68,
            "account_receivable_turnover_ratio": 2.87,
            "reinvestment_rate": -446.61,
            "research_to_sale_ratio": 0.28,
            "price_fair": 42.93,
            "eps_avg_yearly": 1.23,
            "eps_latest_yearly": 2.12,
            "eps_growth_yearly": 142.21
        },
        "20102": {
            "year_quarter": 20102,
            "year": 2010,
            "quarter": 2,
            "eps": 0.5,
            "eps_growth_year": -26.02,
            "eps_4q": 1.95,
            "eps_4q_growth_year": null,
            "roe": 4,
            "roe_4q": 16.4,
            "gross_profit": 385610,
            "gross_margin": 9.33,
            "gross_margin_4q_avg": 9.39,
            "net_income": 246175,
            "net_income_4q": null,
            "revenue": 4131994,
            "revenue_4q": null,
            "common_shares": 4821166,
            "book_valuer_per_share": 12.97,
            "book_valuer_per_share_4q_avg": 12.32,
            "equity": 6255387,
            "current_ratio": 120.76,
            "debt_ratio": 39.94,
            "inventory_turnover_ratio": 1.52,
            "account_receivable_turnover_ratio": 3.16,
            "reinvestment_rate": -60.47,
            "research_to_sale_ratio": 0.38,
            "price_fair": 45.64,
            "eps_avg_yearly": 1.3,
            "eps_latest_yearly": 2,
            "eps_growth_yearly": 125.72
        },
        "20103": {
            "year_quarter": 20103,
            "year": 2010,
            "quarter": 3,
            "eps": 0.26,
            "eps_growth_year": -57.44,
            "eps_4q": 1.61,
            "eps_4q_growth_year": null,
            "roe": 2.01,
            "roe_4q": 13.08,
            "gross_profit": 169676,
            "gross_margin": 3.97,
            "gross_margin_4q_avg": 7.57,
            "net_income": 127031,
            "net_income_4q": null,
            "revenue": 4270814,
            "revenue_4q": null,
            "common_shares": 4893483,
            "book_valuer_per_share": 13.04,
            "book_valuer_per_share_4q_avg": 12.65,
            "equity": 6382419,
            "current_ratio": 122.89,
            "debt_ratio": 42.46,
            "inventory_turnover_ratio": 1.39,
            "account_receivable_turnover_ratio": 3.41,
            "reinvestment_rate": -59.76,
            "research_to_sale_ratio": 0.34,
            "price_fair": 44.8,
            "eps_avg_yearly": 1.28,
            "eps_latest_yearly": 1.04,
            "eps_growth_yearly": 96.84
        },
        "20104": {
            "year_quarter": 20104,
            "year": 2010,
            "quarter": 4,
            "eps": 0.63,
            "eps_growth_year": 90.33,
            "eps_4q": 1.91,
            "eps_4q_growth_year": 6.93,
            "roe": 4.7,
            "roe_4q": 15.02,
            "gross_profit": 374505,
            "gross_margin": 7.77,
            "gross_margin_4q_avg": 7.6,
            "net_income": 307358,
            "net_income_4q": null,
            "revenue": 4821174,
            "revenue_4q": null,
            "common_shares": 4893483,
            "book_valuer_per_share": 13.67,
            "book_valuer_per_share_4q_avg": 13.06,
            "equity": 6688430,
            "current_ratio": 133.17,
            "debt_ratio": 40.49,
            "inventory_turnover_ratio": 1.45,
            "account_receivable_turnover_ratio": 3.23,
            "reinvestment_rate": -4.93,
            "research_to_sale_ratio": 0.36,
            "price_fair": 51.16,
            "eps_avg_yearly": 1.46,
            "eps_latest_yearly": 2.52,
            "eps_growth_yearly": 161.31
        },
        "20111": {
            "year_quarter": 20111,
            "year": 2011,
            "quarter": 1,
            "eps": 1.14,
            "eps_growth_year": 115.09,
            "eps_4q": 2.53,
            "eps_4q_growth_year": 17.95,
            "roe": 8,
            "roe_4q": 18.71,
            "gross_profit": 635975,
            "gross_margin": 12.6,
            "gross_margin_4q_avg": 8.42,
            "net_income": 557693,
            "net_income_4q": null,
            "revenue": 5048107,
            "revenue_4q": null,
            "common_shares": 4893483,
            "book_valuer_per_share": 14.81,
            "book_valuer_per_share_4q_avg": 13.62,
            "equity": 7246124,
            "current_ratio": 145.8,
            "debt_ratio": 39.2,
            "inventory_turnover_ratio": 1.45,
            "account_receivable_turnover_ratio": 2.91,
            "reinvestment_rate": 10.5,
            "research_to_sale_ratio": 0.36,
            "price_fair": 64.02,
            "eps_avg_yearly": 1.83,
            "eps_latest_yearly": 4.56,
            "eps_growth_yearly": 190.75
        },
        "20112": {
            "year_quarter": 20112,
            "year": 2011,
            "quarter": 2,
            "eps": 0.27,
            "eps_growth_year": -45.44,
            "eps_4q": 2.19,
            "eps_4q_growth_year": 12.44,
            "roe": 1.99,
            "roe_4q": 16.700000000000003,
            "gross_profit": 295910,
            "gross_margin": 6.98,
            "gross_margin_4q_avg": 7.83,
            "net_income": 142370,
            "net_income_4q": null,
            "revenue": 4238893,
            "revenue_4q": null,
            "common_shares": 4893483,
            "book_valuer_per_share": 14.5,
            "book_valuer_per_share_4q_avg": 14.01,
            "equity": 7094884,
            "current_ratio": 145.95,
            "debt_ratio": 42.64,
            "inventory_turnover_ratio": 1.11,
            "account_receivable_turnover_ratio": 2.61,
            "reinvestment_rate": 14.28,
            "research_to_sale_ratio": 0.47,
            "price_fair": 61.83,
            "eps_avg_yearly": 1.77,
            "eps_latest_yearly": 1.08,
            "eps_growth_yearly": 149.42
        },
        "20113": {
            "year_quarter": 20113,
            "year": 2011,
            "quarter": 3,
            "eps": 0.1,
            "eps_growth_year": -62.19,
            "eps_4q": 2.04,
            "eps_4q_growth_year": 27,
            "roe": 0.72,
            "roe_4q": 15.41,
            "gross_profit": 117611,
            "gross_margin": 2.14,
            "gross_margin_4q_avg": 7.37,
            "net_income": 50913,
            "net_income_4q": null,
            "revenue": 5498545,
            "revenue_4q": null,
            "common_shares": 5187092,
            "book_valuer_per_share": 13.78,
            "book_valuer_per_share_4q_avg": 14.19,
            "equity": 7145797,
            "current_ratio": 99.66,
            "debt_ratio": 51.35,
            "inventory_turnover_ratio": 1.34,
            "account_receivable_turnover_ratio": 3.71,
            "reinvestment_rate": 157.18,
            "research_to_sale_ratio": 0.32,
            "price_fair": 58.15,
            "eps_avg_yearly": 1.66,
            "eps_latest_yearly": 0.4,
            "eps_growth_yearly": 118.55
        },
        "20114": {
            "year_quarter": 20114,
            "year": 2011,
            "quarter": 4,
            "eps": -1.19,
            "eps_growth_year": -289.81,
            "eps_4q": 0.26,
            "eps_4q_growth_year": -86.63,
            "roe": -9.04,
            "roe_4q": 1.6700000000000017,
            "gross_profit": -572027,
            "gross_margin": -13.68,
            "gross_margin_4q_avg": 2.01,
            "net_income": -618392,
            "net_income_4q": null,
            "revenue": 4181566,
            "revenue_4q": null,
            "common_shares": 5187092,
            "book_valuer_per_share": 12.59,
            "book_valuer_per_share_4q_avg": 13.92,
            "equity": 6532546,
            "current_ratio": 113.14,
            "debt_ratio": 54.28,
            "inventory_turnover_ratio": 1.21,
            "account_receivable_turnover_ratio": 2.6,
            "reinvestment_rate": 305.95,
            "research_to_sale_ratio": 0.44,
            "price_fair": 60.9,
            "eps_avg_yearly": 1.74,
            "eps_latest_yearly": 0.4,
            "eps_growth_yearly": 86.76
        },
        "20121": {
            "year_quarter": 20121,
            "year": 2012,
            "quarter": 1,
            "eps": 0.42,
            "eps_growth_year": -63.16,
            "eps_4q": -0.4,
            "eps_4q_growth_year": -115.67,
            "roe": 3.3,
            "roe_4q": -3.0299999999999994,
            "gross_profit": 273959,
            "gross_margin": 5.76,
            "gross_margin_4q_avg": 0.3,
            "net_income": 219374,
            "net_income_4q": null,
            "revenue": 4754753,
            "revenue_4q": null,
            "common_shares": 5187092,
            "book_valuer_per_share": 13.02,
            "book_valuer_per_share_4q_avg": 13.47,
            "equity": 6751920,
            "current_ratio": 115.36,
            "debt_ratio": 52.66,
            "inventory_turnover_ratio": 1.26,
            "account_receivable_turnover_ratio": 2.79,
            "reinvestment_rate": 276.1,
            "research_to_sale_ratio": 0.34,
            "price_fair": 65.16,
            "eps_avg_yearly": 1.86,
            "eps_latest_yearly": 0.4,
            "eps_growth_yearly": 110.81
        },
        "20122": {
            "year_quarter": 20122,
            "year": 2012,
            "quarter": 2,
            "eps": -0.66,
            "eps_growth_year": -340.61,
            "eps_4q": -1.24,
            "eps_4q_growth_year": -156.47,
            "roe": -5.76,
            "roe_4q": -10.78,
            "gross_profit": -286284,
            "gross_margin": -7.28,
            "gross_margin_4q_avg": -3.27,
            "net_income": -400006,
            "net_income_4q": null,
            "revenue": 3933696,
            "revenue_4q": null,
            "common_shares": 5997092,
            "book_valuer_per_share": 11.88,
            "book_valuer_per_share_4q_avg": 12.82,
            "equity": 7126243,
            "current_ratio": 129.17,
            "debt_ratio": 47.81,
            "inventory_turnover_ratio": 1.31,
            "account_receivable_turnover_ratio": 2.3,
            "reinvestment_rate": 526,
            "research_to_sale_ratio": 0.43,
            "price_fair": 70.7,
            "eps_avg_yearly": 2.02,
            "eps_latest_yearly": 0.4,
            "eps_growth_yearly": 133.89
        },
        "20123": {
            "year_quarter": 20123,
            "year": 2012,
            "quarter": 3,
            "eps": 0.06,
            "eps_growth_year": -38.3,
            "eps_4q": -1.26,
            "eps_4q_growth_year": -161.69,
            "roe": 0.51,
            "roe_4q": -10.989999999999998,
            "gross_profit": 120893,
            "gross_margin": 2.81,
            "gross_margin_4q_avg": -3.1,
            "net_income": 36682,
            "net_income_4q": null,
            "revenue": 4294877,
            "revenue_4q": null,
            "common_shares": 6057063,
            "book_valuer_per_share": 11.83,
            "book_valuer_per_share_4q_avg": 12.33,
            "equity": 7162925,
            "current_ratio": 134.49,
            "debt_ratio": 45.99,
            "inventory_turnover_ratio": 1.45,
            "account_receivable_turnover_ratio": 2.61,
            "reinvestment_rate": 468.12,
            "research_to_sale_ratio": 0.43,
            "price_fair": 70.7,
            "eps_avg_yearly": 2.02,
            "eps_latest_yearly": 0.4,
            "eps_growth_yearly": 133.89
        },
        "20124": {
            "year_quarter": 20124,
            "year": 2012,
            "quarter": 4,
            "eps": 0.08,
            "eps_growth_year": null,
            "eps_4q": -0.16,
            "eps_4q_growth_year": -163.48,
            "roe": 0.64,
            "roe_4q": -1.3099999999999996,
            "gross_profit": 115143,
            "gross_margin": 2.87,
            "gross_margin_4q_avg": 1.04,
            "net_income": 45669,
            "net_income_4q": null,
            "revenue": 4014154,
            "revenue_4q": null,
            "common_shares": 6057063,
            "book_valuer_per_share": 11.9,
            "book_valuer_per_share_4q_avg": 12.16,
            "equity": 7208594,
            "current_ratio": 151.65,
            "debt_ratio": 48.59,
            "inventory_turnover_ratio": 1.28,
            "account_receivable_turnover_ratio": 2.34,
            "reinvestment_rate": 122.2,
            "research_to_sale_ratio": 0.21,
            "price_fair": 65.29,
            "eps_avg_yearly": 1.87,
            "eps_latest_yearly": 0.32,
            "eps_growth_yearly": 133.84
        },
        "20131": {
            "year_quarter": 20131,
            "year": 2013,
            "quarter": 1,
            "eps": 0.27,
            "eps_growth_year": -35.71,
            "eps_4q": -0.26,
            "eps_4q_growth_year": null,
            "roe": 2.22,
            "roe_4q": -2.3899999999999997,
            "gross_profit": 264884,
            "gross_margin": 6.62,
            "gross_margin_4q_avg": 1.26,
            "net_income": 161128,
            "net_income_4q": null,
            "revenue": 4000950,
            "revenue_4q": null,
            "common_shares": 6057063,
            "book_valuer_per_share": 12.07,
            "book_valuer_per_share_4q_avg": 11.92,
            "equity": 7313098,
            "current_ratio": 140.54,
            "debt_ratio": 50.3,
            "inventory_turnover_ratio": 1.01,
            "account_receivable_turnover_ratio": 2.45,
            "reinvestment_rate": 110.04,
            "research_to_sale_ratio": 0.32,
            "price_fair": 63,
            "eps_avg_yearly": 1.8,
            "eps_latest_yearly": 1.08,
            "eps_growth_yearly": 201.85
        },
        "20132": {
            "year_quarter": 20132,
            "year": 2013,
            "quarter": 2,
            "eps": 0.09,
            "eps_growth_year": null,
            "eps_4q": 0.49,
            "eps_4q_growth_year": null,
            "roe": 0.78,
            "roe_4q": 4.15,
            "gross_profit": 41808,
            "gross_margin": 0.94,
            "gross_margin_4q_avg": 3.31,
            "net_income": 57343,
            "net_income_4q": null,
            "revenue": 4459700,
            "revenue_4q": null,
            "common_shares": 6057063,
            "book_valuer_per_share": 12.17,
            "book_valuer_per_share_4q_avg": 11.99,
            "equity": 7370441,
            "current_ratio": 140.22,
            "debt_ratio": 49.78,
            "inventory_turnover_ratio": 1.07,
            "account_receivable_turnover_ratio": 2.75,
            "reinvestment_rate": 133.91,
            "research_to_sale_ratio": 0.29,
            "price_fair": 56.12,
            "eps_avg_yearly": 1.6,
            "eps_latest_yearly": 0.36,
            "eps_growth_yearly": 79.63
        },
        "20133": {
            "year_quarter": 20133,
            "year": 2013,
            "quarter": 3,
            "eps": 0.08,
            "eps_growth_year": 32.1,
            "eps_4q": 0.52,
            "eps_4q_growth_year": null,
            "roe": 0.7,
            "roe_4q": 4.34,
            "gross_profit": 131578,
            "gross_margin": 2.77,
            "gross_margin_4q_avg": 3.3,
            "net_income": 51760,
            "net_income_4q": null,
            "revenue": 4756893,
            "revenue_4q": null,
            "common_shares": 6117634,
            "book_valuer_per_share": 12.13,
            "book_valuer_per_share_4q_avg": 12.07,
            "equity": 7422201,
            "current_ratio": 207.22,
            "debt_ratio": 47.04,
            "inventory_turnover_ratio": 1.18,
            "account_receivable_turnover_ratio": 2.72,
            "reinvestment_rate": 155.98,
            "research_to_sale_ratio": 0.28,
            "price_fair": 49.93,
            "eps_avg_yearly": 1.43,
            "eps_latest_yearly": 0.32,
            "eps_growth_yearly": 79.36
        },
        "20134": {
            "year_quarter": 20134,
            "year": 2013,
            "quarter": 4,
            "eps": 0.16,
            "eps_growth_year": 110.51,
            "eps_4q": 0.6,
            "eps_4q_growth_year": null,
            "roe": 1.3,
            "roe_4q": 5,
            "gross_profit": 157228,
            "gross_margin": 3.11,
            "gross_margin_4q_avg": 3.36,
            "net_income": 97099,
            "net_income_4q": null,
            "revenue": 5057164,
            "revenue_4q": null,
            "common_shares": 6117634,
            "book_valuer_per_share": 12.3,
            "book_valuer_per_share_4q_avg": 12.17,
            "equity": 7524988,
            "current_ratio": 128.41,
            "debt_ratio": 45.36,
            "inventory_turnover_ratio": 1.35,
            "account_receivable_turnover_ratio": 3.15,
            "reinvestment_rate": 151.53,
            "research_to_sale_ratio": 0.29,
            "price_fair": 47.95,
            "eps_avg_yearly": 1.37,
            "eps_latest_yearly": 0.64,
            "eps_growth_yearly": 127.99
        },
        "20141": {
            "year_quarter": 20141,
            "year": 2014,
            "quarter": 1,
            "eps": 0.13,
            "eps_growth_year": -51.85,
            "eps_4q": 0.47,
            "eps_4q_growth_year": null,
            "roe": 1.06,
            "roe_4q": 3.8400000000000007,
            "gross_profit": 170874,
            "gross_margin": 3.79,
            "gross_margin_4q_avg": 2.65,
            "net_income": 80050,
            "net_income_4q": null,
            "revenue": 4503321,
            "revenue_4q": null,
            "common_shares": 6117634,
            "book_valuer_per_share": 12.43,
            "book_valuer_per_share_4q_avg": 12.26,
            "equity": 7605010,
            "current_ratio": 128.09,
            "debt_ratio": 46.16,
            "inventory_turnover_ratio": 1.12,
            "account_receivable_turnover_ratio": 2.96,
            "reinvestment_rate": 171.78,
            "research_to_sale_ratio": 0.31,
            "price_fair": 43.28,
            "eps_avg_yearly": 1.24,
            "eps_latest_yearly": 0.52,
            "eps_growth_yearly": 101.54
        },
        "20142": {
            "year_quarter": 20142,
            "year": 2014,
            "quarter": 2,
            "eps": -0.12,
            "eps_growth_year": -233.33,
            "eps_4q": 0.25,
            "eps_4q_growth_year": -48.87,
            "roe": -1,
            "roe_4q": 2.06,
            "gross_profit": 12195,
            "gross_margin": 0.26,
            "gross_margin_4q_avg": 2.48,
            "net_income": -75086,
            "net_income_4q": null,
            "revenue": 4714510,
            "revenue_4q": null,
            "common_shares": 6117634,
            "book_valuer_per_share": 12.11,
            "book_valuer_per_share_4q_avg": 12.24,
            "equity": 7407438,
            "current_ratio": 122.94,
            "debt_ratio": 45.19,
            "inventory_turnover_ratio": 1.3,
            "account_receivable_turnover_ratio": 2.7,
            "reinvestment_rate": 213.66,
            "research_to_sale_ratio": 0.31,
            "price_fair": 40.85,
            "eps_avg_yearly": 1.17,
            "eps_latest_yearly": 0.52,
            "eps_growth_yearly": 112.83
        },
        "20143": {
            "year_quarter": 20143,
            "year": 2014,
            "quarter": 3,
            "eps": 0.04,
            "eps_growth_year": -50,
            "eps_4q": 0.21,
            "eps_4q_growth_year": -59.75,
            "roe": 0.34,
            "roe_4q": 1.7000000000000002,
            "gross_profit": 150502,
            "gross_margin": 3.54,
            "gross_margin_4q_avg": 2.68,
            "net_income": 25100,
            "net_income_4q": null,
            "revenue": 4253079,
            "revenue_4q": null,
            "common_shares": 6117634,
            "book_valuer_per_share": 12.15,
            "book_valuer_per_share_4q_avg": 12.25,
            "equity": 7432725,
            "current_ratio": 130.33,
            "debt_ratio": 40.17,
            "inventory_turnover_ratio": 1.39,
            "account_receivable_turnover_ratio": 2.44,
            "reinvestment_rate": 239.54,
            "research_to_sale_ratio": 0.32,
            "price_fair": 41.3,
            "eps_avg_yearly": 1.18,
            "eps_latest_yearly": 0.52,
            "eps_growth_yearly": 143.31
        },
        "20144": {
            "year_quarter": 20144,
            "year": 2014,
            "quarter": 4,
            "eps": 0.04,
            "eps_growth_year": -71.93,
            "eps_4q": 0.09,
            "eps_4q_growth_year": -84.4,
            "roe": 0.37,
            "roe_4q": 0.77,
            "gross_profit": 82068,
            "gross_margin": 1.75,
            "gross_margin_4q_avg": 2.34,
            "net_income": 27254,
            "net_income_4q": null,
            "revenue": 4701258,
            "revenue_4q": null,
            "common_shares": 6117634,
            "book_valuer_per_share": 12.21,
            "book_valuer_per_share_4q_avg": 12.23,
            "equity": 7467514,
            "current_ratio": 142.17,
            "debt_ratio": 40.1,
            "inventory_turnover_ratio": 1.73,
            "account_receivable_turnover_ratio": 2.87,
            "reinvestment_rate": 307.64,
            "research_to_sale_ratio": 0.27,
            "price_fair": 33.04,
            "eps_avg_yearly": 0.94,
            "eps_latest_yearly": 0.16,
            "eps_growth_yearly": 86.39
        },
        "20151": {
            "year_quarter": 20151,
            "year": 2015,
            "quarter": 1,
            "eps": -0.11,
            "eps_growth_year": -184.62,
            "eps_4q": -0.15,
            "eps_4q_growth_year": -131.31,
            "roe": -0.9,
            "roe_4q": -1.19,
            "gross_profit": -10110,
            "gross_margin": -0.25,
            "gross_margin_4q_avg": 1.33,
            "net_income": -66885,
            "net_income_4q": null,
            "revenue": 4025006,
            "revenue_4q": null,
            "common_shares": 6117634,
            "book_valuer_per_share": 12.1,
            "book_valuer_per_share_4q_avg": 12.14,
            "equity": 7400567,
            "current_ratio": 157.14,
            "debt_ratio": 40.61,
            "inventory_turnover_ratio": 1.46,
            "account_receivable_turnover_ratio": 2.4,
            "reinvestment_rate": null,
            "research_to_sale_ratio": 0.34,
            "price_fair": 18.98,
            "eps_avg_yearly": 0.54,
            "eps_latest_yearly": 0.16,
            "eps_growth_yearly": 60.01
        },
        "20152": {
            "year_quarter": 20152,
            "year": 2015,
            "quarter": 2,
            "eps": 0.44,
            "eps_growth_year": null,
            "eps_4q": 0.42,
            "eps_4q_growth_year": 66.23,
            "roe": 3.62,
            "roe_4q": 3.43,
            "gross_profit": 319553,
            "gross_margin": 7.62,
            "gross_margin_4q_avg": 3.17,
            "net_income": 270235,
            "net_income_4q": null,
            "revenue": 4196056,
            "revenue_4q": null,
            "common_shares": 6117634,
            "book_valuer_per_share": 12.34,
            "book_valuer_per_share_4q_avg": 12.2,
            "equity": 7548340,
            "current_ratio": 185.96,
            "debt_ratio": 40.48,
            "inventory_turnover_ratio": 1.32,
            "account_receivable_turnover_ratio": 2.48,
            "reinvestment_rate": null,
            "research_to_sale_ratio": 0.35,
            "price_fair": 16.63,
            "eps_avg_yearly": 0.48,
            "eps_latest_yearly": 0.16,
            "eps_growth_yearly": 105.67
        },
        "20153": {
            "year_quarter": 20153,
            "year": 2015,
            "quarter": 3,
            "eps": -0.15,
            "eps_growth_year": -475,
            "eps_4q": 0.23,
            "eps_4q_growth_year": 8.88,
            "roe": -1.23,
            "roe_4q": 1.8600000000000003,
            "gross_profit": -67217,
            "gross_margin": -2.05,
            "gross_margin_4q_avg": 1.77,
            "net_income": -92151,
            "net_income_4q": null,
            "revenue": 3271102,
            "revenue_4q": null,
            "common_shares": 6117634,
            "book_valuer_per_share": 12.19,
            "book_valuer_per_share_4q_avg": 12.21,
            "equity": 7456685,
            "current_ratio": 169.77,
            "debt_ratio": 39.69,
            "inventory_turnover_ratio": 1.17,
            "account_receivable_turnover_ratio": 1.87,
            "reinvestment_rate": null,
            "research_to_sale_ratio": 0.46,
            "price_fair": 17,
            "eps_avg_yearly": 0.49,
            "eps_latest_yearly": 0.16,
            "eps_growth_yearly": 156.75
        },
        "20154": {
            "year_quarter": 20154,
            "year": 2015,
            "quarter": 4,
            "eps": 0.03,
            "eps_growth_year": -23.12,
            "eps_4q": 0.22,
            "eps_4q_growth_year": 130.56,
            "roe": 0.28,
            "roe_4q": 1.77,
            "gross_profit": 147974,
            "gross_margin": 4.23,
            "gross_margin_4q_avg": 2.39,
            "net_income": 20952,
            "net_income_4q": null,
            "revenue": 3498563,
            "revenue_4q": null,
            "common_shares": 6117634,
            "book_valuer_per_share": 12.22,
            "book_valuer_per_share_4q_avg": 12.21,
            "equity": 7475585,
            "current_ratio": 180.11,
            "debt_ratio": 34.82,
            "inventory_turnover_ratio": 1.43,
            "account_receivable_turnover_ratio": 2.12,
            "reinvestment_rate": -224.95,
            "research_to_sale_ratio": 0.55,
            "price_fair": 17,
            "eps_avg_yearly": 0.49,
            "eps_latest_yearly": 0.16,
            "eps_growth_yearly": 156.75
        },
        "20161": {
            "year_quarter": 20161,
            "year": 2016,
            "quarter": 1,
            "eps": 0.03,
            "eps_growth_year": null,
            "eps_4q": 0.35,
            "eps_4q_growth_year": null,
            "roe": 0.21,
            "roe_4q": 2.88,
            "gross_profit": 131477,
            "gross_margin": 4.39,
            "gross_margin_4q_avg": 3.55,
            "net_income": 15428,
            "net_income_4q": null,
            "revenue": 2991825,
            "revenue_4q": null,
            "common_shares": 6117634,
            "book_valuer_per_share": 12.24,
            "book_valuer_per_share_4q_avg": 12.25,
            "equity": 7490897,
            "current_ratio": 141.75,
            "debt_ratio": 35.51,
            "inventory_turnover_ratio": 1.49,
            "account_receivable_turnover_ratio": 1.86,
            "reinvestment_rate": -474.69,
            "research_to_sale_ratio": 0.66,
            "price_fair": 15.4,
            "eps_avg_yearly": 0.44,
            "eps_latest_yearly": 0.12,
            "eps_growth_yearly": 137.15
        },
        "20162": {
            "year_quarter": 20162,
            "year": 2016,
            "quarter": 2,
            "eps": 0.08,
            "eps_growth_year": -81.82,
            "eps_4q": -0.01,
            "eps_4q_growth_year": -102.32,
            "roe": 0.67,
            "roe_4q": -0.06999999999999984,
            "gross_profit": 206127,
            "gross_margin": 6.26,
            "gross_margin_4q_avg": 3.21,
            "net_income": 49850,
            "net_income_4q": null,
            "revenue": 3295090,
            "revenue_4q": null,
            "common_shares": 6117634,
            "book_valuer_per_share": 12.13,
            "book_valuer_per_share_4q_avg": 12.2,
            "equity": 7418242,
            "current_ratio": 119.08,
            "debt_ratio": 35.94,
            "inventory_turnover_ratio": 1.68,
            "account_receivable_turnover_ratio": 1.94,
            "reinvestment_rate": -185.67,
            "research_to_sale_ratio": 0.59,
            "price_fair": 14.93,
            "eps_avg_yearly": 0.43,
            "eps_latest_yearly": 0.32,
            "eps_growth_yearly": 195.99
        },
        "20163": {
            "year_quarter": 20163,
            "year": 2016,
            "quarter": 3,
            "eps": 0.05,
            "eps_growth_year": null,
            "eps_4q": 0.19,
            "eps_4q_growth_year": -16.05,
            "roe": 0.4,
            "roe_4q": 1.56,
            "gross_profit": 127298,
            "gross_margin": 4.04,
            "gross_margin_4q_avg": 4.73,
            "net_income": 30003,
            "net_income_4q": null,
            "revenue": 3151499,
            "revenue_4q": null,
            "common_shares": 6117634,
            "book_valuer_per_share": 12.17,
            "book_valuer_per_share_4q_avg": 12.19,
            "equity": 7447942,
            "current_ratio": 127.21,
            "debt_ratio": 33.08,
            "inventory_turnover_ratio": 1.67,
            "account_receivable_turnover_ratio": 1.82,
            "reinvestment_rate": -196.67,
            "research_to_sale_ratio": 0.55,
            "price_fair": 14.14,
            "eps_avg_yearly": 0.4,
            "eps_latest_yearly": 0.2,
            "eps_growth_yearly": 161.39
        },
        "20164": {
            "year_quarter": 20164,
            "year": 2016,
            "quarter": 4,
            "eps": 0.18,
            "eps_growth_year": 439.55,
            "eps_4q": 0.34,
            "eps_4q_growth_year": 57.64,
            "roe": 1.5,
            "roe_4q": 2.78,
            "gross_profit": 219862,
            "gross_margin": 6.1,
            "gross_margin_4q_avg": 5.2,
            "net_income": 113047,
            "net_income_4q": null,
            "revenue": 3606970,
            "revenue_4q": null,
            "common_shares": 6117634,
            "book_valuer_per_share": 12.39,
            "book_valuer_per_share_4q_avg": 12.23,
            "equity": 7580242,
            "current_ratio": 133.38,
            "debt_ratio": 33.95,
            "inventory_turnover_ratio": 1.9,
            "account_receivable_turnover_ratio": 1.77,
            "reinvestment_rate": -198.35,
            "research_to_sale_ratio": 0.56,
            "price_fair": 15.54,
            "eps_avg_yearly": 0.44,
            "eps_latest_yearly": 0.72,
            "eps_growth_yearly": 252.06
        },
        "20171": {
            "year_quarter": 20171,
            "year": 2017,
            "quarter": 1,
            "eps": 0.35,
            "eps_growth_year": 1066.67,
            "eps_4q": 0.67,
            "eps_4q_growth_year": 91.19,
            "roe": 2.82,
            "roe_4q": 5.390000000000001,
            "gross_profit": 460157,
            "gross_margin": 11.15,
            "gross_margin_4q_avg": 6.89,
            "net_income": 217125,
            "net_income_4q": null,
            "revenue": 4126514,
            "revenue_4q": null,
            "common_shares": 6117634,
            "book_valuer_per_share": 12.75,
            "book_valuer_per_share_4q_avg": 12.36,
            "equity": 7797092,
            "current_ratio": 137.16,
            "debt_ratio": 36.73,
            "inventory_turnover_ratio": 1.73,
            "account_receivable_turnover_ratio": 1.68,
            "reinvestment_rate": -176.27,
            "research_to_sale_ratio": 0.36,
            "price_fair": 16.66,
            "eps_avg_yearly": 0.48,
            "eps_latest_yearly": 1.4,
            "eps_growth_yearly": 194.83
        },
        "20172": {
            "year_quarter": 20172,
            "year": 2017,
            "quarter": 2,
            "eps": -0.34,
            "eps_growth_year": -525,
            "eps_4q": 0.25,
            "eps_4q_growth_year": null,
            "roe": -2.77,
            "roe_4q": 1.9499999999999997,
            "gross_profit": -216677,
            "gross_margin": -6.95,
            "gross_margin_4q_avg": 3.59,
            "net_income": -210249,
            "net_income_4q": null,
            "revenue": 3116980,
            "revenue_4q": null,
            "common_shares": 6117634,
            "book_valuer_per_share": 12.1,
            "book_valuer_per_share_4q_avg": 12.35,
            "equity": 7403452,
            "current_ratio": 139.06,
            "debt_ratio": 32.69,
            "inventory_turnover_ratio": 1.38,
            "account_receivable_turnover_ratio": 1.46,
            "reinvestment_rate": -289.08,
            "research_to_sale_ratio": 0.51,
            "price_fair": 17.11,
            "eps_avg_yearly": 0.49,
            "eps_latest_yearly": 1.4,
            "eps_growth_yearly": 246.11
        },
        "20173": {
            "year_quarter": 20173,
            "year": 2017,
            "quarter": 3,
            "eps": 0.28,
            "eps_growth_year": 460,
            "eps_4q": 0.48,
            "eps_4q_growth_year": 152.35,
            "roe": 2.31,
            "roe_4q": 3.86,
            "gross_profit": 251915,
            "gross_margin": 6.76,
            "gross_margin_4q_avg": 4.27,
            "net_income": 173388,
            "net_income_4q": null,
            "revenue": 3726257,
            "revenue_4q": null,
            "common_shares": 6117634,
            "book_valuer_per_share": 12.39,
            "book_valuer_per_share_4q_avg": 12.41,
            "equity": 7576967,
            "current_ratio": 142.35,
            "debt_ratio": 34.21,
            "inventory_turnover_ratio": 1.49,
            "account_receivable_turnover_ratio": 1.95,
            "reinvestment_rate": -233,
            "research_to_sale_ratio": 0.72,
            "price_fair": 17.85,
            "eps_avg_yearly": 0.51,
            "eps_latest_yearly": 1.4,
            "eps_growth_yearly": 282.43
        },
        "20174": {
            "year_quarter": 20174,
            "year": 2017,
            "quarter": 4,
            "eps": 0.3,
            "eps_growth_year": 60.16,
            "eps_4q": 0.59,
            "eps_4q_growth_year": 73.44,
            "roe": 2.36,
            "roe_4q": 4.72,
            "gross_profit": 341097,
            "gross_margin": 8.52,
            "gross_margin_4q_avg": 4.87,
            "net_income": 181051,
            "net_income_4q": null,
            "revenue": 4005218,
            "revenue_4q": null,
            "common_shares": 6117634,
            "book_valuer_per_share": 12.69,
            "book_valuer_per_share_4q_avg": 12.48,
            "equity": 7762815,
            "current_ratio": 144.27,
            "debt_ratio": 35.95,
            "inventory_turnover_ratio": 1.51,
            "account_receivable_turnover_ratio": 1.73,
            "reinvestment_rate": -204.96,
            "research_to_sale_ratio": 0.66,
            "price_fair": 20.3,
            "eps_avg_yearly": 0.58,
            "eps_latest_yearly": 1.2,
            "eps_growth_yearly": 236
        },
        "20181": {
            "year_quarter": 20181,
            "year": 2018,
            "quarter": 1,
            "eps": 0.15,
            "eps_growth_year": -57.14,
            "eps_4q": 0.38,
            "eps_4q_growth_year": -42.63,
            "roe": 1.16,
            "roe_4q": 3.06,
            "gross_profit": 244792,
            "gross_margin": 5.95,
            "gross_margin_4q_avg": 3.57,
            "net_income": 91050,
            "net_income_4q": null,
            "revenue": 4112022,
            "revenue_4q": null,
            "common_shares": 6117634,
            "book_valuer_per_share": 12.9,
            "book_valuer_per_share_4q_avg": 12.52,
            "equity": 7890987,
            "current_ratio": 148.45,
            "debt_ratio": 35.67,
            "inventory_turnover_ratio": 1.49,
            "account_receivable_turnover_ratio": 1.62,
            "reinvestment_rate": -257.95,
            "research_to_sale_ratio": 0.45,
            "price_fair": 20.65,
            "eps_avg_yearly": 0.59,
            "eps_latest_yearly": 0.6,
            "eps_growth_yearly": 220.38
        },
        "20182": {
            "year_quarter": 20182,
            "year": 2018,
            "quarter": 2,
            "eps": 0.27,
            "eps_growth_year": null,
            "eps_4q": 0.99,
            "eps_4q_growth_year": 305.63,
            "roe": 2.07,
            "roe_4q": 7.9,
            "gross_profit": 178215,
            "gross_margin": 4.47,
            "gross_margin_4q_avg": 6.43,
            "net_income": 162656,
            "net_income_4q": null,
            "revenue": 3985384,
            "revenue_4q": null,
            "common_shares": 6117634,
            "book_valuer_per_share": 12.73,
            "book_valuer_per_share_4q_avg": 12.68,
            "equity": 7790748,
            "current_ratio": 148.43,
            "debt_ratio": 36.4,
            "inventory_turnover_ratio": 1.38,
            "account_receivable_turnover_ratio": 1.54,
            "reinvestment_rate": -204.02,
            "research_to_sale_ratio": null,
            "price_fair": 22.56,
            "eps_avg_yearly": 0.64,
            "eps_latest_yearly": 1.08,
            "eps_growth_yearly": 231.45
        },
        "20183": {
            "year_quarter": 20183,
            "year": 2018,
            "quarter": 3,
            "eps": 0.14,
            "eps_growth_year": -50,
            "eps_4q": 0.85,
            "eps_4q_growth_year": 77.06,
            "roe": 1.08,
            "roe_4q": 6.67,
            "gross_profit": 151502,
            "gross_margin": 3.87,
            "gross_margin_4q_avg": 5.7,
            "net_income": 84569,
            "net_income_4q": null,
            "revenue": 3918460,
            "revenue_4q": null,
            "common_shares": 6117634,
            "book_valuer_per_share": 12.84,
            "book_valuer_per_share_4q_avg": 12.79,
            "equity": 7856710,
            "current_ratio": 150.47,
            "debt_ratio": 36.88,
            "inventory_turnover_ratio": 1.3,
            "account_receivable_turnover_ratio": 1.55,
            "reinvestment_rate": -193.9,
            "research_to_sale_ratio": 0.57,
            "price_fair": 22.26,
            "eps_avg_yearly": 0.64,
            "eps_latest_yearly": 0.56,
            "eps_growth_yearly": 189.04
        },
        "20184": {
            "year_quarter": 20184,
            "year": 2018,
            "quarter": 4,
            "eps": -0.41,
            "eps_growth_year": -237.14,
            "eps_4q": 0.15,
            "eps_4q_growth_year": -75.1,
            "roe": -3.21,
            "roe_4q": 1.0999999999999999,
            "gross_profit": -98036,
            "gross_margin": -2.57,
            "gross_margin_4q_avg": 2.93,
            "net_income": -248296,
            "net_income_4q": null,
            "revenue": 3816187,
            "revenue_4q": null,
            "common_shares": 6117634,
            "book_valuer_per_share": 12.43,
            "book_valuer_per_share_4q_avg": 12.73,
            "equity": 7605989,
            "current_ratio": 156.11,
            "debt_ratio": 33.62,
            "inventory_turnover_ratio": 1.44,
            "account_receivable_turnover_ratio": 1.58,
            "reinvestment_rate": -254.59,
            "research_to_sale_ratio": 0.57,
            "price_fair": 24.11,
            "eps_avg_yearly": 0.69,
            "eps_latest_yearly": 0.56,
            "eps_growth_yearly": 210.05
        },
        "20191": {
            "year_quarter": 20191,
            "year": 2019,
            "quarter": 1,
            "eps": 0.01,
            "eps_growth_year": -93.33,
            "eps_4q": 0,
            "eps_4q_growth_year": -99.09,
            "roe": 0.04,
            "roe_4q": -0.020000000000000018,
            "gross_profit": 37561,
            "gross_margin": 1.06,
            "gross_margin_4q_avg": 1.71,
            "net_income": 3219,
            "net_income_4q": null,
            "revenue": 3543072,
            "revenue_4q": null,
            "common_shares": 6117634,
            "book_valuer_per_share": 12.41,
            "book_valuer_per_share_4q_avg": 12.6,
            "equity": 7591292,
            "current_ratio": 158.87,
            "debt_ratio": 33.6,
            "inventory_turnover_ratio": 1.45,
            "account_receivable_turnover_ratio": 1.54,
            "reinvestment_rate": -224.4,
            "research_to_sale_ratio": 0.57,
            "price_fair": 24.11,
            "eps_avg_yearly": 0.69,
            "eps_latest_yearly": 0.56,
            "eps_growth_yearly": 210.05
        },
        "20192": {
            "year_quarter": 20192,
            "year": 2019,
            "quarter": 2,
            "eps": 0.01,
            "eps_growth_year": -96.3,
            "eps_4q": -0.25,
            "eps_4q_growth_year": -125.16,
            "roe": 0.1,
            "roe_4q": -1.9899999999999998,
            "gross_profit": 61354,
            "gross_margin": 2.04,
            "gross_margin_4q_avg": 1.1,
            "net_income": 7501,
            "net_income_4q": null,
            "revenue": 3005263,
            "revenue_4q": null,
            "common_shares": 6117634,
            "book_valuer_per_share": 12.27,
            "book_valuer_per_share_4q_avg": 12.49,
            "equity": 7504729,
            "current_ratio": 152.07,
            "debt_ratio": 33.07,
            "inventory_turnover_ratio": 1.22,
            "account_receivable_turnover_ratio": 1.5,
            "reinvestment_rate": -310.79,
            "research_to_sale_ratio": null,
            "price_fair": 21.84,
            "eps_avg_yearly": 0.62,
            "eps_latest_yearly": 0.04,
            "eps_growth_yearly": 189.04
        },
        "20193": {
            "year_quarter": 20193,
            "year": 2019,
            "quarter": 3,
            "eps": -0.18,
            "eps_growth_year": -228.57,
            "eps_4q": -0.57,
            "eps_4q_growth_year": -166.87,
            "roe": -1.47,
            "roe_4q": -4.54,
            "gross_profit": 36202,
            "gross_margin": 1.29,
            "gross_margin_4q_avg": 0.46,
            "net_income": -109690,
            "net_income_4q": null,
            "revenue": 2815028,
            "revenue_4q": null,
            "common_shares": 6117634,
            "book_valuer_per_share": 12.12,
            "book_valuer_per_share_4q_avg": 12.31,
            "equity": 7415582,
            "current_ratio": 154.27,
            "debt_ratio": 31.74,
            "inventory_turnover_ratio": 1.16,
            "account_receivable_turnover_ratio": 1.68,
            "reinvestment_rate": -323.9,
            "research_to_sale_ratio": 0.69,
            "price_fair": 21.84,
            "eps_avg_yearly": 0.62,
            "eps_latest_yearly": 0.04,
            "eps_growth_yearly": 189.04
        },
        "20194": {
            "year_quarter": 20194,
            "year": 2019,
            "quarter": 4,
            "eps": -0.33,
            "eps_growth_year": null,
            "eps_4q": -0.49,
            "eps_4q_growth_year": -436.34,
            "roe": -2.79,
            "roe_4q": -4.12,
            "gross_profit": -150384,
            "gross_margin": -6.07,
            "gross_margin_4q_avg": -0.42,
            "net_income": -203668,
            "net_income_4q": null,
            "revenue": 2478014,
            "revenue_4q": null,
            "common_shares": 6117634,
            "book_valuer_per_share": 11.77,
            "book_valuer_per_share_4q_avg": 12.14,
            "equity": 7200208,
            "current_ratio": 167.45,
            "debt_ratio": 25.15,
            "inventory_turnover_ratio": 1.31,
            "account_receivable_turnover_ratio": 1.8,
            "reinvestment_rate": -514.55,
            "research_to_sale_ratio": 0.47,
            "price_fair": 21.84,
            "eps_avg_yearly": 0.62,
            "eps_latest_yearly": 0.04,
            "eps_growth_yearly": 189.04
        },
        "20201": {
            "year_quarter": 20201,
            "year": 2020,
            "quarter": 1,
            "eps": -0.33,
            "eps_growth_year": -3400,
            "eps_4q": -0.84,
            "eps_4q_growth_year": -23917.35,
            "roe": -2.86,
            "roe_4q": -7.0200000000000005,
            "gross_profit": 14575,
            "gross_margin": 0.68,
            "gross_margin_4q_avg": -0.52,
            "net_income": -201780,
            "net_income_4q": null,
            "revenue": 2144335,
            "revenue_4q": null,
            "common_shares": 6117634,
            "book_valuer_per_share": 11.4,
            "book_valuer_per_share_4q_avg": 11.89,
            "equity": 6920899,
            "current_ratio": 149.62,
            "debt_ratio": 28.85,
            "inventory_turnover_ratio": 1.22,
            "account_receivable_turnover_ratio": 1.87,
            "reinvestment_rate": -1139.45,
            "research_to_sale_ratio": 0.72,
            "price_fair": 23.8,
            "eps_avg_yearly": 0.68,
            "eps_latest_yearly": 0.04,
            "eps_growth_yearly": 210.05
        },
        "20202": {
            "year_quarter": 20202,
            "year": 2020,
            "quarter": 2,
            "eps": -0.28,
            "eps_growth_year": -2900,
            "eps_4q": -1.18,
            "eps_4q_growth_year": null,
            "roe": -2.46,
            "roe_4q": -9.58,
            "gross_profit": -242347,
            "gross_margin": -18.87,
            "gross_margin_4q_avg": -5.74,
            "net_income": -165894,
            "net_income_4q": null,
            "revenue": 1284033,
            "revenue_4q": null,
            "common_shares": 5780004,
            "book_valuer_per_share": 11.4,
            "book_valuer_per_share_4q_avg": 11.67,
            "equity": 6590664,
            "current_ratio": 152.12,
            "debt_ratio": 24.5,
            "inventory_turnover_ratio": 0.87,
            "account_receivable_turnover_ratio": 1.46,
            "reinvestment_rate": null,
            "research_to_sale_ratio": null,
            "price_fair": 25.38,
            "eps_avg_yearly": 0.73,
            "eps_latest_yearly": 0.04,
            "eps_growth_yearly": 152.97
        },
        "20203": {
            "year_quarter": 20203,
            "year": 2020,
            "quarter": 3,
            "eps": 0.07,
            "eps_growth_year": null,
            "eps_4q": -0.96,
            "eps_4q_growth_year": null,
            "roe": 0.62,
            "roe_4q": -7.489999999999999,
            "gross_profit": 50587,
            "gross_margin": 2.57,
            "gross_margin_4q_avg": -5.42,
            "net_income": 40575,
            "net_income_4q": null,
            "revenue": 1969143,
            "revenue_4q": null,
            "common_shares": 5780004,
            "book_valuer_per_share": 11.63,
            "book_valuer_per_share_4q_avg": 11.55,
            "equity": 6421447,
            "current_ratio": 143.3,
            "debt_ratio": 26.31,
            "inventory_turnover_ratio": 1.31,
            "account_receivable_turnover_ratio": 2.33,
            "reinvestment_rate": null,
            "research_to_sale_ratio": 0.69,
            "price_fair": 28,
            "eps_avg_yearly": 0.8,
            "eps_latest_yearly": 0.04,
            "eps_growth_yearly": 196.25
        },
        "20204": {
            "year_quarter": 20204,
            "year": 2020,
            "quarter": 4,
            "eps": 0.54,
            "eps_growth_year": null,
            "eps_4q": -0.08,
            "eps_4q_growth_year": null,
            "roe": 4.43,
            "roe_4q": -0.27,
            "gross_profit": 261648,
            "gross_margin": 11.49,
            "gross_margin_4q_avg": -1.03,
            "net_income": 286984,
            "net_income_4q": null,
            "revenue": 2278096,
            "revenue_4q": null,
            "common_shares": 5500014,
            "book_valuer_per_share": 12.25,
            "book_valuer_per_share_4q_avg": 11.67,
            "equity": 6525869,
            "current_ratio": 147.71,
            "debt_ratio": 26.89,
            "inventory_turnover_ratio": 1.7,
            "account_receivable_turnover_ratio": 1.98,
            "reinvestment_rate": -1265.56,
            "research_to_sale_ratio": 0.56,
            "price_fair": 35.2,
            "eps_avg_yearly": 1.01,
            "eps_latest_yearly": 2.16,
            "eps_growth_yearly": 431.35
        },
        "20211": {
            "year_quarter": 20211,
            "year": 2021,
            "quarter": 1,
            "eps": 0.72,
            "eps_growth_year": null,
            "eps_4q": 1.02,
            "eps_4q_growth_year": null,
            "roe": 5.68,
            "roe_4q": 8.27,
            "gross_profit": 340727,
            "gross_margin": 14.42,
            "gross_margin_4q_avg": 2.4,
            "net_income": 381949,
            "net_income_4q": null,
            "revenue": 2363278,
            "revenue_4q": null,
            "common_shares": 5316884,
            "book_valuer_per_share": 13.01,
            "book_valuer_per_share_4q_avg": 12.07,
            "equity": 6918988,
            "current_ratio": 158.64,
            "debt_ratio": 27.36,
            "inventory_turnover_ratio": 1.61,
            "account_receivable_turnover_ratio": 1.91,
            "reinvestment_rate": -470.19,
            "research_to_sale_ratio": 0.55,
            "price_fair": 42.6,
            "eps_avg_yearly": 1.22,
            "eps_latest_yearly": 2.88,
            "eps_growth_yearly": 396.43
        },
        "20212": {
            "year_quarter": 20212,
            "year": 2021,
            "quarter": 2,
            "eps": 1.02,
            "eps_growth_year": null,
            "eps_4q": 2.35,
            "eps_4q_growth_year": null,
            "roe": 7.52,
            "roe_4q": 18.25,
            "gross_profit": 408735,
            "gross_margin": 14.9,
            "gross_margin_4q_avg": 10.85,
            "net_income": 542419,
            "net_income_4q": null,
            "revenue": 2743880,
            "revenue_4q": null,
            "common_shares": 5316884,
            "book_valuer_per_share": 14.13,
            "book_valuer_per_share_4q_avg": 12.76,
            "equity": 7513704,
            "current_ratio": 166.96,
            "debt_ratio": 29.81,
            "inventory_turnover_ratio": 1.25,
            "account_receivable_turnover_ratio": 2.16,
            "reinvestment_rate": -105.59,
            "research_to_sale_ratio": 0.52,
            "price_fair": 55.13,
            "eps_avg_yearly": 1.58,
            "eps_latest_yearly": 4.08,
            "eps_growth_yearly": 367.71
        },
        "20213": {
            "year_quarter": 20213,
            "year": 2021,
            "quarter": 3,
            "eps": -0.16,
            "eps_growth_year": -328.57,
            "eps_4q": 2.12,
            "eps_4q_growth_year": null,
            "roe": -1.12,
            "roe_4q": 16.509999999999998,
            "gross_profit": 284177,
            "gross_margin": 9.5,
            "gross_margin_4q_avg": 12.58,
            "net_income": -82728,
            "net_income_4q": null,
            "revenue": 2990195,
            "revenue_4q": null,
            "common_shares": 5316884,
            "book_valuer_per_share": 13.61,
            "book_valuer_per_share_4q_avg": 13.25,
            "equity": 7237795,
            "current_ratio": 152.79,
            "debt_ratio": 32.65,
            "inventory_turnover_ratio": 1.16,
            "account_receivable_turnover_ratio": 2.2,
            "reinvestment_rate": -130.72,
            "research_to_sale_ratio": 0.47,
            "price_fair": 55.13,
            "eps_avg_yearly": 1.58,
            "eps_latest_yearly": 4.08,
            "eps_growth_yearly": 367.71
        },
        "20214": {
            "year_quarter": 20214,
            "year": 2021,
            "quarter": 4,
            "eps": 0.15,
            "eps_growth_year": -72.62,
            "eps_4q": 1.73,
            "eps_4q_growth_year": null,
            "roe": 1.08,
            "roe_4q": 13.16,
            "gross_profit": 188313,
            "gross_margin": 6.03,
            "gross_margin_4q_avg": 11.21,
            "net_income": 78437,
            "net_income_4q": null,
            "revenue": 3121160,
            "revenue_4q": null,
            "common_shares": 5316884,
            "book_valuer_per_share": 13.75,
            "book_valuer_per_share_4q_avg": 13.63,
            "equity": 7310310,
            "current_ratio": 156.03,
            "debt_ratio": 32.17,
            "inventory_turnover_ratio": 1.27,
            "account_receivable_turnover_ratio": 2.07,
            "reinvestment_rate": -148.32,
            "research_to_sale_ratio": 0.56,
            "price_fair": 57,
            "eps_avg_yearly": 1.63,
            "eps_latest_yearly": 4.08,
            "eps_growth_yearly": 416.16
        },
        "20221": {
            "year_quarter": 20221,
            "year": 2022,
            "quarter": 1,
            "eps": 0.15,
            "eps_growth_year": -79.17,
            "eps_4q": 1.16,
            "eps_4q_growth_year": 13.8,
            "roe": 1.09,
            "roe_4q": 8.57,
            "gross_profit": 257782,
            "gross_margin": 9.14,
            "gross_margin_4q_avg": 9.89,
            "net_income": 80494,
            "net_income_4q": null,
            "revenue": 2821857,
            "revenue_4q": null,
            "common_shares": 5316884,
            "book_valuer_per_share": 13.91,
            "book_valuer_per_share_4q_avg": 13.85,
            "equity": 7396552,
            "current_ratio": 163.81,
            "debt_ratio": 30.32,
            "inventory_turnover_ratio": 1.11,
            "account_receivable_turnover_ratio": 1.86,
            "reinvestment_rate": -72.3,
            "research_to_sale_ratio": 0.54,
            "price_fair": 57,
            "eps_avg_yearly": 1.63,
            "eps_latest_yearly": 0.6,
            "eps_growth_yearly": 444.73
        },
        "20222": {
            "year_quarter": 20222,
            "year": 2022,
            "quarter": 2,
            "eps": -0.06,
            "eps_growth_year": -105.88,
            "eps_4q": 0.08,
            "eps_4q_growth_year": -96.61,
            "roe": -0.47,
            "roe_4q": 0.5800000000000001,
            "gross_profit": 209351,
            "gross_margin": 8.2,
            "gross_margin_4q_avg": 8.22,
            "net_income": -33817,
            "net_income_4q": null,
            "revenue": 2553559,
            "revenue_4q": null,
            "common_shares": 5316884,
            "book_valuer_per_share": 13,
            "book_valuer_per_share_4q_avg": 13.57,
            "equity": 6913981,
            "current_ratio": 144.32,
            "debt_ratio": 33.63,
            "inventory_turnover_ratio": 0.92,
            "account_receivable_turnover_ratio": 2.07,
            "reinvestment_rate": -91.48,
            "research_to_sale_ratio": 0.52,
            "price_fair": 60.2,
            "eps_avg_yearly": 1.72,
            "eps_latest_yearly": 0.6,
            "eps_growth_yearly": 465.52
        },
        "20223": {
            "year_quarter": 20223,
            "year": 2022,
            "quarter": 3,
            "eps": -0.42,
            "eps_growth_year": null,
            "eps_4q": -0.19,
            "eps_4q_growth_year": -108.8,
            "roe": -3.3,
            "roe_4q": -1.5999999999999996,
            "gross_profit": -113892,
            "gross_margin": -5.3,
            "gross_margin_4q_avg": 4.52,
            "net_income": -224471,
            "net_income_4q": null,
            "revenue": 2149667,
            "revenue_4q": null,
            "common_shares": 5316884,
            "book_valuer_per_share": 12.58,
            "book_valuer_per_share_4q_avg": 13.31,
            "equity": 6686973,
            "current_ratio": 145.13,
            "debt_ratio": 31.13,
            "inventory_turnover_ratio": 0.89,
            "account_receivable_turnover_ratio": 2.22,
            "reinvestment_rate": -239.91,
            "research_to_sale_ratio": 0.71,
            "price_fair": 68.32,
            "eps_avg_yearly": 1.95,
            "eps_latest_yearly": 0.6,
            "eps_growth_yearly": 597.14
        },
        "20224": {
            "year_quarter": 20224,
            "year": 2022,
            "quarter": 4,
            "eps": -0.2,
            "eps_growth_year": -232.59,
            "eps_4q": -0.53,
            "eps_4q_growth_year": -130.63,
            "roe": -1.57,
            "roe_4q": -4.25,
            "gross_profit": -139641,
            "gross_margin": -7.86,
            "gross_margin_4q_avg": 1.05,
            "net_income": -104000,
            "net_income_4q": null,
            "revenue": 1776362,
            "revenue_4q": null,
            "common_shares": 5316884,
            "book_valuer_per_share": 12.39,
            "book_valuer_per_share_4q_avg": 12.97,
            "equity": 6589372,
            "current_ratio": 149.63,
            "debt_ratio": 28.24,
            "inventory_turnover_ratio": 0.9,
            "account_receivable_turnover_ratio": 2.07,
            "reinvestment_rate": -104.63,
            "research_to_sale_ratio": 0.79,
            "price_fair": 68.32,
            "eps_avg_yearly": 1.95,
            "eps_latest_yearly": 0.6,
            "eps_growth_yearly": 597.14
        },
        "20231": {
            "year_quarter": 20231,
            "year": 2023,
            "quarter": 1,
            "eps": -0.08,
            "eps_growth_year": -153.33,
            "eps_4q": -0.76,
            "eps_4q_growth_year": -165.13,
            "roe": -0.62,
            "roe_4q": -5.96,
            "gross_profit": 22487,
            "gross_margin": 1.25,
            "gross_margin_4q_avg": -0.93,
            "net_income": -40598,
            "net_income_4q": null,
            "revenue": 1802874,
            "revenue_4q": null,
            "common_shares": 5316884,
            "book_valuer_per_share": 12.35,
            "book_valuer_per_share_4q_avg": 12.58,
            "equity": 6567145,
            "current_ratio": 231.77,
            "debt_ratio": 32.26,
            "inventory_turnover_ratio": 0.93,
            "account_receivable_turnover_ratio": 2.02,
            "reinvestment_rate": -33.93,
            "research_to_sale_ratio": 0.86,
            "price_fair": 68.32,
            "eps_avg_yearly": 1.95,
            "eps_latest_yearly": 0.6,
            "eps_growth_yearly": 597.14
        },
        "20232": {
            "year_quarter": 20232,
            "year": 2023,
            "quarter": 2,
            "eps": -0.28,
            "eps_growth_year": null,
            "eps_4q": -0.97,
            "eps_4q_growth_year": -1321.56,
            "roe": -2.3,
            "roe_4q": -7.79,
            "gross_profit": -134526,
            "gross_margin": -7.75,
            "gross_margin_4q_avg": -4.92,
            "net_income": -148702,
            "net_income_4q": null,
            "revenue": 1735422,
            "revenue_4q": null,
            "common_shares": 5316884,
            "book_valuer_per_share": 11.96,
            "book_valuer_per_share_4q_avg": 12.32,
            "equity": 6361149,
            "current_ratio": 196.54,
            "debt_ratio": 34.88,
            "inventory_turnover_ratio": 0.94,
            "account_receivable_turnover_ratio": 1.99,
            "reinvestment_rate": -51.04,
            "research_to_sale_ratio": 1.19,
            "price_fair": 85.05,
            "eps_avg_yearly": 2.43,
            "eps_latest_yearly": 0.6,
            "eps_growth_yearly": 746.43
        },
        "20233": {
            "year_quarter": 20233,
            "year": 2023,
            "quarter": 3,
            "eps": -0.16,
            "eps_growth_year": null,
            "eps_4q": -0.71,
            "eps_4q_growth_year": null,
            "roe": -1.36,
            "roe_4q": -5.8500000000000005,
            "gross_profit": -90959,
            "gross_margin": -4.72,
            "gross_margin_4q_avg": -4.77,
            "net_income": -86146,
            "net_income_4q": null,
            "revenue": 1925057,
            "revenue_4q": null,
            "common_shares": 5316884,
            "book_valuer_per_share": 11.77,
            "book_valuer_per_share_4q_avg": 12.12,
            "equity": 6260606,
            "current_ratio": 184.46,
            "debt_ratio": 35.93,
            "inventory_turnover_ratio": 1.1,
            "account_receivable_turnover_ratio": 1.91,
            "reinvestment_rate": 27.26,
            "research_to_sale_ratio": 0.93,
            "price_fair": 85.05,
            "eps_avg_yearly": 2.43,
            "eps_latest_yearly": 0.6,
            "eps_growth_yearly": 746.43
        }
    },
    "months": {
        "2001-06": {
            "month": "2001-06",
            "price": "4.10",
            "revenue": 420142
        },
        "2001-07": {
            "month": "2001-07",
            "price": "3.79",
            "revenue": 445615
        },
        "2001-08": {
            "month": "2001-08",
            "price": "4.39",
            "revenue": 445096
        },
        "2001-09": {
            "month": "2001-09",
            "price": "5.44",
            "revenue": 430095
        },
        "2001-10": {
            "month": "2001-10",
            "price": "4.36",
            "revenue": 461661
        },
        "2001-11": {
            "month": "2001-11",
            "price": "4.78",
            "revenue": 421852
        },
        "2001-12": {
            "month": "2001-12",
            "price": "5.32",
            "revenue": 444835
        },
        "2002-01": {
            "month": "2002-01",
            "price": "6.36",
            "revenue": 526558
        },
        "2002-02": {
            "month": "2002-02",
            "price": "6.50",
            "revenue": 444332
        },
        "2002-03": {
            "month": "2002-03",
            "price": "9.80",
            "revenue": 590634
        },
        "2002-04": {
            "month": "2002-04",
            "price": "10.11",
            "revenue": 574188
        },
        "2002-05": {
            "month": "2002-05",
            "price": "10.39",
            "revenue": 460174
        },
        "2002-06": {
            "month": "2002-06",
            "price": "9.96",
            "revenue": 535813
        },
        "2002-07": {
            "month": "2002-07",
            "price": "9.78",
            "revenue": 476372
        },
        "2002-08": {
            "month": "2002-08",
            "price": "10.97",
            "revenue": 520503
        },
        "2002-09": {
            "month": "2002-09",
            "price": "9.80",
            "revenue": 486337
        },
        "2002-10": {
            "month": "2002-10",
            "price": "9.37",
            "revenue": 610251
        },
        "2002-11": {
            "month": "2002-11",
            "price": "10.88",
            "revenue": 499503
        },
        "2002-12": {
            "month": "2002-12",
            "price": "12.05",
            "revenue": 502345
        },
        "2003-01": {
            "month": "2003-01",
            "price": "15.28",
            "revenue": 640321
        },
        "2003-02": {
            "month": "2003-02",
            "price": "12.67",
            "revenue": 605738
        },
        "2003-03": {
            "month": "2003-03",
            "price": "10.76",
            "revenue": 536835
        },
        "2003-04": {
            "month": "2003-04",
            "price": "10.16",
            "revenue": 565358
        },
        "2003-05": {
            "month": "2003-05",
            "price": "8.42",
            "revenue": 569611
        },
        "2003-06": {
            "month": "2003-06",
            "price": "9.78",
            "revenue": 593857
        },
        "2003-07": {
            "month": "2003-07",
            "price": "10.38",
            "revenue": 559006
        },
        "2003-08": {
            "month": "2003-08",
            "price": "9.92",
            "revenue": 552756
        },
        "2003-09": {
            "month": "2003-09",
            "price": "9.40",
            "revenue": 567239
        },
        "2003-10": {
            "month": "2003-10",
            "price": "10.50",
            "revenue": 547215
        },
        "2003-11": {
            "month": "2003-11",
            "price": "11.20",
            "revenue": 525826
        },
        "2003-12": {
            "month": "2003-12",
            "price": "11.22",
            "revenue": 528562
        },
        "2004-01": {
            "month": "2004-01",
            "price": "12.77",
            "revenue": 597729
        },
        "2004-02": {
            "month": "2004-02",
            "price": "12.10",
            "revenue": 710826
        },
        "2004-03": {
            "month": "2004-03",
            "price": "11.66",
            "revenue": 701919
        },
        "2004-04": {
            "month": "2004-04",
            "price": "10.66",
            "revenue": 640603
        },
        "2004-05": {
            "month": "2004-05",
            "price": "9.38",
            "revenue": 681148
        },
        "2004-06": {
            "month": "2004-06",
            "price": "9.10",
            "revenue": 663204
        },
        "2004-07": {
            "month": "2004-07",
            "price": "8.96",
            "revenue": 674837
        },
        "2004-08": {
            "month": "2004-08",
            "price": "9.32",
            "revenue": 771073
        },
        "2004-09": {
            "month": "2004-09",
            "price": "11.37",
            "revenue": 751332
        },
        "2004-10": {
            "month": "2004-10",
            "price": "10.91",
            "revenue": 827685
        },
        "2004-11": {
            "month": "2004-11",
            "price": "11.27",
            "revenue": 759703
        },
        "2004-12": {
            "month": "2004-12",
            "price": "11.63",
            "revenue": 558696
        },
        "2005-01": {
            "month": "2005-01",
            "price": "11.27",
            "revenue": 791036
        },
        "2005-02": {
            "month": "2005-02",
            "price": "11.07",
            "revenue": 622145
        },
        "2005-03": {
            "month": "2005-03",
            "price": "10.61",
            "revenue": 922686
        },
        "2005-04": {
            "month": "2005-04",
            "price": "9.95",
            "revenue": 741604
        },
        "2005-05": {
            "month": "2005-05",
            "price": "8.99",
            "revenue": 667580
        },
        "2005-06": {
            "month": "2005-06",
            "price": "9.27",
            "revenue": 789534
        },
        "2005-07": {
            "month": "2005-07",
            "price": "9.12",
            "revenue": 722215
        },
        "2005-08": {
            "month": "2005-08",
            "price": "8.13",
            "revenue": 805360
        },
        "2005-09": {
            "month": "2005-09",
            "price": "7.04",
            "revenue": 713650
        },
        "2005-10": {
            "month": "2005-10",
            "price": "6.53",
            "revenue": 710758
        },
        "2005-11": {
            "month": "2005-11",
            "price": "6.21",
            "revenue": 590920
        },
        "2005-12": {
            "month": "2005-12",
            "price": "6.85",
            "revenue": 1045971
        },
        "2006-01": {
            "month": "2006-01",
            "price": "7.03",
            "revenue": 760964
        },
        "2006-02": {
            "month": "2006-02",
            "price": "6.59",
            "revenue": 684138
        },
        "2006-03": {
            "month": "2006-03",
            "price": "5.93",
            "revenue": 730904
        },
        "2006-04": {
            "month": "2006-04",
            "price": "6.27",
            "revenue": 700003
        },
        "2006-05": {
            "month": "2006-05",
            "price": "6.57",
            "revenue": 1014307
        },
        "2006-06": {
            "month": "2006-06",
            "price": "5.97",
            "revenue": 1192953
        },
        "2006-07": {
            "month": "2006-07",
            "price": "5.92",
            "revenue": 1211926
        },
        "2006-08": {
            "month": "2006-08",
            "price": "6.06",
            "revenue": 1251232
        },
        "2006-09": {
            "month": "2006-09",
            "price": "6.07",
            "revenue": 862796
        },
        "2006-10": {
            "month": "2006-10",
            "price": "6.71",
            "revenue": 942533
        },
        "2006-11": {
            "month": "2006-11",
            "price": "7.18",
            "revenue": 1455221
        },
        "2006-12": {
            "month": "2006-12",
            "price": "8.30",
            "revenue": 1349259
        },
        "2007-01": {
            "month": "2007-01",
            "price": "7.92",
            "revenue": 1344240
        },
        "2007-02": {
            "month": "2007-02",
            "price": "8.10",
            "revenue": 667843
        },
        "2007-03": {
            "month": "2007-03",
            "price": "8.29",
            "revenue": 1187749
        },
        "2007-04": {
            "month": "2007-04",
            "price": "9.05",
            "revenue": 1074776
        },
        "2007-05": {
            "month": "2007-05",
            "price": "8.75",
            "revenue": 1349918
        },
        "2007-06": {
            "month": "2007-06",
            "price": "8.61",
            "revenue": 1357319
        },
        "2007-07": {
            "month": "2007-07",
            "price": "9.63",
            "revenue": 1346904
        },
        "2007-08": {
            "month": "2007-08",
            "price": "10.10",
            "revenue": 1382620
        },
        "2007-09": {
            "month": "2007-09",
            "price": "9.63",
            "revenue": 1338313
        },
        "2007-10": {
            "month": "2007-10",
            "price": "9.74",
            "revenue": 1647583
        },
        "2007-11": {
            "month": "2007-11",
            "price": "7.91",
            "revenue": 1328535
        },
        "2007-12": {
            "month": "2007-12",
            "price": "7.37",
            "revenue": 1198655
        },
        "2008-01": {
            "month": "2008-01",
            "price": "7.29",
            "revenue": 1254120
        },
        "2008-02": {
            "month": "2008-02",
            "price": "7.45",
            "revenue": 1234781
        },
        "2008-03": {
            "month": "2008-03",
            "price": "8.03",
            "revenue": 1438653
        },
        "2008-04": {
            "month": "2008-04",
            "price": "8.48",
            "revenue": 1409857
        },
        "2008-05": {
            "month": "2008-05",
            "price": "8.41",
            "revenue": 1441504
        },
        "2008-06": {
            "month": "2008-06",
            "price": "7.33",
            "revenue": 1265607
        },
        "2008-07": {
            "month": "2008-07",
            "price": "5.80",
            "revenue": 1254159
        },
        "2008-08": {
            "month": "2008-08",
            "price": "5.58",
            "revenue": 1016470
        },
        "2008-09": {
            "month": "2008-09",
            "price": "4.77",
            "revenue": 1035421
        },
        "2008-10": {
            "month": "2008-10",
            "price": "3.94",
            "revenue": 919274
        },
        "2008-11": {
            "month": "2008-11",
            "price": "3.74",
            "revenue": 721476
        },
        "2008-12": {
            "month": "2008-12",
            "price": "3.83",
            "revenue": 714931
        },
        "2009-01": {
            "month": "2009-01",
            "price": "3.78",
            "revenue": 563469
        },
        "2009-02": {
            "month": "2009-02",
            "price": "3.64",
            "revenue": 1027437
        },
        "2009-03": {
            "month": "2009-03",
            "price": "4.08",
            "revenue": 986783
        },
        "2009-04": {
            "month": "2009-04",
            "price": "4.78",
            "revenue": 1080472
        },
        "2009-05": {
            "month": "2009-05",
            "price": "5.15",
            "revenue": 964471
        },
        "2009-06": {
            "month": "2009-06",
            "price": "5.13",
            "revenue": 1042598
        },
        "2009-07": {
            "month": "2009-07",
            "price": "5.91",
            "revenue": 1022876
        },
        "2009-08": {
            "month": "2009-08",
            "price": "8.45",
            "revenue": 1136854
        },
        "2009-09": {
            "month": "2009-09",
            "price": "9.04",
            "revenue": 1166310
        },
        "2009-10": {
            "month": "2009-10",
            "price": "11.74",
            "revenue": 1177599
        },
        "2009-11": {
            "month": "2009-11",
            "price": "13.02",
            "revenue": 1342882
        },
        "2009-12": {
            "month": "2009-12",
            "price": "13.02",
            "revenue": 1315139
        },
        "2010-01": {
            "month": "2010-01",
            "price": "13.48",
            "revenue": 1380622
        },
        "2010-02": {
            "month": "2010-02",
            "price": "12.08",
            "revenue": 1098885
        },
        "2010-03": {
            "month": "2010-03",
            "price": "13.64",
            "revenue": 1580113
        },
        "2010-04": {
            "month": "2010-04",
            "price": "15.50",
            "revenue": 1580200
        },
        "2010-05": {
            "month": "2010-05",
            "price": "15.21",
            "revenue": 1496567
        },
        "2010-06": {
            "month": "2010-06",
            "price": "13.99",
            "revenue": 1055225
        },
        "2010-07": {
            "month": "2010-07",
            "price": "13.31",
            "revenue": 1262588
        },
        "2010-08": {
            "month": "2010-08",
            "price": "14.95",
            "revenue": 1521444
        },
        "2010-09": {
            "month": "2010-09",
            "price": "15.60",
            "revenue": 1486783
        },
        "2010-10": {
            "month": "2010-10",
            "price": "16.35",
            "revenue": 1599540
        },
        "2010-11": {
            "month": "2010-11",
            "price": "15.46",
            "revenue": 1601597
        },
        "2010-12": {
            "month": "2010-12",
            "price": "15.80",
            "revenue": 1620036
        },
        "2011-01": {
            "month": "2011-01",
            "price": "17.23",
            "revenue": 1552820
        },
        "2011-02": {
            "month": "2011-02",
            "price": "20.24",
            "revenue": 1593744
        },
        "2011-03": {
            "month": "2011-03",
            "price": "19.74",
            "revenue": 1901543
        },
        "2011-04": {
            "month": "2011-04",
            "price": "21.23",
            "revenue": 1397562
        },
        "2011-05": {
            "month": "2011-05",
            "price": "18.40",
            "revenue": 1247002
        },
        "2011-06": {
            "month": "2011-06",
            "price": "17.22",
            "revenue": 1594329
        },
        "2011-07": {
            "month": "2011-07",
            "price": "18.04",
            "revenue": 1944042
        },
        "2011-08": {
            "month": "2011-08",
            "price": "18.93",
            "revenue": 1880396
        },
        "2011-09": {
            "month": "2011-09",
            "price": "16.15",
            "revenue": 1674106
        },
        "2011-10": {
            "month": "2011-10",
            "price": "13.98",
            "revenue": 1318924
        },
        "2011-11": {
            "month": "2011-11",
            "price": "13.44",
            "revenue": 1328223
        },
        "2011-12": {
            "month": "2011-12",
            "price": "11.02",
            "revenue": 1534419
        },
        "2012-01": {
            "month": "2012-01",
            "price": "12.67",
            "revenue": 1454966
        },
        "2012-02": {
            "month": "2012-02",
            "price": "14.09",
            "revenue": 1695368
        },
        "2012-03": {
            "month": "2012-03",
            "price": "13.01",
            "revenue": 1604419
        },
        "2012-04": {
            "month": "2012-04",
            "price": "10.31",
            "revenue": 1271192
        },
        "2012-05": {
            "month": "2012-05",
            "price": "10.36",
            "revenue": 1500703
        },
        "2012-06": {
            "month": "2012-06",
            "price": "9.33",
            "revenue": 1161801
        },
        "2012-07": {
            "month": "2012-07",
            "price": "9.64",
            "revenue": 1494857
        },
        "2012-08": {
            "month": "2012-08",
            "price": "10.35",
            "revenue": 1524329
        },
        "2012-09": {
            "month": "2012-09",
            "price": "10.51",
            "revenue": 1275691
        },
        "2012-10": {
            "month": "2012-10",
            "price": "10.30",
            "revenue": 1335248
        },
        "2012-11": {
            "month": "2012-11",
            "price": "8.26",
            "revenue": 1264724
        },
        "2012-12": {
            "month": "2012-12",
            "price": "9.40",
            "revenue": 1413059
        },
        "2013-01": {
            "month": "2013-01",
            "price": "9.79",
            "revenue": 1450849
        },
        "2013-02": {
            "month": "2013-02",
            "price": "9.93",
            "revenue": 1159804
        },
        "2013-03": {
            "month": "2013-03",
            "price": "9.79",
            "revenue": 1390296
        },
        "2013-04": {
            "month": "2013-04",
            "price": "8.90",
            "revenue": 1147665
        },
        "2013-05": {
            "month": "2013-05",
            "price": "9.10",
            "revenue": 1603909
        },
        "2013-06": {
            "month": "2013-06",
            "price": "9.54",
            "revenue": 1708127
        },
        "2013-07": {
            "month": "2013-07",
            "price": "9.95",
            "revenue": 1548373
        },
        "2013-08": {
            "month": "2013-08",
            "price": "9.66",
            "revenue": 1612889
        },
        "2013-09": {
            "month": "2013-09",
            "price": "9.80",
            "revenue": 1595632
        },
        "2013-10": {
            "month": "2013-10",
            "price": "10.65",
            "revenue": 1665489
        },
        "2013-11": {
            "month": "2013-11",
            "price": "10.24",
            "revenue": 1619209
        },
        "2013-12": {
            "month": "2013-12",
            "price": "10.37",
            "revenue": 1772466
        },
        "2014-01": {
            "month": "2014-01",
            "price": "10.35",
            "revenue": 1619349
        },
        "2014-02": {
            "month": "2014-02",
            "price": "10.06",
            "revenue": 1422205
        },
        "2014-03": {
            "month": "2014-03",
            "price": "9.88",
            "revenue": 1461767
        },
        "2014-04": {
            "month": "2014-04",
            "price": "9.70",
            "revenue": 1698672
        },
        "2014-05": {
            "month": "2014-05",
            "price": "9.47",
            "revenue": 1591546
        },
        "2014-06": {
            "month": "2014-06",
            "price": "9.42",
            "revenue": 1424292
        },
        "2014-07": {
            "month": "2014-07",
            "price": "9.26",
            "revenue": 1540411
        },
        "2014-08": {
            "month": "2014-08",
            "price": "8.76",
            "revenue": 1374416
        },
        "2014-09": {
            "month": "2014-09",
            "price": "8.73",
            "revenue": 1338252
        },
        "2014-10": {
            "month": "2014-10",
            "price": "8.45",
            "revenue": 1540372
        },
        "2014-11": {
            "month": "2014-11",
            "price": "8.24",
            "revenue": 1507834
        },
        "2014-12": {
            "month": "2014-12",
            "price": "8.58",
            "revenue": 1653052
        },
        "2015-01": {
            "month": "2015-01",
            "price": "9.05",
            "revenue": 1337188
        },
        "2015-02": {
            "month": "2015-02",
            "price": "8.98",
            "revenue": 1172689
        },
        "2015-03": {
            "month": "2015-03",
            "price": "9.06",
            "revenue": 1515130
        },
        "2015-04": {
            "month": "2015-04",
            "price": "10.04",
            "revenue": 1505210
        },
        "2015-05": {
            "month": "2015-05",
            "price": "11.45",
            "revenue": 1474802
        },
        "2015-06": {
            "month": "2015-06",
            "price": "13.89",
            "revenue": 1216044
        },
        "2015-07": {
            "month": "2015-07",
            "price": "12.82",
            "revenue": 1170484
        },
        "2015-08": {
            "month": "2015-08",
            "price": "10.28",
            "revenue": 1030891
        },
        "2015-09": {
            "month": "2015-09",
            "price": "10.38",
            "revenue": 1069727
        },
        "2015-10": {
            "month": "2015-10",
            "price": "10.21",
            "revenue": 1149926
        },
        "2015-11": {
            "month": "2015-11",
            "price": "8.72",
            "revenue": 1146429
        },
        "2015-12": {
            "month": "2015-12",
            "price": "8.04",
            "revenue": 1202208
        },
        "2016-01": {
            "month": "2016-01",
            "price": "8.19",
            "revenue": 969351
        },
        "2016-02": {
            "month": "2016-02",
            "price": "8.83",
            "revenue": 808503
        },
        "2016-03": {
            "month": "2016-03",
            "price": "9.33",
            "revenue": 1213972
        },
        "2016-04": {
            "month": "2016-04",
            "price": "8.94",
            "revenue": 1228238
        },
        "2016-05": {
            "month": "2016-05",
            "price": "8.08",
            "revenue": 1072287
        },
        "2016-06": {
            "month": "2016-06",
            "price": "8.07",
            "revenue": 994564
        },
        "2016-07": {
            "month": "2016-07",
            "price": "8.37",
            "revenue": 1077570
        },
        "2016-08": {
            "month": "2016-08",
            "price": "8.83",
            "revenue": 1119441
        },
        "2016-09": {
            "month": "2016-09",
            "price": "8.44",
            "revenue": 954490
        },
        "2016-10": {
            "month": "2016-10",
            "price": "8.19",
            "revenue": 1065073
        },
        "2016-11": {
            "month": "2016-11",
            "price": "8.52",
            "revenue": 1206482
        },
        "2016-12": {
            "month": "2016-12",
            "price": "9.58",
            "revenue": 1335415
        },
        "2017-01": {
            "month": "2017-01",
            "price": "9.69",
            "revenue": 1287085
        },
        "2017-02": {
            "month": "2017-02",
            "price": "11.12",
            "revenue": 1356846
        },
        "2017-03": {
            "month": "2017-03",
            "price": "11.03",
            "revenue": 1482584
        },
        "2017-04": {
            "month": "2017-04",
            "price": "9.61",
            "revenue": 967222
        },
        "2017-05": {
            "month": "2017-05",
            "price": "8.85",
            "revenue": 975513
        },
        "2017-06": {
            "month": "2017-06",
            "price": "9.01",
            "revenue": 1174246
        },
        "2017-07": {
            "month": "2017-07",
            "price": "9.56",
            "revenue": 1218724
        },
        "2017-08": {
            "month": "2017-08",
            "price": "9.06",
            "revenue": 1245467
        },
        "2017-09": {
            "month": "2017-09",
            "price": "9.54",
            "revenue": 1262067
        },
        "2017-10": {
            "month": "2017-10",
            "price": "12.06",
            "revenue": 1316359
        },
        "2017-11": {
            "month": "2017-11",
            "price": "12.19",
            "revenue": 1278328
        },
        "2017-12": {
            "month": "2017-12",
            "price": "12.28",
            "revenue": 1410531
        },
        "2018-01": {
            "month": "2018-01",
            "price": "12.33",
            "revenue": 1460821
        },
        "2018-02": {
            "month": "2018-02",
            "price": "10.83",
            "revenue": 1176670
        },
        "2018-03": {
            "month": "2018-03",
            "price": "10.62",
            "revenue": 1474531
        },
        "2018-04": {
            "month": "2018-04",
            "price": "10.49",
            "revenue": 1293062
        },
        "2018-05": {
            "month": "2018-05",
            "price": "10.66",
            "revenue": 1363389
        },
        "2018-06": {
            "month": "2018-06",
            "price": "10.73",
            "revenue": 1328933
        },
        "2018-07": {
            "month": "2018-07",
            "price": "10.06",
            "revenue": 1303743
        },
        "2018-08": {
            "month": "2018-08",
            "price": "10.35",
            "revenue": 1301144
        },
        "2018-09": {
            "month": "2018-09",
            "price": "10.43",
            "revenue": 1313573
        },
        "2018-10": {
            "month": "2018-10",
            "price": "9.66",
            "revenue": 1373599
        },
        "2018-11": {
            "month": "2018-11",
            "price": "9.15",
            "revenue": 1225909
        },
        "2018-12": {
            "month": "2018-12",
            "price": "9.08",
            "revenue": 1216679
        },
        "2019-01": {
            "month": "2019-01",
            "price": "8.91",
            "revenue": 1331476
        },
        "2019-02": {
            "month": "2019-02",
            "price": "9.17",
            "revenue": 1064006
        },
        "2019-03": {
            "month": "2019-03",
            "price": "9.23",
            "revenue": 1147590
        },
        "2019-04": {
            "month": "2019-04",
            "price": "8.96",
            "revenue": 1117121
        },
        "2019-05": {
            "month": "2019-05",
            "price": "8.81",
            "revenue": 1133999
        },
        "2019-06": {
            "month": "2019-06",
            "price": "8.89",
            "revenue": 754142
        },
        "2019-07": {
            "month": "2019-07",
            "price": "8.97",
            "revenue": 1051785
        },
        "2019-08": {
            "month": "2019-08",
            "price": "8.51",
            "revenue": 955462
        },
        "2019-09": {
            "month": "2019-09",
            "price": "8.62",
            "revenue": 807781
        },
        "2019-10": {
            "month": "2019-10",
            "price": "8.36",
            "revenue": 880881
        },
        "2019-11": {
            "month": "2019-11",
            "price": "7.97",
            "revenue": 790711
        },
        "2019-12": {
            "month": "2019-12",
            "price": "8.00",
            "revenue": 806421
        },
        "2020-01": {
            "month": "2020-01",
            "price": "7.83",
            "revenue": 679676
        },
        "2020-02": {
            "month": "2020-02",
            "price": "7.24",
            "revenue": 717761
        },
        "2020-03": {
            "month": "2020-03",
            "price": "5.83",
            "revenue": 746898
        },
        "2020-04": {
            "month": "2020-04",
            "price": "7.19",
            "revenue": 384667
        },
        "2020-05": {
            "month": "2020-05",
            "price": "7.12",
            "revenue": 396217
        },
        "2020-06": {
            "month": "2020-06",
            "price": "7.21",
            "revenue": 503149
        },
        "2020-07": {
            "month": "2020-07",
            "price": "6.97",
            "revenue": 523263
        },
        "2020-08": {
            "month": "2020-08",
            "price": "7.71",
            "revenue": 715912
        },
        "2020-09": {
            "month": "2020-09",
            "price": "8.85",
            "revenue": 729968
        },
        "2020-10": {
            "month": "2020-10",
            "price": "8.44",
            "revenue": 654240
        },
        "2020-11": {
            "month": "2020-11",
            "price": "8.72",
            "revenue": 787713
        },
        "2020-12": {
            "month": "2020-12",
            "price": "10.10",
            "revenue": 836143
        },
        "2021-01": {
            "month": "2021-01",
            "price": "9.73",
            "revenue": 828749
        },
        "2021-02": {
            "month": "2021-02",
            "price": "9.87",
            "revenue": 708790
        },
        "2021-03": {
            "month": "2021-03",
            "price": "11.46",
            "revenue": 825740
        },
        "2021-04": {
            "month": "2021-04",
            "price": "15.93",
            "revenue": 886296
        },
        "2021-05": {
            "month": "2021-05",
            "price": "21.45",
            "revenue": 934445
        },
        "2021-06": {
            "month": "2021-06",
            "price": "25.16",
            "revenue": 923139
        },
        "2021-07": {
            "month": "2021-07",
            "price": "22.12",
            "revenue": 1007763
        },
        "2021-08": {
            "month": "2021-08",
            "price": "19.98",
            "revenue": 987059
        },
        "2021-09": {
            "month": "2021-09",
            "price": "18.73",
            "revenue": 995373
        },
        "2021-10": {
            "month": "2021-10",
            "price": "17.67",
            "revenue": 1069872
        },
        "2021-11": {
            "month": "2021-11",
            "price": "16.77",
            "revenue": 1021085
        },
        "2021-12": {
            "month": "2021-12",
            "price": "16.62",
            "revenue": 1030203
        },
        "2022-01": {
            "month": "2022-01",
            "price": "15.62",
            "revenue": 913636
        },
        "2022-02": {
            "month": "2022-02",
            "price": "15.95",
            "revenue": 768783
        },
        "2022-03": {
            "month": "2022-03",
            "price": "16.10",
            "revenue": 1139439
        },
        "2022-04": {
            "month": "2022-04",
            "price": "15.47",
            "revenue": 919860
        },
        "2022-05": {
            "month": "2022-05",
            "price": "13.28",
            "revenue": 737288
        },
        "2022-06": {
            "month": "2022-06",
            "price": "12.41",
            "revenue": 896410
        },
        "2022-07": {
            "month": "2022-07",
            "price": "11.23",
            "revenue": 742046
        },
        "2022-08": {
            "month": "2022-08",
            "price": "10.87",
            "revenue": 694537
        },
        "2022-09": {
            "month": "2022-09",
            "price": "10.20",
            "revenue": 713084
        },
        "2022-10": {
            "month": "2022-10",
            "price": "9.56",
            "revenue": 624203
        },
        "2022-11": {
            "month": "2022-11",
            "price": "10.33",
            "revenue": 615555
        },
        "2022-12": {
            "month": "2022-12",
            "price": "10.48",
            "revenue": 536603
        },
        "2023-01": {
            "month": "2023-01",
            "price": "10.54",
            "revenue": 437746
        },
        "2023-02": {
            "month": "2023-02",
            "price": "10.89",
            "revenue": 581918
        },
        "2023-03": {
            "month": "2023-03",
            "price": "10.88",
            "revenue": 783210
        },
        "2023-04": {
            "month": "2023-04",
            "price": "10.61",
            "revenue": 594415
        },
        "2023-05": {
            "month": "2023-05",
            "price": "10.40",
            "revenue": 610678
        },
        "2023-06": {
            "month": "2023-06",
            "price": "10.46",
            "revenue": 530329
        },
        "2023-07": {
            "month": "2023-07",
            "price": "10.14",
            "revenue": 578974
        },
        "2023-08": {
            "month": "2023-08",
            "price": "9.63",
            "revenue": 655615
        },
        "2023-09": {
            "month": "2023-09",
            "price": "9.75",
            "revenue": 690467
        },
        "2023-10": {
            "month": "2023-10",
            "price": "9.87",
            "revenue": 759281
        },
        "2023-11": {
            "month": "2023-11",
            "price": "10.71",
            "revenue": 744091
        },
        "2023-12": {
            "month": "2023-12",
            "price": "11.26",
            "revenue": 773864
        }
    }
}
