{
    "summary": {
        "stock_name": "怡華",
        "stock_id": "1456",
        "category": "建材營造",
        "main_business": "住宅及大樓開發租售業務。<br>工業廠房開發租售業務。<br>纖維紡織品之加工及買賣。",
        "website_url": "http://www.ihwa.com.tw",
        "ceo": "黃士豪",
        "pe_ratio": 23,
        "report_year_from": 2001,
        "report_year_to": 2023,
        "age": 23,
        "eps_negative_percentage": 65,
        "eps_growth_avg": {
            "last_all": 6.31,
            "last_2y": 0,
            "last_4y": 50,
            "last_8y": 6.31,
            "last_12y": 6.31,
            "last_16y": 6.31,
            "last_20y": 6.31,
            "at_2006_last_3y": null,
            "at_2007_last_3y": null,
            "at_2008_last_3y": null,
            "at_2009_last_3y": null,
            "at_2010_last_3y": null,
            "at_2011_last_3y": null,
            "at_2012_last_3y": null,
            "at_2013_last_3y": null,
            "at_2014_last_3y": null,
            "at_2015_last_3y": null,
            "at_2016_last_3y": -67.92,
            "at_2017_last_3y": -43.77,
            "at_2018_last_3y": -51.94,
            "at_2019_last_3y": -13.96,
            "at_2020_last_3y": 28.02,
            "at_2021_last_3y": 57.93,
            "at_2022_last_3y": 50,
            "at_2023_last_3y": 33.33,
            "at_2024_last_3y": 33.33,
            "at_2006_last_all": null,
            "at_2007_last_all": null,
            "at_2008_last_all": null,
            "at_2009_last_all": null,
            "at_2010_last_all": null,
            "at_2011_last_all": null,
            "at_2012_last_all": null,
            "at_2013_last_all": null,
            "at_2014_last_all": null,
            "at_2015_last_all": null,
            "at_2016_last_all": -67.92,
            "at_2017_last_all": -43.77,
            "at_2018_last_all": -51.94,
            "at_2019_last_all": -13.96,
            "at_2020_last_all": 8.83,
            "at_2021_last_all": 24.03,
            "at_2022_last_all": 6.31,
            "at_2023_last_all": 6.31,
            "at_2024_last_all": 6.31
        },
        "latest_eps": 0.84,
        "latest_price": 19.15,
        "latest_roe": 5.13,
        "latest_gross_margin": 34.14,
        "latest_equity": 1580006,
        "latest_revenue": 400312,
        "latest_gross_profit": 136657,
        "latest_net_income": -11216,
        "latest_debt_ratio": 86.91,
        "latest_current_ratio": 123.52,
        "latest_account_receivable_turnover_ratio": 8.59,
        "latest_inventory_turnover_ratio": 0.03,
        "latest_reinvestment_rate": 14.28,
        "latest_research_to_sale_ratio": null
    },
    "eps_dividends": {
        "1992": {
            "cash": 0,
            "stock": 1,
            "eps": 0
        },
        "1993": {
            "cash": 0,
            "stock": 1,
            "eps": 0
        },
        "1994": {
            "cash": 0,
            "stock": 1,
            "eps": 0
        },
        "1995": {
            "cash": 0,
            "stock": 1,
            "eps": 0
        },
        "2001": {
            "cash": 0,
            "stock": 0,
            "eps": -1.34
        },
        "2002": {
            "cash": 0,
            "stock": 0,
            "eps": -0.78
        },
        "2003": {
            "cash": 0,
            "stock": 0,
            "eps": -0.81
        },
        "2004": {
            "cash": 0,
            "stock": 0,
            "eps": -1.17
        },
        "2005": {
            "cash": 0,
            "stock": 0,
            "eps": -1.46
        },
        "2006": {
            "cash": 0,
            "stock": 0,
            "eps": -0.62
        },
        "2007": {
            "cash": 0,
            "stock": 0,
            "eps": -0.13
        },
        "2008": {
            "cash": 0,
            "stock": 0,
            "eps": -0.17
        },
        "2009": {
            "cash": 0,
            "stock": 0,
            "eps": -1.55
        },
        "2010": {
            "cash": 0,
            "stock": 0,
            "eps": -1.01
        },
        "2011": {
            "cash": 0,
            "stock": 0,
            "eps": -1.44
        },
        "2012": {
            "cash": 0,
            "stock": 0,
            "eps": -0.98
        },
        "2013": {
            "cash": 0,
            "stock": 0,
            "eps": -0.39
        },
        "2014": {
            "cash": 0,
            "stock": 0,
            "eps": -5.26
        },
        "2015": {
            "cash": 0,
            "stock": 0,
            "eps": 1.59
        },
        "2016": {
            "cash": 0,
            "stock": 0,
            "eps": 0.51
        },
        "2017": {
            "cash": 0,
            "stock": 0,
            "eps": 0.41
        },
        "2018": {
            "cash": 0,
            "stock": 0,
            "eps": 0.13
        },
        "2019": {
            "cash": 0,
            "stock": 0,
            "eps": 0.28
        },
        "2020": {
            "cash": 0,
            "stock": 0,
            "eps": 0.72
        },
        "2021": {
            "cash": 0,
            "stock": 0,
            "eps": 4.85
        },
        "2022": {
            "cash": 1.5,
            "stock": 0,
            "eps": -0.81
        },
        "2023": {
            "cash": 0,
            "stock": 0,
            "eps": 0.56
        }
    },
    "dividends": {
        "1992-04-27": {
            "cash": 0,
            "stock": 1
        },
        "1993-04-27": {
            "cash": 0,
            "stock": 1
        },
        "1994-04-26": {
            "cash": 0,
            "stock": 1
        },
        "1995-05-13": {
            "cash": 0,
            "stock": 1
        },
        "2022-07-06": {
            "cash": 1.5,
            "stock": 0
        }
    },
    "prices": {
        "200101": "7.08",
        "200102": "7.45",
        "200103": "6.89",
        "200104": "6.54",
        "200105": "5.92",
        "200106": "5.60",
        "200107": "5.46",
        "200108": "5.44",
        "200109": "5.40",
        "200110": "5.10",
        "200111": "5.13",
        "200112": "5.08",
        "200201": "5.52",
        "200202": "5.40",
        "200203": "5.58",
        "200204": "5.83",
        "200205": "5.15",
        "200206": "5.04",
        "200207": "5.03",
        "200208": "5.00",
        "200209": "5.00",
        "200210": "5.00",
        "200211": "6.51",
        "200212": "6.25",
        "200301": "6.31",
        "200302": "7.26",
        "200303": "8.55",
        "200304": "7.45",
        "200305": "4.80",
        "200306": "5.22",
        "200307": "5.07",
        "200308": "4.41",
        "200309": "4.16",
        "200310": "4.21",
        "200311": "4.21",
        "200312": "4.09",
        "200401": "4.58",
        "200402": "5.38",
        "200403": "4.85",
        "200404": "4.66",
        "200405": "4.01",
        "200406": "3.52",
        "200407": "3.08",
        "200408": "2.93",
        "200409": "3.13",
        "200410": "2.74",
        "200411": "2.50",
        "200412": "2.38",
        "200501": "2.48",
        "200502": "2.30",
        "200503": "2.04",
        "200504": "1.91",
        "200505": "2.06",
        "200506": "2.36",
        "200507": "2.32",
        "200508": "2.05",
        "200509": "1.79",
        "200510": "1.76",
        "200511": "1.75",
        "200512": "1.79",
        "200601": "1.77",
        "200602": "1.96",
        "200603": "2.03",
        "200604": "2.44",
        "200605": "2.84",
        "200606": "2.38",
        "200607": "2.08",
        "200608": "1.82",
        "200609": "1.87",
        "200610": "1.99",
        "200611": "2.32",
        "200612": "3.97",
        "200701": "4.21",
        "200702": "3.58",
        "200703": "3.61",
        "200704": "4.13",
        "200705": "3.94",
        "200706": "3.86",
        "200707": "4.62",
        "200708": "3.79",
        "200709": "3.51",
        "200710": "3.50",
        "200711": "3.40",
        "200712": "2.89",
        "200801": "2.77",
        "200802": "2.87",
        "200803": "3.31",
        "200804": "4.34",
        "200805": "4.65",
        "200806": "3.50",
        "200807": "2.71",
        "200808": "2.32",
        "200809": "2.50",
        "200810": "2.17",
        "200811": "2.11",
        "200812": "2.05",
        "200901": "1.86",
        "200902": "1.76",
        "200903": "1.96",
        "200904": "2.55",
        "200905": "1.60",
        "200906": "1.24",
        "200907": "1.15",
        "200908": "1.30",
        "200909": "1.39",
        "200910": "1.48",
        "200911": "1.37",
        "200912": "1.39",
        "201001": "1.53",
        "201002": "1.52",
        "201003": "1.48",
        "201004": "1.47",
        "201005": "1.40",
        "201006": "1.39",
        "201007": "1.40",
        "201008": "2.03",
        "201009": "2.41",
        "201010": "2.34",
        "201011": "2.26",
        "201012": "2.78",
        "201101": "2.82",
        "201102": "2.59",
        "201103": "2.52",
        "201104": "2.47",
        "201105": "2.53",
        "201106": "2.87",
        "201107": "2.89",
        "201108": "2.78",
        "201109": "2.21",
        "201110": "1.99",
        "201111": "1.90",
        "201112": "1.73",
        "201201": "1.87",
        "201202": "1.68",
        "201203": "1.65",
        "201204": "1.58",
        "201205": "1.85",
        "201206": "1.63",
        "201207": "1.39",
        "201208": "1.44",
        "201209": "1.67",
        "201210": "1.87",
        "201211": "1.61",
        "201212": "2.49",
        "201301": "2.50",
        "201302": "2.38",
        "201303": "2.56",
        "201304": "2.63",
        "201305": "3.33",
        "201306": "4.14",
        "201307": "3.76",
        "201308": "3.42",
        "201309": "3.63",
        "201310": "3.56",
        "201311": "3.26",
        "201312": "3.34",
        "201401": "9.67",
        "201402": "9.18",
        "201403": "9.03",
        "201404": "8.68",
        "201405": "9.20",
        "201406": "9.60",
        "201407": "9.69",
        "201408": "9.31",
        "201409": "8.84",
        "201410": "7.49",
        "201411": "7.22",
        "201412": "7.04",
        "201501": "8.01",
        "201502": "7.00",
        "201503": "7.58",
        "201504": "7.16",
        "201505": "6.98",
        "201506": "6.54",
        "201507": "6.26",
        "201508": "5.99",
        "201509": "6.55",
        "201510": "5.23",
        "201511": "4.47",
        "201512": "4.34",
        "201601": "4.93",
        "201602": "8.89",
        "201603": "8.17",
        "201604": "10.09",
        "201605": "12.18",
        "201606": "9.18",
        "201607": "9.52",
        "201608": "9.27",
        "201609": "9.13",
        "201610": "9.36",
        "201611": "9.04",
        "201612": "8.46",
        "201701": "11.96",
        "201702": "13.25",
        "201703": "11.77",
        "201704": "11.41",
        "201705": "10.91",
        "201706": "10.98",
        "201707": "11.27",
        "201708": "11.02",
        "201709": "10.78",
        "201710": "10.44",
        "201711": "10.24",
        "201712": "10.34",
        "201801": "10.75",
        "201802": "10.00",
        "201803": "10.01",
        "201804": "9.72",
        "201805": "9.27",
        "201806": "9.20",
        "201807": "9.12",
        "201808": "8.98",
        "201809": "8.60",
        "201810": "7.41",
        "201811": "6.85",
        "201812": "7.03",
        "201901": "6.69",
        "201902": "7.66",
        "201903": "8.55",
        "201904": "9.11",
        "201905": "9.01",
        "201906": "9.12",
        "201907": "8.88",
        "201908": "8.72",
        "201909": "8.59",
        "201910": "8.54",
        "201911": "10.76",
        "201912": "12.12",
        "202001": "11.62",
        "202002": "10.61",
        "202003": "7.87",
        "202004": "7.84",
        "202005": "8.52",
        "202006": "10.02",
        "202007": "10.42",
        "202008": "9.78",
        "202009": "10.02",
        "202010": "9.74",
        "202011": "11.12",
        "202012": "15.82",
        "202101": "15.12",
        "202102": "16.07",
        "202103": "18.38",
        "202104": "18.44",
        "202105": "17.40",
        "202106": "18.64",
        "202107": "21.73",
        "202108": "27.45",
        "202109": "25.69",
        "202110": "22.47",
        "202111": "22.08",
        "202112": "22.02",
        "202201": "20.50",
        "202202": "20.48",
        "202203": "20.57",
        "202204": "20.26",
        "202205": "19.83",
        "202206": "17.72",
        "202207": "16.58",
        "202208": "16.75",
        "202209": "16.58",
        "202210": "15.99",
        "202211": "16.31",
        "202212": "15.76",
        "202301": "15.25",
        "202302": "15.35",
        "202303": "15.20",
        "202304": "15.53",
        "202305": "16.70",
        "202306": "16.72",
        "202307": "16.53",
        "202308": "16.52",
        "202309": "16.32",
        "202310": "16.32",
        "202311": "16.32",
        "202312": "16.67"
    },
    "quarters": {
        "20011": {
            "year_quarter": 20011,
            "year": 2001,
            "quarter": 1,
            "eps": -0.26,
            "eps_growth_year": -129.21,
            "eps_4q": -1.87,
            "eps_4q_growth_year": null,
            "roe": -3.84,
            "roe_4q": -3.84,
            "gross_profit": 62547,
            "gross_margin": 7.66,
            "gross_margin_4q_avg": 7.66,
            "net_income": -99839,
            "net_income_4q": null,
            "revenue": 816301,
            "revenue_4q": null,
            "common_shares": 3872831,
            "book_valuer_per_share": 6.83,
            "book_valuer_per_share_4q_avg": 6.83,
            "equity": 2645603,
            "current_ratio": 109.31,
            "debt_ratio": 66.43,
            "inventory_turnover_ratio": 0.77,
            "account_receivable_turnover_ratio": null,
            "reinvestment_rate": null,
            "research_to_sale_ratio": null,
            "price_fair": 0,
            "eps_avg_yearly": 0,
            "eps_latest_yearly": 0,
            "eps_growth_yearly": 0
        },
        "20012": {
            "year_quarter": 20012,
            "year": 2001,
            "quarter": 2,
            "eps": -0.08,
            "eps_growth_year": null,
            "eps_4q": -1.86,
            "eps_4q_growth_year": -1183.66,
            "roe": -1.15,
            "roe_4q": -4.99,
            "gross_profit": 145886,
            "gross_margin": 14.09,
            "gross_margin_4q_avg": 10.88,
            "net_income": -29309,
            "net_income_4q": null,
            "revenue": 1035270,
            "revenue_4q": null,
            "common_shares": 3872831,
            "book_valuer_per_share": 6.28,
            "book_valuer_per_share_4q_avg": 6.56,
            "equity": 2432775,
            "current_ratio": 92.28,
            "debt_ratio": 68.7,
            "inventory_turnover_ratio": 0.89,
            "account_receivable_turnover_ratio": null,
            "reinvestment_rate": null,
            "research_to_sale_ratio": null,
            "price_fair": 0,
            "eps_avg_yearly": 0,
            "eps_latest_yearly": 0,
            "eps_growth_yearly": 0
        },
        "20013": {
            "year_quarter": 20013,
            "year": 2001,
            "quarter": 3,
            "eps": -0.18,
            "eps_growth_year": null,
            "eps_4q": -1.88,
            "eps_4q_growth_year": -813.6,
            "roe": -2.99,
            "roe_4q": -7.98,
            "gross_profit": 75985,
            "gross_margin": 8.75,
            "gross_margin_4q_avg": 10.17,
            "net_income": -69567,
            "net_income_4q": null,
            "revenue": 868167,
            "revenue_4q": null,
            "common_shares": 3872830,
            "book_valuer_per_share": 5.75,
            "book_valuer_per_share_4q_avg": 6.29,
            "equity": 2227046,
            "current_ratio": 91.13,
            "debt_ratio": 69.8,
            "inventory_turnover_ratio": 0.82,
            "account_receivable_turnover_ratio": null,
            "reinvestment_rate": null,
            "research_to_sale_ratio": null,
            "price_fair": 0,
            "eps_avg_yearly": 0,
            "eps_latest_yearly": 0,
            "eps_growth_yearly": 0
        },
        "20014": {
            "year_quarter": 20014,
            "year": 2001,
            "quarter": 4,
            "eps": -0.82,
            "eps_growth_year": null,
            "eps_4q": -1.34,
            "eps_4q_growth_year": null,
            "roe": -14.74,
            "roe_4q": -22.72,
            "gross_profit": 6435,
            "gross_margin": 0.75,
            "gross_margin_4q_avg": 7.81,
            "net_income": -318556,
            "net_income_4q": null,
            "revenue": 855695,
            "revenue_4q": null,
            "common_shares": 3872831,
            "book_valuer_per_share": 5.41,
            "book_valuer_per_share_4q_avg": 6.07,
            "equity": 2096052,
            "current_ratio": 74.49,
            "debt_ratio": 70.15,
            "inventory_turnover_ratio": 0.94,
            "account_receivable_turnover_ratio": null,
            "reinvestment_rate": null,
            "research_to_sale_ratio": null,
            "price_fair": 0,
            "eps_avg_yearly": 0,
            "eps_latest_yearly": 0,
            "eps_growth_yearly": 0
        },
        "20021": {
            "year_quarter": 20021,
            "year": 2002,
            "quarter": 1,
            "eps": -0.22,
            "eps_growth_year": null,
            "eps_4q": -1.27,
            "eps_4q_growth_year": null,
            "roe": -4.13,
            "roe_4q": -23.009999999999998,
            "gross_profit": 47161,
            "gross_margin": 5.91,
            "gross_margin_4q_avg": 7.38,
            "net_income": -87095,
            "net_income_4q": null,
            "revenue": 797937,
            "revenue_4q": null,
            "common_shares": 3872831,
            "book_valuer_per_share": 5.49,
            "book_valuer_per_share_4q_avg": 5.73,
            "equity": 2125764,
            "current_ratio": 74.99,
            "debt_ratio": 69.95,
            "inventory_turnover_ratio": 0.86,
            "account_receivable_turnover_ratio": null,
            "reinvestment_rate": null,
            "research_to_sale_ratio": null,
            "price_fair": 0,
            "eps_avg_yearly": 0,
            "eps_latest_yearly": 0,
            "eps_growth_yearly": 0
        },
        "20022": {
            "year_quarter": 20022,
            "year": 2002,
            "quarter": 2,
            "eps": -0.19,
            "eps_growth_year": null,
            "eps_4q": -1.42,
            "eps_4q_growth_year": null,
            "roe": -3.6,
            "roe_4q": -25.46,
            "gross_profit": 105015,
            "gross_margin": 11.28,
            "gross_margin_4q_avg": 6.67,
            "net_income": -74613,
            "net_income_4q": null,
            "revenue": 931373,
            "revenue_4q": null,
            "common_shares": 3872831,
            "book_valuer_per_share": 5.21,
            "book_valuer_per_share_4q_avg": 5.47,
            "equity": 2018460,
            "current_ratio": 83.72,
            "debt_ratio": 71.2,
            "inventory_turnover_ratio": 0.93,
            "account_receivable_turnover_ratio": null,
            "reinvestment_rate": null,
            "research_to_sale_ratio": null,
            "price_fair": 0,
            "eps_avg_yearly": 0,
            "eps_latest_yearly": 0,
            "eps_growth_yearly": 0
        },
        "20023": {
            "year_quarter": 20023,
            "year": 2002,
            "quarter": 3,
            "eps": -0.25,
            "eps_growth_year": null,
            "eps_4q": -1.99,
            "eps_4q_growth_year": null,
            "roe": -5,
            "roe_4q": -27.47,
            "gross_profit": 88583,
            "gross_margin": 9.79,
            "gross_margin_4q_avg": 6.93,
            "net_income": -96526,
            "net_income_4q": null,
            "revenue": 905207,
            "revenue_4q": null,
            "common_shares": 2904623,
            "book_valuer_per_share": 6.36,
            "book_valuer_per_share_4q_avg": 5.62,
            "equity": 1845967,
            "current_ratio": 73.74,
            "debt_ratio": 73.1,
            "inventory_turnover_ratio": 0.89,
            "account_receivable_turnover_ratio": null,
            "reinvestment_rate": null,
            "research_to_sale_ratio": null,
            "price_fair": 0,
            "eps_avg_yearly": 0,
            "eps_latest_yearly": 0,
            "eps_growth_yearly": 0
        },
        "20024": {
            "year_quarter": 20024,
            "year": 2002,
            "quarter": 4,
            "eps": -0.12,
            "eps_growth_year": null,
            "eps_4q": -0.81,
            "eps_4q_growth_year": null,
            "roe": -2.56,
            "roe_4q": -15.29,
            "gross_profit": 55940,
            "gross_margin": 6.55,
            "gross_margin_4q_avg": 8.38,
            "net_income": -45171,
            "net_income_4q": null,
            "revenue": 854090,
            "revenue_4q": null,
            "common_shares": 2904623,
            "book_valuer_per_share": 5.8,
            "book_valuer_per_share_4q_avg": 5.72,
            "equity": 1685270,
            "current_ratio": 80.46,
            "debt_ratio": 74.92,
            "inventory_turnover_ratio": 0.89,
            "account_receivable_turnover_ratio": null,
            "reinvestment_rate": null,
            "research_to_sale_ratio": null,
            "price_fair": 0,
            "eps_avg_yearly": 0,
            "eps_latest_yearly": 0,
            "eps_growth_yearly": 0
        },
        "20031": {
            "year_quarter": 20031,
            "year": 2003,
            "quarter": 1,
            "eps": -0.12,
            "eps_growth_year": null,
            "eps_4q": -0.88,
            "eps_4q_growth_year": null,
            "roe": -2.04,
            "roe_4q": -13.2,
            "gross_profit": 59835,
            "gross_margin": 6.86,
            "gross_margin_4q_avg": 8.62,
            "net_income": -34212,
            "net_income_4q": null,
            "revenue": 872155,
            "revenue_4q": null,
            "common_shares": 2904623,
            "book_valuer_per_share": 5.73,
            "book_valuer_per_share_4q_avg": 5.78,
            "equity": 1664085,
            "current_ratio": 72.24,
            "debt_ratio": 75.44,
            "inventory_turnover_ratio": 0.88,
            "account_receivable_turnover_ratio": null,
            "reinvestment_rate": null,
            "research_to_sale_ratio": null,
            "price_fair": 0,
            "eps_avg_yearly": 0,
            "eps_latest_yearly": 0,
            "eps_growth_yearly": 0
        },
        "20032": {
            "year_quarter": 20032,
            "year": 2003,
            "quarter": 2,
            "eps": -0.2,
            "eps_growth_year": null,
            "eps_4q": -0.81,
            "eps_4q_growth_year": null,
            "roe": -3.57,
            "roe_4q": -13.17,
            "gross_profit": 103084,
            "gross_margin": 10.31,
            "gross_margin_4q_avg": 8.38,
            "net_income": -58994,
            "net_income_4q": null,
            "revenue": 999751,
            "revenue_4q": null,
            "common_shares": 2904623,
            "book_valuer_per_share": 5.64,
            "book_valuer_per_share_4q_avg": 5.88,
            "equity": 1638450,
            "current_ratio": 65.36,
            "debt_ratio": 75.64,
            "inventory_turnover_ratio": 0.89,
            "account_receivable_turnover_ratio": null,
            "reinvestment_rate": null,
            "research_to_sale_ratio": null,
            "price_fair": 0,
            "eps_avg_yearly": 0,
            "eps_latest_yearly": 0,
            "eps_growth_yearly": 0
        },
        "20033": {
            "year_quarter": 20033,
            "year": 2003,
            "quarter": 3,
            "eps": -0.2,
            "eps_growth_year": null,
            "eps_4q": -0.67,
            "eps_4q_growth_year": null,
            "roe": -3.59,
            "roe_4q": -11.76,
            "gross_profit": 61116,
            "gross_margin": 6.93,
            "gross_margin_4q_avg": 7.66,
            "net_income": -57072,
            "net_income_4q": null,
            "revenue": 881917,
            "revenue_4q": null,
            "common_shares": 2904623,
            "book_valuer_per_share": 5.32,
            "book_valuer_per_share_4q_avg": 5.62,
            "equity": 1544982,
            "current_ratio": 70.57,
            "debt_ratio": 76.46,
            "inventory_turnover_ratio": 0.82,
            "account_receivable_turnover_ratio": null,
            "reinvestment_rate": null,
            "research_to_sale_ratio": null,
            "price_fair": 0,
            "eps_avg_yearly": 0,
            "eps_latest_yearly": 0,
            "eps_growth_yearly": 0
        },
        "20034": {
            "year_quarter": 20034,
            "year": 2003,
            "quarter": 4,
            "eps": -0.29,
            "eps_growth_year": null,
            "eps_4q": -0.8,
            "eps_4q_growth_year": null,
            "roe": -5.35,
            "roe_4q": -14.55,
            "gross_profit": 90468,
            "gross_margin": 9.14,
            "gross_margin_4q_avg": 8.31,
            "net_income": -83055,
            "net_income_4q": null,
            "revenue": 989744,
            "revenue_4q": null,
            "common_shares": 2904623,
            "book_valuer_per_share": 5.36,
            "book_valuer_per_share_4q_avg": 5.51,
            "equity": 1557624,
            "current_ratio": 75.56,
            "debt_ratio": 76.24,
            "inventory_turnover_ratio": 0.91,
            "account_receivable_turnover_ratio": null,
            "reinvestment_rate": null,
            "research_to_sale_ratio": null,
            "price_fair": 0,
            "eps_avg_yearly": 0,
            "eps_latest_yearly": 0,
            "eps_growth_yearly": 0
        },
        "20041": {
            "year_quarter": 20041,
            "year": 2004,
            "quarter": 1,
            "eps": -0.51,
            "eps_growth_year": null,
            "eps_4q": -1.19,
            "eps_4q_growth_year": null,
            "roe": -9.04,
            "roe_4q": -21.549999999999997,
            "gross_profit": 41475,
            "gross_margin": 4.98,
            "gross_margin_4q_avg": 7.84,
            "net_income": -148743,
            "net_income_4q": null,
            "revenue": 832271,
            "revenue_4q": null,
            "common_shares": 2904623,
            "book_valuer_per_share": 5.97,
            "book_valuer_per_share_4q_avg": 5.57,
            "equity": 1733872,
            "current_ratio": 83.68,
            "debt_ratio": 74.22,
            "inventory_turnover_ratio": 0.83,
            "account_receivable_turnover_ratio": null,
            "reinvestment_rate": null,
            "research_to_sale_ratio": null,
            "price_fair": 0,
            "eps_avg_yearly": 0,
            "eps_latest_yearly": 0,
            "eps_growth_yearly": 0
        },
        "20042": {
            "year_quarter": 20042,
            "year": 2004,
            "quarter": 2,
            "eps": -0.07,
            "eps_growth_year": null,
            "eps_4q": -1.06,
            "eps_4q_growth_year": null,
            "roe": -1.27,
            "roe_4q": -19.25,
            "gross_profit": 105362,
            "gross_margin": 11,
            "gross_margin_4q_avg": 8.01,
            "net_income": -20273,
            "net_income_4q": null,
            "revenue": 957446,
            "revenue_4q": null,
            "common_shares": 2904623,
            "book_valuer_per_share": 5.03,
            "book_valuer_per_share_4q_avg": 5.42,
            "equity": 1460490,
            "current_ratio": 95.11,
            "debt_ratio": 77.55,
            "inventory_turnover_ratio": 0.93,
            "account_receivable_turnover_ratio": null,
            "reinvestment_rate": null,
            "research_to_sale_ratio": null,
            "price_fair": 0,
            "eps_avg_yearly": 0,
            "eps_latest_yearly": 0,
            "eps_growth_yearly": 0
        },
        "20043": {
            "year_quarter": 20043,
            "year": 2004,
            "quarter": 3,
            "eps": -0.01,
            "eps_growth_year": null,
            "eps_4q": -0.88,
            "eps_4q_growth_year": null,
            "roe": -0.29,
            "roe_4q": -15.95,
            "gross_profit": 74086,
            "gross_margin": 8.47,
            "gross_margin_4q_avg": 8.4,
            "net_income": -4261,
            "net_income_4q": null,
            "revenue": 875038,
            "revenue_4q": null,
            "common_shares": 2904623,
            "book_valuer_per_share": 5.01,
            "book_valuer_per_share_4q_avg": 5.34,
            "equity": 1455539,
            "current_ratio": 77.74,
            "debt_ratio": 76.98,
            "inventory_turnover_ratio": 0.88,
            "account_receivable_turnover_ratio": null,
            "reinvestment_rate": null,
            "research_to_sale_ratio": null,
            "price_fair": 0,
            "eps_avg_yearly": 0,
            "eps_latest_yearly": 0,
            "eps_growth_yearly": 0
        },
        "20044": {
            "year_quarter": 20044,
            "year": 2004,
            "quarter": 4,
            "eps": -0.58,
            "eps_growth_year": null,
            "eps_4q": -1.36,
            "eps_4q_growth_year": null,
            "roe": -9.12,
            "roe_4q": -19.72,
            "gross_profit": 29429,
            "gross_margin": 3.87,
            "gross_margin_4q_avg": 7.08,
            "net_income": -130387,
            "net_income_4q": null,
            "revenue": 760438,
            "revenue_4q": null,
            "common_shares": 2236560,
            "book_valuer_per_share": 6.27,
            "book_valuer_per_share_4q_avg": 5.57,
            "equity": 1402870,
            "current_ratio": 72.26,
            "debt_ratio": 77.03,
            "inventory_turnover_ratio": 0.84,
            "account_receivable_turnover_ratio": null,
            "reinvestment_rate": null,
            "research_to_sale_ratio": null,
            "price_fair": 0,
            "eps_avg_yearly": 0,
            "eps_latest_yearly": 0,
            "eps_growth_yearly": 0
        },
        "20051": {
            "year_quarter": 20051,
            "year": 2005,
            "quarter": 1,
            "eps": -0.17,
            "eps_growth_year": null,
            "eps_4q": -0.88,
            "eps_4q_growth_year": null,
            "roe": -2.49,
            "roe_4q": -13.169999999999998,
            "gross_profit": 35722,
            "gross_margin": 5.16,
            "gross_margin_4q_avg": 7.13,
            "net_income": -37304,
            "net_income_4q": null,
            "revenue": 692500,
            "revenue_4q": null,
            "common_shares": 2236560,
            "book_valuer_per_share": 7.12,
            "book_valuer_per_share_4q_avg": 5.86,
            "equity": 1591930,
            "current_ratio": 71.14,
            "debt_ratio": 73.86,
            "inventory_turnover_ratio": 0.76,
            "account_receivable_turnover_ratio": null,
            "reinvestment_rate": null,
            "research_to_sale_ratio": null,
            "price_fair": 0,
            "eps_avg_yearly": 0,
            "eps_latest_yearly": 0,
            "eps_growth_yearly": 0
        },
        "20052": {
            "year_quarter": 20052,
            "year": 2005,
            "quarter": 2,
            "eps": -0.4,
            "eps_growth_year": null,
            "eps_4q": -1.17,
            "eps_4q_growth_year": null,
            "roe": -5.93,
            "roe_4q": -17.83,
            "gross_profit": 58592,
            "gross_margin": 6.91,
            "gross_margin_4q_avg": 6.1,
            "net_income": -90043,
            "net_income_4q": null,
            "revenue": 848351,
            "revenue_4q": null,
            "common_shares": 2236560,
            "book_valuer_per_share": 6.45,
            "book_valuer_per_share_4q_avg": 6.21,
            "equity": 1442779,
            "current_ratio": 70.58,
            "debt_ratio": 75.44,
            "inventory_turnover_ratio": 0.91,
            "account_receivable_turnover_ratio": null,
            "reinvestment_rate": null,
            "research_to_sale_ratio": null,
            "price_fair": 0,
            "eps_avg_yearly": 0,
            "eps_latest_yearly": 0,
            "eps_growth_yearly": 0
        },
        "20053": {
            "year_quarter": 20053,
            "year": 2005,
            "quarter": 3,
            "eps": -0.34,
            "eps_growth_year": null,
            "eps_4q": -1.49,
            "eps_4q_growth_year": null,
            "roe": -5.51,
            "roe_4q": -23.049999999999997,
            "gross_profit": 18387,
            "gross_margin": 2.43,
            "gross_margin_4q_avg": 4.59,
            "net_income": -75935,
            "net_income_4q": null,
            "revenue": 757175,
            "revenue_4q": null,
            "common_shares": 2236560,
            "book_valuer_per_share": 5.88,
            "book_valuer_per_share_4q_avg": 6.43,
            "equity": 1314607,
            "current_ratio": 82.51,
            "debt_ratio": 76.49,
            "inventory_turnover_ratio": 0.89,
            "account_receivable_turnover_ratio": null,
            "reinvestment_rate": null,
            "research_to_sale_ratio": null,
            "price_fair": 0,
            "eps_avg_yearly": 0,
            "eps_latest_yearly": 0,
            "eps_growth_yearly": 0
        },
        "20054": {
            "year_quarter": 20054,
            "year": 2005,
            "quarter": 4,
            "eps": -0.55,
            "eps_growth_year": null,
            "eps_4q": -1.45,
            "eps_4q_growth_year": null,
            "roe": -9.72,
            "roe_4q": -23.65,
            "gross_profit": 23690,
            "gross_margin": 3.38,
            "gross_margin_4q_avg": 4.47,
            "net_income": -122033,
            "net_income_4q": null,
            "revenue": 701031,
            "revenue_4q": null,
            "common_shares": 2236560,
            "book_valuer_per_share": 5.34,
            "book_valuer_per_share_4q_avg": 6.2,
            "equity": 1197216,
            "current_ratio": 79.15,
            "debt_ratio": 77.81,
            "inventory_turnover_ratio": 0.84,
            "account_receivable_turnover_ratio": null,
            "reinvestment_rate": null,
            "research_to_sale_ratio": null,
            "price_fair": 0,
            "eps_avg_yearly": 0,
            "eps_latest_yearly": 0,
            "eps_growth_yearly": 0
        },
        "20061": {
            "year_quarter": 20061,
            "year": 2006,
            "quarter": 1,
            "eps": -0.22,
            "eps_growth_year": null,
            "eps_4q": -1.5,
            "eps_4q_growth_year": null,
            "roe": -3.99,
            "roe_4q": -25.15,
            "gross_profit": 23437,
            "gross_margin": 3.48,
            "gross_margin_4q_avg": 4.05,
            "net_income": -49443,
            "net_income_4q": null,
            "revenue": 674420,
            "revenue_4q": null,
            "common_shares": 2236560,
            "book_valuer_per_share": 5.73,
            "book_valuer_per_share_4q_avg": 5.85,
            "equity": 1282642,
            "current_ratio": 79.6,
            "debt_ratio": 76.89,
            "inventory_turnover_ratio": 0.8,
            "account_receivable_turnover_ratio": null,
            "reinvestment_rate": null,
            "research_to_sale_ratio": null,
            "price_fair": 0,
            "eps_avg_yearly": 0,
            "eps_latest_yearly": 0,
            "eps_growth_yearly": 0
        },
        "20062": {
            "year_quarter": 20062,
            "year": 2006,
            "quarter": 2,
            "eps": -0.22,
            "eps_growth_year": null,
            "eps_4q": -1.32,
            "eps_4q_growth_year": null,
            "roe": -3.95,
            "roe_4q": -23.17,
            "gross_profit": 60807,
            "gross_margin": 7.33,
            "gross_margin_4q_avg": 4.16,
            "net_income": -48526,
            "net_income_4q": null,
            "revenue": 829925,
            "revenue_4q": null,
            "common_shares": 2236560,
            "book_valuer_per_share": 5.26,
            "book_valuer_per_share_4q_avg": 5.55,
            "equity": 1175577,
            "current_ratio": 81.81,
            "debt_ratio": 78.63,
            "inventory_turnover_ratio": 0.93,
            "account_receivable_turnover_ratio": null,
            "reinvestment_rate": null,
            "research_to_sale_ratio": null,
            "price_fair": 0,
            "eps_avg_yearly": 0,
            "eps_latest_yearly": 0,
            "eps_growth_yearly": 0
        },
        "20063": {
            "year_quarter": 20063,
            "year": 2006,
            "quarter": 3,
            "eps": -0.03,
            "eps_growth_year": null,
            "eps_4q": -1.02,
            "eps_4q_growth_year": null,
            "roe": -0.63,
            "roe_4q": -18.29,
            "gross_profit": 82689,
            "gross_margin": 10.33,
            "gross_margin_4q_avg": 6.13,
            "net_income": -7326,
            "net_income_4q": null,
            "revenue": 800441,
            "revenue_4q": null,
            "common_shares": 2236560,
            "book_valuer_per_share": 5.1,
            "book_valuer_per_share_4q_avg": 5.36,
            "equity": 1140735,
            "current_ratio": 81.95,
            "debt_ratio": 79.07,
            "inventory_turnover_ratio": 0.86,
            "account_receivable_turnover_ratio": null,
            "reinvestment_rate": null,
            "research_to_sale_ratio": null,
            "price_fair": 0,
            "eps_avg_yearly": 0,
            "eps_latest_yearly": 0,
            "eps_growth_yearly": 0
        },
        "20064": {
            "year_quarter": 20064,
            "year": 2006,
            "quarter": 4,
            "eps": -0.15,
            "eps_growth_year": null,
            "eps_4q": -0.81,
            "eps_4q_growth_year": null,
            "roe": -2.59,
            "roe_4q": -11.16,
            "gross_profit": 112987,
            "gross_margin": 14.11,
            "gross_margin_4q_avg": 8.81,
            "net_income": -31183,
            "net_income_4q": null,
            "revenue": 800986,
            "revenue_4q": null,
            "common_shares": 2236560,
            "book_valuer_per_share": 5.45,
            "book_valuer_per_share_4q_avg": 5.39,
            "equity": 1268117,
            "current_ratio": 78.7,
            "debt_ratio": 76.86,
            "inventory_turnover_ratio": 0.82,
            "account_receivable_turnover_ratio": null,
            "reinvestment_rate": null,
            "research_to_sale_ratio": null,
            "price_fair": 0,
            "eps_avg_yearly": 0,
            "eps_latest_yearly": 0,
            "eps_growth_yearly": 0
        },
        "20071": {
            "year_quarter": 20071,
            "year": 2007,
            "quarter": 1,
            "eps": -0.01,
            "eps_growth_year": null,
            "eps_4q": -0.32,
            "eps_4q_growth_year": null,
            "roe": -0.23,
            "roe_4q": -7.4,
            "gross_profit": 61914,
            "gross_margin": 8.51,
            "gross_margin_4q_avg": 10.07,
            "net_income": -2764,
            "net_income_4q": null,
            "revenue": 727948,
            "revenue_4q": null,
            "common_shares": 2236560,
            "book_valuer_per_share": 5.2,
            "book_valuer_per_share_4q_avg": 5.25,
            "equity": 1163505,
            "current_ratio": 78.52,
            "debt_ratio": 77.96,
            "inventory_turnover_ratio": 0.78,
            "account_receivable_turnover_ratio": null,
            "reinvestment_rate": null,
            "research_to_sale_ratio": null,
            "price_fair": 0,
            "eps_avg_yearly": 0,
            "eps_latest_yearly": 0,
            "eps_growth_yearly": 0
        },
        "20072": {
            "year_quarter": 20072,
            "year": 2007,
            "quarter": 2,
            "eps": -0.18,
            "eps_growth_year": null,
            "eps_4q": -0.35,
            "eps_4q_growth_year": null,
            "roe": -3.19,
            "roe_4q": -6.64,
            "gross_profit": 65177,
            "gross_margin": 7.93,
            "gross_margin_4q_avg": 10.22,
            "net_income": -36746,
            "net_income_4q": null,
            "revenue": 821920,
            "revenue_4q": null,
            "common_shares": 2236560,
            "book_valuer_per_share": 5.09,
            "book_valuer_per_share_4q_avg": 5.21,
            "equity": 1138656,
            "current_ratio": 76.26,
            "debt_ratio": 77.55,
            "inventory_turnover_ratio": 0.91,
            "account_receivable_turnover_ratio": null,
            "reinvestment_rate": null,
            "research_to_sale_ratio": null,
            "price_fair": 0,
            "eps_avg_yearly": 0,
            "eps_latest_yearly": 0,
            "eps_growth_yearly": 0
        },
        "20073": {
            "year_quarter": 20073,
            "year": 2007,
            "quarter": 3,
            "eps": 0.2,
            "eps_growth_year": null,
            "eps_4q": -0.15,
            "eps_4q_growth_year": null,
            "roe": 3.54,
            "roe_4q": -2.4699999999999998,
            "gross_profit": 30921,
            "gross_margin": 3.94,
            "gross_margin_4q_avg": 8.62,
            "net_income": 40428,
            "net_income_4q": null,
            "revenue": 783886,
            "revenue_4q": null,
            "common_shares": 2236560,
            "book_valuer_per_share": 5.11,
            "book_valuer_per_share_4q_avg": 5.21,
            "equity": 1142261,
            "current_ratio": 89.05,
            "debt_ratio": 75.82,
            "inventory_turnover_ratio": 0.95,
            "account_receivable_turnover_ratio": null,
            "reinvestment_rate": null,
            "research_to_sale_ratio": null,
            "price_fair": 0,
            "eps_avg_yearly": 0,
            "eps_latest_yearly": 0,
            "eps_growth_yearly": 0
        },
        "20074": {
            "year_quarter": 20074,
            "year": 2007,
            "quarter": 4,
            "eps": -0.14,
            "eps_growth_year": null,
            "eps_4q": -0.08,
            "eps_4q_growth_year": null,
            "roe": -2.61,
            "roe_4q": -2.4899999999999998,
            "gross_profit": 58551,
            "gross_margin": 7.14,
            "gross_margin_4q_avg": 6.88,
            "net_income": -29353,
            "net_income_4q": null,
            "revenue": 820105,
            "revenue_4q": null,
            "common_shares": 2236560,
            "book_valuer_per_share": 4.81,
            "book_valuer_per_share_4q_avg": 5.05,
            "equity": 1104902,
            "current_ratio": 103.02,
            "debt_ratio": 76.64,
            "inventory_turnover_ratio": 0.94,
            "account_receivable_turnover_ratio": null,
            "reinvestment_rate": null,
            "research_to_sale_ratio": null,
            "price_fair": 0,
            "eps_avg_yearly": 0,
            "eps_latest_yearly": 0,
            "eps_growth_yearly": 0
        },
        "20081": {
            "year_quarter": 20081,
            "year": 2008,
            "quarter": 1,
            "eps": 0.55,
            "eps_growth_year": null,
            "eps_4q": 0.41,
            "eps_4q_growth_year": null,
            "roe": 10.64,
            "roe_4q": 8.38,
            "gross_profit": 20726,
            "gross_margin": 2.63,
            "gross_margin_4q_avg": 5.41,
            "net_income": 118356,
            "net_income_4q": null,
            "revenue": 787754,
            "revenue_4q": null,
            "common_shares": 2236560,
            "book_valuer_per_share": 4.85,
            "book_valuer_per_share_4q_avg": 4.97,
            "equity": 1118979,
            "current_ratio": 104.12,
            "debt_ratio": 74.69,
            "inventory_turnover_ratio": 0.93,
            "account_receivable_turnover_ratio": null,
            "reinvestment_rate": null,
            "research_to_sale_ratio": null,
            "price_fair": 0,
            "eps_avg_yearly": 0,
            "eps_latest_yearly": 0,
            "eps_growth_yearly": 0
        },
        "20082": {
            "year_quarter": 20082,
            "year": 2008,
            "quarter": 2,
            "eps": 0.83,
            "eps_growth_year": null,
            "eps_4q": 1.37,
            "eps_4q_growth_year": null,
            "roe": 15.69,
            "roe_4q": 27.259999999999998,
            "gross_profit": 73840,
            "gross_margin": 9.05,
            "gross_margin_4q_avg": 5.69,
            "net_income": 180915,
            "net_income_4q": null,
            "revenue": 816125,
            "revenue_4q": null,
            "common_shares": 2236560,
            "book_valuer_per_share": 5.03,
            "book_valuer_per_share_4q_avg": 4.95,
            "equity": 1186524,
            "current_ratio": 100.37,
            "debt_ratio": 70.08,
            "inventory_turnover_ratio": 0.93,
            "account_receivable_turnover_ratio": null,
            "reinvestment_rate": null,
            "research_to_sale_ratio": null,
            "price_fair": 116.2,
            "eps_avg_yearly": 3.32,
            "eps_latest_yearly": 3.32,
            "eps_growth_yearly": 203.64
        },
        "20083": {
            "year_quarter": 20083,
            "year": 2008,
            "quarter": 3,
            "eps": -0.77,
            "eps_growth_year": -485,
            "eps_4q": 0.78,
            "eps_4q_growth_year": null,
            "roe": -11.93,
            "roe_4q": 11.790000000000001,
            "gross_profit": -4777,
            "gross_margin": -0.69,
            "gross_margin_4q_avg": 4.53,
            "net_income": -130681,
            "net_income_4q": null,
            "revenue": 690234,
            "revenue_4q": null,
            "common_shares": 1675000,
            "book_valuer_per_share": 5.69,
            "book_valuer_per_share_4q_avg": 5.1,
            "equity": 1003650,
            "current_ratio": 95.54,
            "debt_ratio": 72.73,
            "inventory_turnover_ratio": 0.88,
            "account_receivable_turnover_ratio": null,
            "reinvestment_rate": null,
            "research_to_sale_ratio": null,
            "price_fair": 116.2,
            "eps_avg_yearly": 3.32,
            "eps_latest_yearly": 3.32,
            "eps_growth_yearly": 203.64
        },
        "20084": {
            "year_quarter": 20084,
            "year": 2008,
            "quarter": 4,
            "eps": -0.78,
            "eps_growth_year": null,
            "eps_4q": 0.17,
            "eps_4q_growth_year": null,
            "roe": -13.93,
            "roe_4q": 0.47000000000000064,
            "gross_profit": -12047,
            "gross_margin": -1.68,
            "gross_margin_4q_avg": 2.33,
            "net_income": -127925,
            "net_income_4q": null,
            "revenue": 718283,
            "revenue_4q": null,
            "common_shares": 1675000,
            "book_valuer_per_share": 4.68,
            "book_valuer_per_share_4q_avg": 5.06,
            "equity": 833620,
            "current_ratio": 93.03,
            "debt_ratio": 76.73,
            "inventory_turnover_ratio": 0.95,
            "account_receivable_turnover_ratio": 3.76,
            "reinvestment_rate": null,
            "research_to_sale_ratio": null,
            "price_fair": 116.2,
            "eps_avg_yearly": 3.32,
            "eps_latest_yearly": 3.32,
            "eps_growth_yearly": 203.64
        },
        "20091": {
            "year_quarter": 20091,
            "year": 2009,
            "quarter": 1,
            "eps": -0.55,
            "eps_growth_year": -200,
            "eps_4q": -1.02,
            "eps_4q_growth_year": -348.63,
            "roe": -11.38,
            "roe_4q": -21.550000000000004,
            "gross_profit": -12481,
            "gross_margin": -2.43,
            "gross_margin_4q_avg": 1.06,
            "net_income": -90895,
            "net_income_4q": null,
            "revenue": 514010,
            "revenue_4q": null,
            "common_shares": 1675000,
            "book_valuer_per_share": 4.26,
            "book_valuer_per_share_4q_avg": 4.92,
            "equity": 764234,
            "current_ratio": 87.66,
            "debt_ratio": 77.72,
            "inventory_turnover_ratio": 0.75,
            "account_receivable_turnover_ratio": 1.53,
            "reinvestment_rate": null,
            "research_to_sale_ratio": null,
            "price_fair": 116.2,
            "eps_avg_yearly": 3.32,
            "eps_latest_yearly": 3.32,
            "eps_growth_yearly": 203.64
        },
        "20092": {
            "year_quarter": 20092,
            "year": 2009,
            "quarter": 2,
            "eps": -0.43,
            "eps_growth_year": -151.81,
            "eps_4q": -2.47,
            "eps_4q_growth_year": -281.07,
            "roe": -10.06,
            "roe_4q": -47.300000000000004,
            "gross_profit": 26782,
            "gross_margin": 5.51,
            "gross_margin_4q_avg": 0.18,
            "net_income": -73682,
            "net_income_4q": null,
            "revenue": 486074,
            "revenue_4q": null,
            "common_shares": 1675000,
            "book_valuer_per_share": 3.9,
            "book_valuer_per_share_4q_avg": 4.63,
            "equity": 700497,
            "current_ratio": 86.81,
            "debt_ratio": 78.34,
            "inventory_turnover_ratio": 0.71,
            "account_receivable_turnover_ratio": 1.78,
            "reinvestment_rate": null,
            "research_to_sale_ratio": null,
            "price_fair": 116.2,
            "eps_avg_yearly": 3.32,
            "eps_latest_yearly": 3.32,
            "eps_growth_yearly": 203.64
        },
        "20093": {
            "year_quarter": 20093,
            "year": 2009,
            "quarter": 3,
            "eps": -0.2,
            "eps_growth_year": null,
            "eps_4q": -1.91,
            "eps_4q_growth_year": -344.02,
            "roe": -4.86,
            "roe_4q": -40.230000000000004,
            "gross_profit": 21080,
            "gross_margin": 4.59,
            "gross_margin_4q_avg": 1.5,
            "net_income": -31928,
            "net_income_4q": null,
            "revenue": 458782,
            "revenue_4q": null,
            "common_shares": 1675000,
            "book_valuer_per_share": 3.39,
            "book_valuer_per_share_4q_avg": 4.06,
            "equity": 613693,
            "current_ratio": 83.56,
            "debt_ratio": 80.41,
            "inventory_turnover_ratio": 0.71,
            "account_receivable_turnover_ratio": 1.57,
            "reinvestment_rate": null,
            "research_to_sale_ratio": null,
            "price_fair": 116.2,
            "eps_avg_yearly": 3.32,
            "eps_latest_yearly": 3.32,
            "eps_growth_yearly": 203.64
        },
        "20094": {
            "year_quarter": 20094,
            "year": 2009,
            "quarter": 4,
            "eps": -0.37,
            "eps_growth_year": null,
            "eps_4q": -1.56,
            "eps_4q_growth_year": -993.32,
            "roe": -10.41,
            "roe_4q": -36.71,
            "gross_profit": -5884,
            "gross_margin": -1.32,
            "gross_margin_4q_avg": 1.59,
            "net_income": -61409,
            "net_income_4q": null,
            "revenue": 444430,
            "revenue_4q": null,
            "common_shares": 1675000,
            "book_valuer_per_share": 3.18,
            "book_valuer_per_share_4q_avg": 3.68,
            "equity": 566109,
            "current_ratio": 84.77,
            "debt_ratio": 81.59,
            "inventory_turnover_ratio": 0.76,
            "account_receivable_turnover_ratio": 2.74,
            "reinvestment_rate": null,
            "research_to_sale_ratio": null,
            "price_fair": 116.2,
            "eps_avg_yearly": 3.32,
            "eps_latest_yearly": 3.32,
            "eps_growth_yearly": 203.64
        },
        "20101": {
            "year_quarter": 20101,
            "year": 2010,
            "quarter": 1,
            "eps": -0.13,
            "eps_growth_year": null,
            "eps_4q": -1.14,
            "eps_4q_growth_year": null,
            "roe": -3.83,
            "roe_4q": -29.160000000000004,
            "gross_profit": 21582,
            "gross_margin": 4.65,
            "gross_margin_4q_avg": 3.36,
            "net_income": -21493,
            "net_income_4q": null,
            "revenue": 464552,
            "revenue_4q": null,
            "common_shares": 1675000,
            "book_valuer_per_share": 3.12,
            "book_valuer_per_share_4q_avg": 3.4,
            "equity": 555283,
            "current_ratio": 79.21,
            "debt_ratio": 81.49,
            "inventory_turnover_ratio": 0.77,
            "account_receivable_turnover_ratio": 1.33,
            "reinvestment_rate": null,
            "research_to_sale_ratio": 0.1,
            "price_fair": 116.2,
            "eps_avg_yearly": 3.32,
            "eps_latest_yearly": 3.32,
            "eps_growth_yearly": 203.64
        },
        "20102": {
            "year_quarter": 20102,
            "year": 2010,
            "quarter": 2,
            "eps": -0.2,
            "eps_growth_year": null,
            "eps_4q": -0.9,
            "eps_4q_growth_year": null,
            "roe": -6.48,
            "roe_4q": -25.58,
            "gross_profit": 22253,
            "gross_margin": 3.72,
            "gross_margin_4q_avg": 2.91,
            "net_income": -34502,
            "net_income_4q": null,
            "revenue": 598041,
            "revenue_4q": null,
            "common_shares": 1675000,
            "book_valuer_per_share": 2.85,
            "book_valuer_per_share_4q_avg": 3.14,
            "equity": 510389,
            "current_ratio": 77.49,
            "debt_ratio": 82.77,
            "inventory_turnover_ratio": 1.02,
            "account_receivable_turnover_ratio": 1.5,
            "reinvestment_rate": null,
            "research_to_sale_ratio": 0.1,
            "price_fair": 116.2,
            "eps_avg_yearly": 3.32,
            "eps_latest_yearly": 3.32,
            "eps_growth_yearly": 203.64
        },
        "20103": {
            "year_quarter": 20103,
            "year": 2010,
            "quarter": 3,
            "eps": -0.2,
            "eps_growth_year": null,
            "eps_4q": -0.91,
            "eps_4q_growth_year": null,
            "roe": -5.66,
            "roe_4q": -26.380000000000003,
            "gross_profit": 18418,
            "gross_margin": 3.26,
            "gross_margin_4q_avg": 2.58,
            "net_income": -28976,
            "net_income_4q": null,
            "revenue": 565374,
            "revenue_4q": null,
            "common_shares": 1675000,
            "book_valuer_per_share": 2.85,
            "book_valuer_per_share_4q_avg": 3,
            "equity": 513397,
            "current_ratio": 74.1,
            "debt_ratio": 82.85,
            "inventory_turnover_ratio": 0.98,
            "account_receivable_turnover_ratio": 1.32,
            "reinvestment_rate": null,
            "research_to_sale_ratio": 0.1,
            "price_fair": 116.2,
            "eps_avg_yearly": 3.32,
            "eps_latest_yearly": 3.32,
            "eps_growth_yearly": 203.64
        },
        "20104": {
            "year_quarter": 20104,
            "year": 2010,
            "quarter": 4,
            "eps": -0.48,
            "eps_growth_year": null,
            "eps_4q": -1.02,
            "eps_4q_growth_year": null,
            "roe": -17.02,
            "roe_4q": -32.99,
            "gross_profit": -41188,
            "gross_margin": -7.84,
            "gross_margin_4q_avg": 0.95,
            "net_income": -78974,
            "net_income_4q": null,
            "revenue": 525033,
            "revenue_4q": null,
            "common_shares": 1675000,
            "book_valuer_per_share": 2.32,
            "book_valuer_per_share_4q_avg": 2.79,
            "equity": 414477,
            "current_ratio": 69.99,
            "debt_ratio": 85.89,
            "inventory_turnover_ratio": 1.05,
            "account_receivable_turnover_ratio": 1.18,
            "reinvestment_rate": null,
            "research_to_sale_ratio": 0.11,
            "price_fair": 116.2,
            "eps_avg_yearly": 3.32,
            "eps_latest_yearly": 3.32,
            "eps_growth_yearly": 203.64
        },
        "20111": {
            "year_quarter": 20111,
            "year": 2011,
            "quarter": 1,
            "eps": -0.08,
            "eps_growth_year": null,
            "eps_4q": -0.95,
            "eps_4q_growth_year": null,
            "roe": -3.41,
            "roe_4q": -32.57,
            "gross_profit": 36711,
            "gross_margin": 6.04,
            "gross_margin_4q_avg": 1.3,
            "net_income": -13722,
            "net_income_4q": null,
            "revenue": 608053,
            "revenue_4q": null,
            "common_shares": 1675000,
            "book_valuer_per_share": 2.19,
            "book_valuer_per_share_4q_avg": 2.55,
            "equity": 390479,
            "current_ratio": 64.83,
            "debt_ratio": 86.17,
            "inventory_turnover_ratio": 1.1,
            "account_receivable_turnover_ratio": 1.41,
            "reinvestment_rate": null,
            "research_to_sale_ratio": 0.1,
            "price_fair": 116.2,
            "eps_avg_yearly": 3.32,
            "eps_latest_yearly": 3.32,
            "eps_growth_yearly": 203.64
        },
        "20112": {
            "year_quarter": 20112,
            "year": 2011,
            "quarter": 2,
            "eps": -0.39,
            "eps_growth_year": null,
            "eps_4q": -1.13,
            "eps_4q_growth_year": null,
            "roe": -16.76,
            "roe_4q": -42.849999999999994,
            "gross_profit": 4894,
            "gross_margin": 0.91,
            "gross_margin_4q_avg": 0.59,
            "net_income": -61124,
            "net_income_4q": null,
            "revenue": 536246,
            "revenue_4q": null,
            "common_shares": 1675000,
            "book_valuer_per_share": 1.87,
            "book_valuer_per_share_4q_avg": 2.31,
            "equity": 338986,
            "current_ratio": 62.08,
            "debt_ratio": 87.75,
            "inventory_turnover_ratio": 1.03,
            "account_receivable_turnover_ratio": 1.35,
            "reinvestment_rate": null,
            "research_to_sale_ratio": 0.11,
            "price_fair": 116.2,
            "eps_avg_yearly": 3.32,
            "eps_latest_yearly": 3.32,
            "eps_growth_yearly": 203.64
        },
        "20113": {
            "year_quarter": 20113,
            "year": 2011,
            "quarter": 3,
            "eps": -0.63,
            "eps_growth_year": null,
            "eps_4q": -1.56,
            "eps_4q_growth_year": null,
            "roe": -37.73,
            "roe_4q": -74.91999999999999,
            "gross_profit": -23014,
            "gross_margin": -4.66,
            "gross_margin_4q_avg": -1.39,
            "net_income": -104626,
            "net_income_4q": null,
            "revenue": 494199,
            "revenue_4q": null,
            "common_shares": 1675000,
            "book_valuer_per_share": 1.12,
            "book_valuer_per_share_4q_avg": 1.88,
            "equity": 215659,
            "current_ratio": 50.01,
            "debt_ratio": 91.89,
            "inventory_turnover_ratio": 1.04,
            "account_receivable_turnover_ratio": 1.38,
            "reinvestment_rate": null,
            "research_to_sale_ratio": 0.11,
            "price_fair": 116.2,
            "eps_avg_yearly": 3.32,
            "eps_latest_yearly": 3.32,
            "eps_growth_yearly": 203.64
        },
        "20114": {
            "year_quarter": 20114,
            "year": 2011,
            "quarter": 4,
            "eps": -0.34,
            "eps_growth_year": null,
            "eps_4q": -1.42,
            "eps_4q_growth_year": null,
            "roe": -29.87,
            "roe_4q": -87.77,
            "gross_profit": -593,
            "gross_margin": -0.11,
            "gross_margin_4q_avg": 0.55,
            "net_income": -54632,
            "net_income_4q": null,
            "revenue": 519027,
            "revenue_4q": null,
            "common_shares": 1675000,
            "book_valuer_per_share": 0.71,
            "book_valuer_per_share_4q_avg": 1.47,
            "equity": 150082,
            "current_ratio": 46.08,
            "debt_ratio": 94.08,
            "inventory_turnover_ratio": 1.06,
            "account_receivable_turnover_ratio": 1.69,
            "reinvestment_rate": null,
            "research_to_sale_ratio": 0.4,
            "price_fair": 116.2,
            "eps_avg_yearly": 3.32,
            "eps_latest_yearly": 3.32,
            "eps_growth_yearly": 203.64
        },
        "20121": {
            "year_quarter": 20121,
            "year": 2012,
            "quarter": 1,
            "eps": -0.1,
            "eps_growth_year": null,
            "eps_4q": -1.4,
            "eps_4q_growth_year": null,
            "roe": -14.09,
            "roe_4q": -98.45,
            "gross_profit": 1032,
            "gross_margin": 0.19,
            "gross_margin_4q_avg": -0.92,
            "net_income": -17241,
            "net_income_4q": null,
            "revenue": 542872,
            "revenue_4q": null,
            "common_shares": 1675000,
            "book_valuer_per_share": 0.57,
            "book_valuer_per_share_4q_avg": 1.07,
            "equity": 94688,
            "current_ratio": 45.66,
            "debt_ratio": 96,
            "inventory_turnover_ratio": 1.12,
            "account_receivable_turnover_ratio": 1.9,
            "reinvestment_rate": null,
            "research_to_sale_ratio": 0.2,
            "price_fair": 116.2,
            "eps_avg_yearly": 3.32,
            "eps_latest_yearly": 3.32,
            "eps_growth_yearly": 203.64
        },
        "20122": {
            "year_quarter": 20122,
            "year": 2012,
            "quarter": 2,
            "eps": -0.3,
            "eps_growth_year": null,
            "eps_4q": -1.33,
            "eps_4q_growth_year": null,
            "roe": -70.94,
            "roe_4q": -152.63,
            "gross_profit": -609,
            "gross_margin": -0.13,
            "gross_margin_4q_avg": -1.18,
            "net_income": -49920,
            "net_income_4q": null,
            "revenue": 479800,
            "revenue_4q": null,
            "common_shares": 1675000,
            "book_valuer_per_share": 0.27,
            "book_valuer_per_share_4q_avg": 0.67,
            "equity": 46048,
            "current_ratio": 42.41,
            "debt_ratio": 97.97,
            "inventory_turnover_ratio": 1.02,
            "account_receivable_turnover_ratio": 1.81,
            "reinvestment_rate": null,
            "research_to_sale_ratio": 0.36,
            "price_fair": 0,
            "eps_avg_yearly": 0,
            "eps_latest_yearly": 0,
            "eps_growth_yearly": 0
        },
        "20123": {
            "year_quarter": 20123,
            "year": 2012,
            "quarter": 3,
            "eps": -0.22,
            "eps_growth_year": null,
            "eps_4q": -0.95,
            "eps_4q_growth_year": null,
            "roe": -88.35,
            "roe_4q": -203.25,
            "gross_profit": -1564,
            "gross_margin": -0.39,
            "gross_margin_4q_avg": -0.11,
            "net_income": -37155,
            "net_income_4q": null,
            "revenue": 402520,
            "revenue_4q": null,
            "common_shares": 1675000,
            "book_valuer_per_share": 0.23,
            "book_valuer_per_share_4q_avg": 0.45,
            "equity": 38058,
            "current_ratio": 40.68,
            "debt_ratio": 98.31,
            "inventory_turnover_ratio": 0.92,
            "account_receivable_turnover_ratio": 1.63,
            "reinvestment_rate": null,
            "research_to_sale_ratio": 0.24,
            "price_fair": 0,
            "eps_avg_yearly": 0,
            "eps_latest_yearly": 0,
            "eps_growth_yearly": 0
        },
        "20124": {
            "year_quarter": 20124,
            "year": 2012,
            "quarter": 4,
            "eps": -0.36,
            "eps_growth_year": null,
            "eps_4q": -0.62,
            "eps_4q_growth_year": null,
            "roe": -133.64,
            "roe_4q": -307.0199999999999,
            "gross_profit": -96639,
            "gross_margin": -23.28,
            "gross_margin_4q_avg": -5.9,
            "net_income": -147590,
            "net_income_4q": null,
            "revenue": 415040,
            "revenue_4q": null,
            "common_shares": 4075000,
            "book_valuer_per_share": 0.45,
            "book_valuer_per_share_4q_avg": 0.38,
            "equity": 182819,
            "current_ratio": 64.65,
            "debt_ratio": 92.15,
            "inventory_turnover_ratio": 1.61,
            "account_receivable_turnover_ratio": 1.65,
            "reinvestment_rate": null,
            "research_to_sale_ratio": 0.52,
            "price_fair": 0,
            "eps_avg_yearly": 0,
            "eps_latest_yearly": 0,
            "eps_growth_yearly": 0
        },
        "20131": {
            "year_quarter": 20131,
            "year": 2013,
            "quarter": 1,
            "eps": -0.03,
            "eps_growth_year": null,
            "eps_4q": -0.61,
            "eps_4q_growth_year": null,
            "roe": -8.14,
            "roe_4q": -301.06999999999994,
            "gross_profit": 17126,
            "gross_margin": 8.43,
            "gross_margin_4q_avg": -3.84,
            "net_income": -14018,
            "net_income_4q": null,
            "revenue": 203192,
            "revenue_4q": null,
            "common_shares": 4075000,
            "book_valuer_per_share": 0.4,
            "book_valuer_per_share_4q_avg": 0.34,
            "equity": 161526,
            "current_ratio": 63.58,
            "debt_ratio": 93.03,
            "inventory_turnover_ratio": 0.52,
            "account_receivable_turnover_ratio": 0.85,
            "reinvestment_rate": null,
            "research_to_sale_ratio": 1.49,
            "price_fair": 0,
            "eps_avg_yearly": 0,
            "eps_latest_yearly": 0,
            "eps_growth_yearly": 0
        },
        "20132": {
            "year_quarter": 20132,
            "year": 2013,
            "quarter": 2,
            "eps": -0.1,
            "eps_growth_year": null,
            "eps_4q": -0.58,
            "eps_4q_growth_year": null,
            "roe": -26.53,
            "roe_4q": -256.65999999999997,
            "gross_profit": -8485,
            "gross_margin": -4.79,
            "gross_margin_4q_avg": -5.01,
            "net_income": -37428,
            "net_income_4q": null,
            "revenue": 177067,
            "revenue_4q": null,
            "common_shares": 4075000,
            "book_valuer_per_share": 0.3,
            "book_valuer_per_share_4q_avg": 0.35,
            "equity": 120581,
            "current_ratio": 77.31,
            "debt_ratio": 95.72,
            "inventory_turnover_ratio": 0.24,
            "account_receivable_turnover_ratio": 0.97,
            "reinvestment_rate": null,
            "research_to_sale_ratio": 1.41,
            "price_fair": 0,
            "eps_avg_yearly": 0,
            "eps_latest_yearly": 0,
            "eps_growth_yearly": 0
        },
        "20133": {
            "year_quarter": 20133,
            "year": 2013,
            "quarter": 3,
            "eps": -0.07,
            "eps_growth_year": null,
            "eps_4q": -0.56,
            "eps_4q_growth_year": null,
            "roe": -27.96,
            "roe_4q": -196.26999999999998,
            "gross_profit": -4547,
            "gross_margin": -2.42,
            "gross_margin_4q_avg": -5.52,
            "net_income": -29403,
            "net_income_4q": null,
            "revenue": 187722,
            "revenue_4q": null,
            "common_shares": 4075000,
            "book_valuer_per_share": 0.22,
            "book_valuer_per_share_4q_avg": 0.34,
            "equity": 89771,
            "current_ratio": 96.72,
            "debt_ratio": 96.77,
            "inventory_turnover_ratio": 0.19,
            "account_receivable_turnover_ratio": 1.26,
            "reinvestment_rate": null,
            "research_to_sale_ratio": 0,
            "price_fair": 0,
            "eps_avg_yearly": 0,
            "eps_latest_yearly": 0,
            "eps_growth_yearly": 0
        },
        "20134": {
            "year_quarter": 20134,
            "year": 2013,
            "quarter": 4,
            "eps": -0.19,
            "eps_growth_year": null,
            "eps_4q": -0.69,
            "eps_4q_growth_year": null,
            "roe": -42.78,
            "roe_4q": -105.41000000000001,
            "gross_profit": 17784,
            "gross_margin": 6.57,
            "gross_margin_4q_avg": 1.95,
            "net_income": -31341,
            "net_income_4q": null,
            "revenue": 270824,
            "revenue_4q": null,
            "common_shares": 1630000,
            "book_valuer_per_share": 0.35,
            "book_valuer_per_share_4q_avg": 0.32,
            "equity": 56759,
            "current_ratio": 95.24,
            "debt_ratio": 98.02,
            "inventory_turnover_ratio": 0.24,
            "account_receivable_turnover_ratio": 1.36,
            "reinvestment_rate": null,
            "research_to_sale_ratio": 0,
            "price_fair": 0,
            "eps_avg_yearly": 0,
            "eps_latest_yearly": 0,
            "eps_growth_yearly": 0
        },
        "20141": {
            "year_quarter": 20141,
            "year": 2014,
            "quarter": 1,
            "eps": -0.17,
            "eps_growth_year": null,
            "eps_4q": -0.62,
            "eps_4q_growth_year": null,
            "roe": -6.07,
            "roe_4q": -103.34,
            "gross_profit": 13526,
            "gross_margin": 5.48,
            "gross_margin_4q_avg": 1.21,
            "net_income": -33995,
            "net_income_4q": null,
            "revenue": 246999,
            "revenue_4q": null,
            "common_shares": 2130000,
            "book_valuer_per_share": 5,
            "book_valuer_per_share_4q_avg": 1.47,
            "equity": 1063959,
            "current_ratio": 116.61,
            "debt_ratio": 71.27,
            "inventory_turnover_ratio": 0.21,
            "account_receivable_turnover_ratio": 1.12,
            "reinvestment_rate": null,
            "research_to_sale_ratio": 0,
            "price_fair": 0,
            "eps_avg_yearly": 0,
            "eps_latest_yearly": 0,
            "eps_growth_yearly": 0
        },
        "20142": {
            "year_quarter": 20142,
            "year": 2014,
            "quarter": 2,
            "eps": -0.41,
            "eps_growth_year": null,
            "eps_4q": -0.86,
            "eps_4q_growth_year": null,
            "roe": -8.66,
            "roe_4q": -85.47,
            "gross_profit": -15959,
            "gross_margin": -6.52,
            "gross_margin_4q_avg": 0.78,
            "net_income": -88318,
            "net_income_4q": null,
            "revenue": 244680,
            "revenue_4q": null,
            "common_shares": 2130000,
            "book_valuer_per_share": 4.58,
            "book_valuer_per_share_4q_avg": 2.54,
            "equity": 974703,
            "current_ratio": 364.78,
            "debt_ratio": 74.61,
            "inventory_turnover_ratio": 0.21,
            "account_receivable_turnover_ratio": 1.2,
            "reinvestment_rate": null,
            "research_to_sale_ratio": 0,
            "price_fair": 0,
            "eps_avg_yearly": 0,
            "eps_latest_yearly": 0,
            "eps_growth_yearly": 0
        },
        "20143": {
            "year_quarter": 20143,
            "year": 2014,
            "quarter": 3,
            "eps": -4.6,
            "eps_growth_year": null,
            "eps_4q": -5.32,
            "eps_4q_growth_year": null,
            "roe": -101.57,
            "roe_4q": -159.07999999999998,
            "gross_profit": 4355,
            "gross_margin": 2.14,
            "gross_margin_4q_avg": 1.92,
            "net_income": -979713,
            "net_income_4q": null,
            "revenue": 203106,
            "revenue_4q": null,
            "common_shares": 2130000,
            "book_valuer_per_share": 4.48,
            "book_valuer_per_share_4q_avg": 3.6,
            "equity": 954350,
            "current_ratio": 139.85,
            "debt_ratio": 77.64,
            "inventory_turnover_ratio": 0.12,
            "account_receivable_turnover_ratio": 0.83,
            "reinvestment_rate": null,
            "research_to_sale_ratio": 0,
            "price_fair": 0,
            "eps_avg_yearly": 0,
            "eps_latest_yearly": 0,
            "eps_growth_yearly": 0
        },
        "20144": {
            "year_quarter": 20144,
            "year": 2014,
            "quarter": 4,
            "eps": -0.08,
            "eps_growth_year": null,
            "eps_4q": -5.26,
            "eps_4q_growth_year": null,
            "roe": -1.8,
            "roe_4q": -118.1,
            "gross_profit": 9155,
            "gross_margin": 4.28,
            "gross_margin_4q_avg": 1.35,
            "net_income": -17318,
            "net_income_4q": null,
            "revenue": 213740,
            "revenue_4q": null,
            "common_shares": 2130000,
            "book_valuer_per_share": 4.55,
            "book_valuer_per_share_4q_avg": 4.65,
            "equity": 968791,
            "current_ratio": 140.1,
            "debt_ratio": 77.25,
            "inventory_turnover_ratio": 0.11,
            "account_receivable_turnover_ratio": 0.78,
            "reinvestment_rate": null,
            "research_to_sale_ratio": 0,
            "price_fair": 0,
            "eps_avg_yearly": 0,
            "eps_latest_yearly": 0,
            "eps_growth_yearly": 0
        },
        "20151": {
            "year_quarter": 20151,
            "year": 2015,
            "quarter": 1,
            "eps": -0.1,
            "eps_growth_year": null,
            "eps_4q": -5.2,
            "eps_4q_growth_year": null,
            "roe": -2.31,
            "roe_4q": -114.33999999999999,
            "gross_profit": 26191,
            "gross_margin": 18.98,
            "gross_margin_4q_avg": 4.72,
            "net_income": -22163,
            "net_income_4q": null,
            "revenue": 137992,
            "revenue_4q": null,
            "common_shares": 2130000,
            "book_valuer_per_share": 4.46,
            "book_valuer_per_share_4q_avg": 4.52,
            "equity": 949649,
            "current_ratio": 138.7,
            "debt_ratio": 78.17,
            "inventory_turnover_ratio": 0.06,
            "account_receivable_turnover_ratio": 0.55,
            "reinvestment_rate": null,
            "research_to_sale_ratio": null,
            "price_fair": 0,
            "eps_avg_yearly": 0,
            "eps_latest_yearly": 0,
            "eps_growth_yearly": 0
        },
        "20152": {
            "year_quarter": 20152,
            "year": 2015,
            "quarter": 2,
            "eps": -0.1,
            "eps_growth_year": null,
            "eps_4q": -4.88,
            "eps_4q_growth_year": null,
            "roe": -2.21,
            "roe_4q": -107.88999999999999,
            "gross_profit": 16095,
            "gross_margin": 11.81,
            "gross_margin_4q_avg": 9.3,
            "net_income": -21135,
            "net_income_4q": null,
            "revenue": 136337,
            "revenue_4q": null,
            "common_shares": 2130000,
            "book_valuer_per_share": 4.51,
            "book_valuer_per_share_4q_avg": 4.5,
            "equity": 961559,
            "current_ratio": 72.92,
            "debt_ratio": 78.24,
            "inventory_turnover_ratio": 0.06,
            "account_receivable_turnover_ratio": 0.59,
            "reinvestment_rate": null,
            "research_to_sale_ratio": null,
            "price_fair": 0,
            "eps_avg_yearly": 0,
            "eps_latest_yearly": 0,
            "eps_growth_yearly": 0
        },
        "20153": {
            "year_quarter": 20153,
            "year": 2015,
            "quarter": 3,
            "eps": -0.07,
            "eps_growth_year": null,
            "eps_4q": -0.35,
            "eps_4q_growth_year": null,
            "roe": -1.56,
            "roe_4q": -7.88,
            "gross_profit": 18414,
            "gross_margin": 11.62,
            "gross_margin_4q_avg": 11.67,
            "net_income": -14818,
            "net_income_4q": null,
            "revenue": 158439,
            "revenue_4q": null,
            "common_shares": 2130000,
            "book_valuer_per_share": 4.41,
            "book_valuer_per_share_4q_avg": 4.48,
            "equity": 938314,
            "current_ratio": 75.63,
            "debt_ratio": 78.97,
            "inventory_turnover_ratio": 0.07,
            "account_receivable_turnover_ratio": 0.69,
            "reinvestment_rate": null,
            "research_to_sale_ratio": null,
            "price_fair": 0,
            "eps_avg_yearly": 0,
            "eps_latest_yearly": 0,
            "eps_growth_yearly": 0
        },
        "20154": {
            "year_quarter": 20154,
            "year": 2015,
            "quarter": 4,
            "eps": 1.86,
            "eps_growth_year": null,
            "eps_4q": 1.24,
            "eps_4q_growth_year": null,
            "roe": 17.08,
            "roe_4q": 10.999999999999998,
            "gross_profit": 19969,
            "gross_margin": 14.91,
            "gross_margin_4q_avg": 14.33,
            "net_income": 173862,
            "net_income_4q": null,
            "revenue": 133925,
            "revenue_4q": null,
            "common_shares": 937200,
            "book_valuer_per_share": 11.71,
            "book_valuer_per_share_4q_avg": 6.27,
            "equity": 1097320,
            "current_ratio": 79.57,
            "debt_ratio": 75.9,
            "inventory_turnover_ratio": 0.05,
            "account_receivable_turnover_ratio": 0.6,
            "reinvestment_rate": null,
            "research_to_sale_ratio": null,
            "price_fair": 0,
            "eps_avg_yearly": 0,
            "eps_latest_yearly": 0,
            "eps_growth_yearly": 0
        },
        "20161": {
            "year_quarter": 20161,
            "year": 2016,
            "quarter": 1,
            "eps": -0.28,
            "eps_growth_year": null,
            "eps_4q": 1.19,
            "eps_4q_growth_year": null,
            "roe": -2.44,
            "roe_4q": 10.869999999999997,
            "gross_profit": 15318,
            "gross_margin": 14.02,
            "gross_margin_4q_avg": 13.09,
            "net_income": -26343,
            "net_income_4q": null,
            "revenue": 109237,
            "revenue_4q": null,
            "common_shares": 937200,
            "book_valuer_per_share": 11.33,
            "book_valuer_per_share_4q_avg": 7.99,
            "equity": 1062298,
            "current_ratio": 153.69,
            "debt_ratio": 76.75,
            "inventory_turnover_ratio": 0.04,
            "account_receivable_turnover_ratio": 0.53,
            "reinvestment_rate": null,
            "research_to_sale_ratio": null,
            "price_fair": 0,
            "eps_avg_yearly": 0,
            "eps_latest_yearly": 0,
            "eps_growth_yearly": 0
        },
        "20162": {
            "year_quarter": 20162,
            "year": 2016,
            "quarter": 2,
            "eps": -0.04,
            "eps_growth_year": null,
            "eps_4q": 1.38,
            "eps_4q_growth_year": null,
            "roe": -0.33,
            "roe_4q": 12.749999999999998,
            "gross_profit": 20594,
            "gross_margin": 18.48,
            "gross_margin_4q_avg": 14.76,
            "net_income": -3467,
            "net_income_4q": null,
            "revenue": 111461,
            "revenue_4q": null,
            "common_shares": 937200,
            "book_valuer_per_share": 11.23,
            "book_valuer_per_share_4q_avg": 9.67,
            "equity": 1052406,
            "current_ratio": 170.53,
            "debt_ratio": 77.27,
            "inventory_turnover_ratio": 0.04,
            "account_receivable_turnover_ratio": 0.55,
            "reinvestment_rate": null,
            "research_to_sale_ratio": null,
            "price_fair": 0,
            "eps_avg_yearly": 0,
            "eps_latest_yearly": 0,
            "eps_growth_yearly": 0
        },
        "20163": {
            "year_quarter": 20163,
            "year": 2016,
            "quarter": 3,
            "eps": -0.03,
            "eps_growth_year": null,
            "eps_4q": 1.5,
            "eps_4q_growth_year": null,
            "roe": -0.31,
            "roe_4q": 13.999999999999998,
            "gross_profit": 22365,
            "gross_margin": 18.33,
            "gross_margin_4q_avg": 16.44,
            "net_income": -3217,
            "net_income_4q": null,
            "revenue": 122029,
            "revenue_4q": null,
            "common_shares": 937200,
            "book_valuer_per_share": 11.25,
            "book_valuer_per_share_4q_avg": 11.38,
            "equity": 1054780,
            "current_ratio": 158.54,
            "debt_ratio": 78.57,
            "inventory_turnover_ratio": 0.04,
            "account_receivable_turnover_ratio": 0.59,
            "reinvestment_rate": null,
            "research_to_sale_ratio": null,
            "price_fair": 0,
            "eps_avg_yearly": 0,
            "eps_latest_yearly": 0,
            "eps_growth_yearly": 0
        },
        "20164": {
            "year_quarter": 20164,
            "year": 2016,
            "quarter": 4,
            "eps": 0.86,
            "eps_growth_year": -53.87,
            "eps_4q": 0.5,
            "eps_4q_growth_year": -59.24,
            "roe": 7.36,
            "roe_4q": 4.280000000000001,
            "gross_profit": 120135,
            "gross_margin": 18.97,
            "gross_margin_4q_avg": 17.45,
            "net_income": 80205,
            "net_income_4q": null,
            "revenue": 633380,
            "revenue_4q": null,
            "common_shares": 937200,
            "book_valuer_per_share": 12.01,
            "book_valuer_per_share_4q_avg": 11.46,
            "equity": 1125364,
            "current_ratio": 201.54,
            "debt_ratio": 75.24,
            "inventory_turnover_ratio": 0.21,
            "account_receivable_turnover_ratio": 2.54,
            "reinvestment_rate": null,
            "research_to_sale_ratio": null,
            "price_fair": 0,
            "eps_avg_yearly": 0,
            "eps_latest_yearly": 0,
            "eps_growth_yearly": 0
        },
        "20171": {
            "year_quarter": 20171,
            "year": 2017,
            "quarter": 1,
            "eps": -0.06,
            "eps_growth_year": null,
            "eps_4q": 0.72,
            "eps_4q_growth_year": -39.44,
            "roe": -0.53,
            "roe_4q": 6.19,
            "gross_profit": 31605,
            "gross_margin": 17.33,
            "gross_margin_4q_avg": 18.28,
            "net_income": -5957,
            "net_income_4q": null,
            "revenue": 182350,
            "revenue_4q": null,
            "common_shares": 937200,
            "book_valuer_per_share": 12.05,
            "book_valuer_per_share_4q_avg": 11.64,
            "equity": 1129587,
            "current_ratio": 200.76,
            "debt_ratio": 74.76,
            "inventory_turnover_ratio": 0.07,
            "account_receivable_turnover_ratio": 0.72,
            "reinvestment_rate": null,
            "research_to_sale_ratio": null,
            "price_fair": 0,
            "eps_avg_yearly": 0,
            "eps_latest_yearly": 0,
            "eps_growth_yearly": 0
        },
        "20172": {
            "year_quarter": 20172,
            "year": 2017,
            "quarter": 2,
            "eps": 0.02,
            "eps_growth_year": null,
            "eps_4q": 0.78,
            "eps_4q_growth_year": -43.77,
            "roe": 0.15,
            "roe_4q": 6.670000000000001,
            "gross_profit": 25331,
            "gross_margin": 11.93,
            "gross_margin_4q_avg": 16.64,
            "net_income": 1641,
            "net_income_4q": null,
            "revenue": 212397,
            "revenue_4q": null,
            "common_shares": 937200,
            "book_valuer_per_share": 12.09,
            "book_valuer_per_share_4q_avg": 11.85,
            "equity": 1132730,
            "current_ratio": 158.34,
            "debt_ratio": 74.62,
            "inventory_turnover_ratio": 0.09,
            "account_receivable_turnover_ratio": 1.09,
            "reinvestment_rate": null,
            "research_to_sale_ratio": null,
            "price_fair": 0,
            "eps_avg_yearly": 0,
            "eps_latest_yearly": 0,
            "eps_growth_yearly": 0
        },
        "20173": {
            "year_quarter": 20173,
            "year": 2017,
            "quarter": 3,
            "eps": -0.16,
            "eps_growth_year": null,
            "eps_4q": 0.65,
            "eps_4q_growth_year": -56.48,
            "roe": -1.3,
            "roe_4q": 5.68,
            "gross_profit": 27812,
            "gross_margin": 15.56,
            "gross_margin_4q_avg": 15.95,
            "net_income": -14601,
            "net_income_4q": null,
            "revenue": 178779,
            "revenue_4q": null,
            "common_shares": 937200,
            "book_valuer_per_share": 11.89,
            "book_valuer_per_share_4q_avg": 12.01,
            "equity": 1114458,
            "current_ratio": 155.75,
            "debt_ratio": 75.49,
            "inventory_turnover_ratio": 0.07,
            "account_receivable_turnover_ratio": 1.03,
            "reinvestment_rate": null,
            "research_to_sale_ratio": null,
            "price_fair": 0,
            "eps_avg_yearly": 0,
            "eps_latest_yearly": 0,
            "eps_growth_yearly": 0
        },
        "20174": {
            "year_quarter": 20174,
            "year": 2017,
            "quarter": 4,
            "eps": 0.61,
            "eps_growth_year": -28.47,
            "eps_4q": 0.41,
            "eps_4q_growth_year": -18.49,
            "roe": 5.01,
            "roe_4q": 3.33,
            "gross_profit": 67000,
            "gross_margin": 15.4,
            "gross_margin_4q_avg": 15.06,
            "net_income": 57373,
            "net_income_4q": null,
            "revenue": 435170,
            "revenue_4q": null,
            "common_shares": 937200,
            "book_valuer_per_share": 12.54,
            "book_valuer_per_share_4q_avg": 12.14,
            "equity": 1175496,
            "current_ratio": 153.78,
            "debt_ratio": 74.76,
            "inventory_turnover_ratio": 0.16,
            "account_receivable_turnover_ratio": 1.94,
            "reinvestment_rate": null,
            "research_to_sale_ratio": null,
            "price_fair": 0,
            "eps_avg_yearly": 0,
            "eps_latest_yearly": 0,
            "eps_growth_yearly": 0
        },
        "20181": {
            "year_quarter": 20181,
            "year": 2018,
            "quarter": 1,
            "eps": -0.07,
            "eps_growth_year": null,
            "eps_4q": 0.41,
            "eps_4q_growth_year": -43.62,
            "roe": -0.54,
            "roe_4q": 3.32,
            "gross_profit": 26230,
            "gross_margin": 29.15,
            "gross_margin_4q_avg": 18.01,
            "net_income": -6321,
            "net_income_4q": null,
            "revenue": 89991,
            "revenue_4q": null,
            "common_shares": 937200,
            "book_valuer_per_share": 12.56,
            "book_valuer_per_share_4q_avg": 12.27,
            "equity": 1177398,
            "current_ratio": 152.17,
            "debt_ratio": 74.86,
            "inventory_turnover_ratio": 0.03,
            "account_receivable_turnover_ratio": 0.42,
            "reinvestment_rate": null,
            "research_to_sale_ratio": null,
            "price_fair": 0,
            "eps_avg_yearly": 0,
            "eps_latest_yearly": 0,
            "eps_growth_yearly": 0
        },
        "20182": {
            "year_quarter": 20182,
            "year": 2018,
            "quarter": 2,
            "eps": -0.19,
            "eps_growth_year": -1050,
            "eps_4q": 0.19,
            "eps_4q_growth_year": -74.96,
            "roe": -1.58,
            "roe_4q": 1.5899999999999996,
            "gross_profit": 18054,
            "gross_margin": 15.79,
            "gross_margin_4q_avg": 18.98,
            "net_income": -18257,
            "net_income_4q": null,
            "revenue": 114344,
            "revenue_4q": null,
            "common_shares": 937200,
            "book_valuer_per_share": 12.13,
            "book_valuer_per_share_4q_avg": 12.28,
            "equity": 1136991,
            "current_ratio": 149.53,
            "debt_ratio": 75.72,
            "inventory_turnover_ratio": 0.04,
            "account_receivable_turnover_ratio": 0.7,
            "reinvestment_rate": null,
            "research_to_sale_ratio": null,
            "price_fair": 0,
            "eps_avg_yearly": 0,
            "eps_latest_yearly": 0,
            "eps_growth_yearly": 0
        },
        "20183": {
            "year_quarter": 20183,
            "year": 2018,
            "quarter": 3,
            "eps": 0.03,
            "eps_growth_year": null,
            "eps_4q": 0.38,
            "eps_4q_growth_year": -41.54,
            "roe": 0.27,
            "roe_4q": 3.1599999999999997,
            "gross_profit": 34389,
            "gross_margin": 22.36,
            "gross_margin_4q_avg": 20.68,
            "net_income": 3031,
            "net_income_4q": null,
            "revenue": 153822,
            "revenue_4q": null,
            "common_shares": 937200,
            "book_valuer_per_share": 12.08,
            "book_valuer_per_share_4q_avg": 12.33,
            "equity": 1131871,
            "current_ratio": 147.97,
            "debt_ratio": 76.02,
            "inventory_turnover_ratio": 0.05,
            "account_receivable_turnover_ratio": 0.91,
            "reinvestment_rate": -111.67,
            "research_to_sale_ratio": null,
            "price_fair": 0,
            "eps_avg_yearly": 0,
            "eps_latest_yearly": 0,
            "eps_growth_yearly": 0
        },
        "20184": {
            "year_quarter": 20184,
            "year": 2018,
            "quarter": 4,
            "eps": 0.36,
            "eps_growth_year": -40.92,
            "eps_4q": 0.13,
            "eps_4q_growth_year": -67.88,
            "roe": 2.95,
            "roe_4q": 1.1,
            "gross_profit": 25472,
            "gross_margin": 21.92,
            "gross_margin_4q_avg": 22.31,
            "net_income": 33898,
            "net_income_4q": null,
            "revenue": 116202,
            "revenue_4q": null,
            "common_shares": 937200,
            "book_valuer_per_share": 12.44,
            "book_valuer_per_share_4q_avg": 12.3,
            "equity": 1165710,
            "current_ratio": 167.77,
            "debt_ratio": 76.85,
            "inventory_turnover_ratio": 0.04,
            "account_receivable_turnover_ratio": 0.7,
            "reinvestment_rate": -89.17,
            "research_to_sale_ratio": null,
            "price_fair": 50.4,
            "eps_avg_yearly": 1.44,
            "eps_latest_yearly": 1.44,
            "eps_growth_yearly": 4400
        },
        "20191": {
            "year_quarter": 20191,
            "year": 2019,
            "quarter": 1,
            "eps": -0.05,
            "eps_growth_year": null,
            "eps_4q": 0.15,
            "eps_4q_growth_year": -63.17,
            "roe": -0.4,
            "roe_4q": 1.2400000000000002,
            "gross_profit": 31371,
            "gross_margin": 16.05,
            "gross_margin_4q_avg": 19.03,
            "net_income": -4642,
            "net_income_4q": null,
            "revenue": 195425,
            "revenue_4q": null,
            "common_shares": 937200,
            "book_valuer_per_share": 12.36,
            "book_valuer_per_share_4q_avg": 12.25,
            "equity": 1158501,
            "current_ratio": 166.84,
            "debt_ratio": 77.07,
            "inventory_turnover_ratio": 0.06,
            "account_receivable_turnover_ratio": 1.25,
            "reinvestment_rate": -81.16,
            "research_to_sale_ratio": null,
            "price_fair": 50.4,
            "eps_avg_yearly": 1.44,
            "eps_latest_yearly": 1.44,
            "eps_growth_yearly": 4400
        },
        "20192": {
            "year_quarter": 20192,
            "year": 2019,
            "quarter": 2,
            "eps": 0.05,
            "eps_growth_year": null,
            "eps_4q": 0.39,
            "eps_4q_growth_year": 103.42,
            "roe": 0.41,
            "roe_4q": 3.23,
            "gross_profit": 34073,
            "gross_margin": 12.41,
            "gross_margin_4q_avg": 18.19,
            "net_income": 4723,
            "net_income_4q": null,
            "revenue": 274460,
            "revenue_4q": null,
            "common_shares": 937200,
            "book_valuer_per_share": 12.36,
            "book_valuer_per_share_4q_avg": 12.31,
            "equity": 1158322,
            "current_ratio": 164.76,
            "debt_ratio": 76.96,
            "inventory_turnover_ratio": 0.09,
            "account_receivable_turnover_ratio": 1.73,
            "reinvestment_rate": -84.23,
            "research_to_sale_ratio": null,
            "price_fair": 50.4,
            "eps_avg_yearly": 1.44,
            "eps_latest_yearly": 1.44,
            "eps_growth_yearly": 4400
        },
        "20193": {
            "year_quarter": 20193,
            "year": 2019,
            "quarter": 3,
            "eps": -0.04,
            "eps_growth_year": -233.33,
            "eps_4q": 0.32,
            "eps_4q_growth_year": -16.38,
            "roe": -0.35,
            "roe_4q": 2.6100000000000003,
            "gross_profit": 23893,
            "gross_margin": 19.63,
            "gross_margin_4q_avg": 17.5,
            "net_income": -4020,
            "net_income_4q": null,
            "revenue": 121720,
            "revenue_4q": null,
            "common_shares": 937200,
            "book_valuer_per_share": 12.29,
            "book_valuer_per_share_4q_avg": 12.36,
            "equity": 1151513,
            "current_ratio": 160.99,
            "debt_ratio": 77.57,
            "inventory_turnover_ratio": 0.04,
            "account_receivable_turnover_ratio": 0.77,
            "reinvestment_rate": -73.41,
            "research_to_sale_ratio": null,
            "price_fair": 50.4,
            "eps_avg_yearly": 1.44,
            "eps_latest_yearly": 1.44,
            "eps_growth_yearly": 4400
        },
        "20194": {
            "year_quarter": 20194,
            "year": 2019,
            "quarter": 4,
            "eps": 0.32,
            "eps_growth_year": -12.67,
            "eps_4q": 0.27,
            "eps_4q_growth_year": 107.78,
            "roe": 2.5,
            "roe_4q": 2.16,
            "gross_profit": 72972,
            "gross_margin": 15.33,
            "gross_margin_4q_avg": 15.86,
            "net_income": 29602,
            "net_income_4q": null,
            "revenue": 475912,
            "revenue_4q": null,
            "common_shares": 937200,
            "book_valuer_per_share": 13.01,
            "book_valuer_per_share_4q_avg": 12.51,
            "equity": 1219381,
            "current_ratio": 167.9,
            "debt_ratio": 76.13,
            "inventory_turnover_ratio": 0.15,
            "account_receivable_turnover_ratio": 3,
            "reinvestment_rate": -139.25,
            "research_to_sale_ratio": null,
            "price_fair": 50.4,
            "eps_avg_yearly": 1.44,
            "eps_latest_yearly": 1.44,
            "eps_growth_yearly": 4400
        },
        "20201": {
            "year_quarter": 20201,
            "year": 2020,
            "quarter": 1,
            "eps": -0.08,
            "eps_growth_year": null,
            "eps_4q": 0.24,
            "eps_4q_growth_year": 62.92,
            "roe": -0.61,
            "roe_4q": 1.95,
            "gross_profit": 23759,
            "gross_margin": 21.56,
            "gross_margin_4q_avg": 17.23,
            "net_income": -7448,
            "net_income_4q": null,
            "revenue": 110224,
            "revenue_4q": null,
            "common_shares": 937200,
            "book_valuer_per_share": 12.93,
            "book_valuer_per_share_4q_avg": 12.65,
            "equity": 1211916,
            "current_ratio": 170.32,
            "debt_ratio": 76.92,
            "inventory_turnover_ratio": 0.03,
            "account_receivable_turnover_ratio": 0.73,
            "reinvestment_rate": -98.37,
            "research_to_sale_ratio": null,
            "price_fair": 50.4,
            "eps_avg_yearly": 1.44,
            "eps_latest_yearly": 1.44,
            "eps_growth_yearly": 4400
        },
        "20202": {
            "year_quarter": 20202,
            "year": 2020,
            "quarter": 2,
            "eps": -0.16,
            "eps_growth_year": -420,
            "eps_4q": 0.03,
            "eps_4q_growth_year": -91.28,
            "roe": -1.24,
            "roe_4q": 0.29999999999999993,
            "gross_profit": 26091,
            "gross_margin": 19.47,
            "gross_margin_4q_avg": 19,
            "net_income": -14908,
            "net_income_4q": null,
            "revenue": 134008,
            "revenue_4q": null,
            "common_shares": 937200,
            "book_valuer_per_share": 12.77,
            "book_valuer_per_share_4q_avg": 12.75,
            "equity": 1197008,
            "current_ratio": 180.46,
            "debt_ratio": 78.35,
            "inventory_turnover_ratio": 0.04,
            "account_receivable_turnover_ratio": 0.98,
            "reinvestment_rate": -97.37,
            "research_to_sale_ratio": null,
            "price_fair": 50.4,
            "eps_avg_yearly": 1.44,
            "eps_latest_yearly": 1.44,
            "eps_growth_yearly": 4400
        },
        "20203": {
            "year_quarter": 20203,
            "year": 2020,
            "quarter": 3,
            "eps": -0.13,
            "eps_growth_year": null,
            "eps_4q": -0.05,
            "eps_4q_growth_year": -115.54,
            "roe": -1,
            "roe_4q": -0.3500000000000001,
            "gross_profit": 29247,
            "gross_margin": 19.28,
            "gross_margin_4q_avg": 18.91,
            "net_income": -11902,
            "net_income_4q": null,
            "revenue": 151729,
            "revenue_4q": null,
            "common_shares": 937200,
            "book_valuer_per_share": 12.65,
            "book_valuer_per_share_4q_avg": 12.84,
            "equity": 1185106,
            "current_ratio": 147.9,
            "debt_ratio": 82.37,
            "inventory_turnover_ratio": 0.03,
            "account_receivable_turnover_ratio": 1.28,
            "reinvestment_rate": -98.77,
            "research_to_sale_ratio": null,
            "price_fair": 50.4,
            "eps_avg_yearly": 1.44,
            "eps_latest_yearly": 1.44,
            "eps_growth_yearly": 4400
        },
        "20204": {
            "year_quarter": 20204,
            "year": 2020,
            "quarter": 4,
            "eps": 1.09,
            "eps_growth_year": 245.66,
            "eps_4q": 0.73,
            "eps_4q_growth_year": 165.22,
            "roe": 8.27,
            "roe_4q": 5.419999999999999,
            "gross_profit": 47430,
            "gross_margin": 14.8,
            "gross_margin_4q_avg": 18.78,
            "net_income": 102322,
            "net_income_4q": null,
            "revenue": 320496,
            "revenue_4q": null,
            "common_shares": 937200,
            "book_valuer_per_share": 13.75,
            "book_valuer_per_share_4q_avg": 13.03,
            "equity": 1288189,
            "current_ratio": 146.28,
            "debt_ratio": 80.81,
            "inventory_turnover_ratio": 0.07,
            "account_receivable_turnover_ratio": 2.96,
            "reinvestment_rate": -76.72,
            "research_to_sale_ratio": null,
            "price_fair": 50.4,
            "eps_avg_yearly": 1.44,
            "eps_latest_yearly": 1.44,
            "eps_growth_yearly": 4400
        },
        "20211": {
            "year_quarter": 20211,
            "year": 2021,
            "quarter": 1,
            "eps": 1.28,
            "eps_growth_year": null,
            "eps_4q": 2.08,
            "eps_4q_growth_year": 754.74,
            "roe": 8.89,
            "roe_4q": 14.92,
            "gross_profit": 183671,
            "gross_margin": 33.78,
            "gross_margin_4q_avg": 21.83,
            "net_income": 119857,
            "net_income_4q": null,
            "revenue": 543793,
            "revenue_4q": null,
            "common_shares": 937200,
            "book_valuer_per_share": 15.02,
            "book_valuer_per_share_4q_avg": 13.55,
            "equity": 1408046,
            "current_ratio": 153.23,
            "debt_ratio": 78.65,
            "inventory_turnover_ratio": 0.09,
            "account_receivable_turnover_ratio": 6.04,
            "reinvestment_rate": -42.63,
            "research_to_sale_ratio": null,
            "price_fair": 114.8,
            "eps_avg_yearly": 3.28,
            "eps_latest_yearly": 5.12,
            "eps_growth_yearly": 2234.86
        },
        "20212": {
            "year_quarter": 20212,
            "year": 2021,
            "quarter": 2,
            "eps": 2.27,
            "eps_growth_year": null,
            "eps_4q": 4.52,
            "eps_4q_growth_year": 13017.45,
            "roe": 14.06,
            "roe_4q": 30.220000000000002,
            "gross_profit": 309440,
            "gross_margin": 36.61,
            "gross_margin_4q_avg": 26.12,
            "net_income": 212896,
            "net_income_4q": null,
            "revenue": 845201,
            "revenue_4q": null,
            "common_shares": 937200,
            "book_valuer_per_share": 17.3,
            "book_valuer_per_share_4q_avg": 14.68,
            "equity": 1620942,
            "current_ratio": 163.11,
            "debt_ratio": 74.47,
            "inventory_turnover_ratio": 0.14,
            "account_receivable_turnover_ratio": 6.84,
            "reinvestment_rate": -27.74,
            "research_to_sale_ratio": null,
            "price_fair": 182.47,
            "eps_avg_yearly": 5.21,
            "eps_latest_yearly": 9.08,
            "eps_growth_yearly": 1593.03
        },
        "20213": {
            "year_quarter": 20213,
            "year": 2021,
            "quarter": 3,
            "eps": 0.01,
            "eps_growth_year": null,
            "eps_4q": 4.65,
            "eps_4q_growth_year": null,
            "roe": 0.04,
            "roe_4q": 31.26,
            "gross_profit": 114108,
            "gross_margin": 15.76,
            "gross_margin_4q_avg": 25.24,
            "net_income": 652,
            "net_income_4q": null,
            "revenue": 724190,
            "revenue_4q": null,
            "common_shares": 937200,
            "book_valuer_per_share": 17.3,
            "book_valuer_per_share_4q_avg": 15.84,
            "equity": 1621594,
            "current_ratio": 162.81,
            "debt_ratio": 75.7,
            "inventory_turnover_ratio": 0.17,
            "account_receivable_turnover_ratio": 5.33,
            "reinvestment_rate": -12.23,
            "research_to_sale_ratio": null,
            "price_fair": 137.2,
            "eps_avg_yearly": 3.92,
            "eps_latest_yearly": 0.04,
            "eps_growth_yearly": 1095.22
        },
        "20214": {
            "year_quarter": 20214,
            "year": 2021,
            "quarter": 4,
            "eps": 1.29,
            "eps_growth_year": 18.28,
            "eps_4q": 4.85,
            "eps_4q_growth_year": 567.65,
            "roe": 7.19,
            "roe_4q": 30.18,
            "gross_profit": 44750,
            "gross_margin": 17.9,
            "gross_margin_4q_avg": 26.01,
            "net_income": 121027,
            "net_income_4q": null,
            "revenue": 250052,
            "revenue_4q": null,
            "common_shares": 937200,
            "book_valuer_per_share": 18.59,
            "book_valuer_per_share_4q_avg": 17.05,
            "equity": 1742677,
            "current_ratio": 152.01,
            "debt_ratio": 75.54,
            "inventory_turnover_ratio": 0.05,
            "account_receivable_turnover_ratio": 2.95,
            "reinvestment_rate": -6.01,
            "research_to_sale_ratio": null,
            "price_fair": 145.88,
            "eps_avg_yearly": 4.17,
            "eps_latest_yearly": 5.16,
            "eps_growth_yearly": 11116.17
        },
        "20221": {
            "year_quarter": 20221,
            "year": 2022,
            "quarter": 1,
            "eps": -0.43,
            "eps_growth_year": -133.59,
            "eps_4q": 3.14,
            "eps_4q_growth_year": 50.81,
            "roe": -2.32,
            "roe_4q": 18.970000000000002,
            "gross_profit": 32630,
            "gross_margin": 27.83,
            "gross_margin_4q_avg": 24.53,
            "net_income": -39948,
            "net_income_4q": null,
            "revenue": 117236,
            "revenue_4q": null,
            "common_shares": 937200,
            "book_valuer_per_share": 18.17,
            "book_valuer_per_share_4q_avg": 17.84,
            "equity": 1702729,
            "current_ratio": 159.64,
            "debt_ratio": 76.11,
            "inventory_turnover_ratio": 0.02,
            "account_receivable_turnover_ratio": 1.76,
            "reinvestment_rate": 12.28,
            "research_to_sale_ratio": null,
            "price_fair": 145.88,
            "eps_avg_yearly": 4.17,
            "eps_latest_yearly": 5.16,
            "eps_growth_yearly": 11116.17
        },
        "20222": {
            "year_quarter": 20222,
            "year": 2022,
            "quarter": 2,
            "eps": -0.36,
            "eps_growth_year": -115.86,
            "eps_4q": 0.51,
            "eps_4q_growth_year": -88.68,
            "roe": -2.09,
            "roe_4q": 2.8200000000000003,
            "gross_profit": 58226,
            "gross_margin": 25.24,
            "gross_margin_4q_avg": 21.68,
            "net_income": -33832,
            "net_income_4q": null,
            "revenue": 230702,
            "revenue_4q": null,
            "common_shares": 937200,
            "book_valuer_per_share": 16.31,
            "book_valuer_per_share_4q_avg": 17.59,
            "equity": 1528317,
            "current_ratio": 138.29,
            "debt_ratio": 81.02,
            "inventory_turnover_ratio": 0.04,
            "account_receivable_turnover_ratio": 4.06,
            "reinvestment_rate": 13.01,
            "research_to_sale_ratio": null,
            "price_fair": 145.88,
            "eps_avg_yearly": 4.17,
            "eps_latest_yearly": 5.16,
            "eps_growth_yearly": 11116.17
        },
        "20223": {
            "year_quarter": 20223,
            "year": 2022,
            "quarter": 3,
            "eps": -0.3,
            "eps_growth_year": -3100,
            "eps_4q": 0.2,
            "eps_4q_growth_year": -95.59,
            "roe": -1.85,
            "roe_4q": 0.9300000000000006,
            "gross_profit": 39299,
            "gross_margin": 29.37,
            "gross_margin_4q_avg": 25.09,
            "net_income": -28046,
            "net_income_4q": null,
            "revenue": 133815,
            "revenue_4q": null,
            "common_shares": 937200,
            "book_valuer_per_share": 16.01,
            "book_valuer_per_share_4q_avg": 17.27,
            "equity": 1500271,
            "current_ratio": 130.51,
            "debt_ratio": 83.05,
            "inventory_turnover_ratio": 0.02,
            "account_receivable_turnover_ratio": 2.39,
            "reinvestment_rate": 13.24,
            "research_to_sale_ratio": null,
            "price_fair": 145.88,
            "eps_avg_yearly": 4.17,
            "eps_latest_yearly": 5.16,
            "eps_growth_yearly": 11116.17
        },
        "20224": {
            "year_quarter": 20224,
            "year": 2022,
            "quarter": 4,
            "eps": 0.28,
            "eps_growth_year": -78.22,
            "eps_4q": -0.81,
            "eps_4q_growth_year": -116.61,
            "roe": 1.74,
            "roe_4q": -4.52,
            "gross_profit": 44247,
            "gross_margin": 32.66,
            "gross_margin_4q_avg": 28.78,
            "net_income": 26363,
            "net_income_4q": null,
            "revenue": 135497,
            "revenue_4q": null,
            "common_shares": 937200,
            "book_valuer_per_share": 16.3,
            "book_valuer_per_share_4q_avg": 16.7,
            "equity": 1527311,
            "current_ratio": 121.44,
            "debt_ratio": 85.89,
            "inventory_turnover_ratio": 0.01,
            "account_receivable_turnover_ratio": 2.71,
            "reinvestment_rate": 12.97,
            "research_to_sale_ratio": null,
            "price_fair": 169.75,
            "eps_avg_yearly": 4.85,
            "eps_latest_yearly": 5.16,
            "eps_growth_yearly": 12795.22
        },
        "20231": {
            "year_quarter": 20231,
            "year": 2023,
            "quarter": 1,
            "eps": -0.63,
            "eps_growth_year": null,
            "eps_4q": -1.01,
            "eps_4q_growth_year": -132.06,
            "roe": -3.94,
            "roe_4q": -6.140000000000001,
            "gross_profit": 50770,
            "gross_margin": 40.45,
            "gross_margin_4q_avg": 31.93,
            "net_income": -58956,
            "net_income_4q": null,
            "revenue": 125528,
            "revenue_4q": null,
            "common_shares": 937200,
            "book_valuer_per_share": 15.67,
            "book_valuer_per_share_4q_avg": 16.07,
            "equity": 1468355,
            "current_ratio": 119.49,
            "debt_ratio": 86.58,
            "inventory_turnover_ratio": 0.01,
            "account_receivable_turnover_ratio": 3.16,
            "reinvestment_rate": 16.87,
            "research_to_sale_ratio": null,
            "price_fair": 169.75,
            "eps_avg_yearly": 4.85,
            "eps_latest_yearly": 5.16,
            "eps_growth_yearly": 12795.22
        },
        "20232": {
            "year_quarter": 20232,
            "year": 2023,
            "quarter": 2,
            "eps": 1.31,
            "eps_growth_year": null,
            "eps_4q": 0.66,
            "eps_4q_growth_year": 29.92,
            "roe": 8.03,
            "roe_4q": 3.98,
            "gross_profit": 294777,
            "gross_margin": 31.92,
            "gross_margin_4q_avg": 33.6,
            "net_income": 122867,
            "net_income_4q": null,
            "revenue": 923458,
            "revenue_4q": null,
            "common_shares": 937200,
            "book_valuer_per_share": 16.98,
            "book_valuer_per_share_4q_avg": 16.24,
            "equity": 1591222,
            "current_ratio": 125.5,
            "debt_ratio": 87.19,
            "inventory_turnover_ratio": 0.07,
            "account_receivable_turnover_ratio": 22.03,
            "reinvestment_rate": 13.12,
            "research_to_sale_ratio": null,
            "price_fair": 169.75,
            "eps_avg_yearly": 4.85,
            "eps_latest_yearly": 5.16,
            "eps_growth_yearly": 12795.22
        },
        "20233": {
            "year_quarter": 20233,
            "year": 2023,
            "quarter": 3,
            "eps": -0.12,
            "eps_growth_year": null,
            "eps_4q": 0.84,
            "eps_4q_growth_year": 311.74,
            "roe": -0.71,
            "roe_4q": 5.119999999999999,
            "gross_profit": 136657,
            "gross_margin": 34.14,
            "gross_margin_4q_avg": 34.79,
            "net_income": -11216,
            "net_income_4q": null,
            "revenue": 400312,
            "revenue_4q": null,
            "common_shares": 937200,
            "book_valuer_per_share": 16.86,
            "book_valuer_per_share_4q_avg": 16.45,
            "equity": 1580006,
            "current_ratio": 123.52,
            "debt_ratio": 86.91,
            "inventory_turnover_ratio": 0.03,
            "account_receivable_turnover_ratio": 8.59,
            "reinvestment_rate": 14.28,
            "research_to_sale_ratio": null,
            "price_fair": 169.75,
            "eps_avg_yearly": 4.85,
            "eps_latest_yearly": 5.16,
            "eps_growth_yearly": 12795.22
        }
    },
    "months": {
        "2001-06": {
            "month": "2001-06",
            "price": "5.60",
            "revenue": 326055
        },
        "2001-07": {
            "month": "2001-07",
            "price": "5.46",
            "revenue": 290298
        },
        "2001-08": {
            "month": "2001-08",
            "price": "5.44",
            "revenue": 293366
        },
        "2001-09": {
            "month": "2001-09",
            "price": "5.40",
            "revenue": 284501
        },
        "2001-10": {
            "month": "2001-10",
            "price": "5.10",
            "revenue": 308033
        },
        "2001-11": {
            "month": "2001-11",
            "price": "5.13",
            "revenue": 279695
        },
        "2001-12": {
            "month": "2001-12",
            "price": "5.08",
            "revenue": 267973
        },
        "2002-01": {
            "month": "2002-01",
            "price": "5.52",
            "revenue": 252467
        },
        "2002-02": {
            "month": "2002-02",
            "price": "5.40",
            "revenue": 225649
        },
        "2002-03": {
            "month": "2002-03",
            "price": "5.58",
            "revenue": 319823
        },
        "2002-04": {
            "month": "2002-04",
            "price": "5.83",
            "revenue": 304145
        },
        "2002-05": {
            "month": "2002-05",
            "price": "5.15",
            "revenue": 308287
        },
        "2002-06": {
            "month": "2002-06",
            "price": "5.04",
            "revenue": 318941
        },
        "2002-07": {
            "month": "2002-07",
            "price": "5.03",
            "revenue": 323574
        },
        "2002-08": {
            "month": "2002-08",
            "price": "5.00",
            "revenue": 291408
        },
        "2002-09": {
            "month": "2002-09",
            "price": "5.00",
            "revenue": 290226
        },
        "2002-10": {
            "month": "2002-10",
            "price": "5.00",
            "revenue": 292612
        },
        "2002-11": {
            "month": "2002-11",
            "price": "6.51",
            "revenue": 282320
        },
        "2002-12": {
            "month": "2002-12",
            "price": "6.25",
            "revenue": 279157
        },
        "2003-01": {
            "month": "2003-01",
            "price": "6.31",
            "revenue": 260051
        },
        "2003-02": {
            "month": "2003-02",
            "price": "7.26",
            "revenue": 260034
        },
        "2003-03": {
            "month": "2003-03",
            "price": "8.55",
            "revenue": 352070
        },
        "2003-04": {
            "month": "2003-04",
            "price": "7.45",
            "revenue": 346515
        },
        "2003-05": {
            "month": "2003-05",
            "price": "4.80",
            "revenue": 332772
        },
        "2003-06": {
            "month": "2003-06",
            "price": "5.22",
            "revenue": 320464
        },
        "2003-07": {
            "month": "2003-07",
            "price": "5.07",
            "revenue": 291864
        },
        "2003-08": {
            "month": "2003-08",
            "price": "4.41",
            "revenue": 281097
        },
        "2003-09": {
            "month": "2003-09",
            "price": "4.16",
            "revenue": 308955
        },
        "2003-10": {
            "month": "2003-10",
            "price": "4.21",
            "revenue": 334414
        },
        "2003-11": {
            "month": "2003-11",
            "price": "4.21",
            "revenue": 321648
        },
        "2003-12": {
            "month": "2003-12",
            "price": "4.09",
            "revenue": 333683
        },
        "2004-01": {
            "month": "2004-01",
            "price": "4.58",
            "revenue": 267878
        },
        "2004-02": {
            "month": "2004-02",
            "price": "5.38",
            "revenue": 260586
        },
        "2004-03": {
            "month": "2004-03",
            "price": "4.85",
            "revenue": 303808
        },
        "2004-04": {
            "month": "2004-04",
            "price": "4.66",
            "revenue": 330774
        },
        "2004-05": {
            "month": "2004-05",
            "price": "4.01",
            "revenue": 325962
        },
        "2004-06": {
            "month": "2004-06",
            "price": "3.52",
            "revenue": 300709
        },
        "2004-07": {
            "month": "2004-07",
            "price": "3.08",
            "revenue": 290495
        },
        "2004-08": {
            "month": "2004-08",
            "price": "2.93",
            "revenue": 290101
        },
        "2004-09": {
            "month": "2004-09",
            "price": "3.13",
            "revenue": 294443
        },
        "2004-10": {
            "month": "2004-10",
            "price": "2.74",
            "revenue": 272385
        },
        "2004-11": {
            "month": "2004-11",
            "price": "2.50",
            "revenue": 251311
        },
        "2004-12": {
            "month": "2004-12",
            "price": "2.38",
            "revenue": 236742
        },
        "2005-01": {
            "month": "2005-01",
            "price": "2.48",
            "revenue": 239862
        },
        "2005-02": {
            "month": "2005-02",
            "price": "2.30",
            "revenue": 174880
        },
        "2005-03": {
            "month": "2005-03",
            "price": "2.04",
            "revenue": 277757
        },
        "2005-04": {
            "month": "2005-04",
            "price": "1.91",
            "revenue": 277327
        },
        "2005-05": {
            "month": "2005-05",
            "price": "2.06",
            "revenue": 306354
        },
        "2005-06": {
            "month": "2005-06",
            "price": "2.36",
            "revenue": 264669
        },
        "2005-07": {
            "month": "2005-07",
            "price": "2.32",
            "revenue": 261048
        },
        "2005-08": {
            "month": "2005-08",
            "price": "2.05",
            "revenue": 270249
        },
        "2005-09": {
            "month": "2005-09",
            "price": "1.79",
            "revenue": 225879
        },
        "2005-10": {
            "month": "2005-10",
            "price": "1.76",
            "revenue": 238533
        },
        "2005-11": {
            "month": "2005-11",
            "price": "1.75",
            "revenue": 217225
        },
        "2005-12": {
            "month": "2005-12",
            "price": "1.79",
            "revenue": 245272
        },
        "2006-01": {
            "month": "2006-01",
            "price": "1.77",
            "revenue": 202349
        },
        "2006-02": {
            "month": "2006-02",
            "price": "1.96",
            "revenue": 185349
        },
        "2006-03": {
            "month": "2006-03",
            "price": "2.03",
            "revenue": 286722
        },
        "2006-04": {
            "month": "2006-04",
            "price": "2.44",
            "revenue": 263919
        },
        "2006-05": {
            "month": "2006-05",
            "price": "2.84",
            "revenue": 275265
        },
        "2006-06": {
            "month": "2006-06",
            "price": "2.38",
            "revenue": 261880
        },
        "2006-07": {
            "month": "2006-07",
            "price": "2.08",
            "revenue": 264982
        },
        "2006-08": {
            "month": "2006-08",
            "price": "1.82",
            "revenue": 264187
        },
        "2006-09": {
            "month": "2006-09",
            "price": "1.87",
            "revenue": 256521
        },
        "2006-10": {
            "month": "2006-10",
            "price": "1.99",
            "revenue": 257296
        },
        "2006-11": {
            "month": "2006-11",
            "price": "2.32",
            "revenue": 259394
        },
        "2006-12": {
            "month": "2006-12",
            "price": "3.97",
            "revenue": 270188
        },
        "2007-01": {
            "month": "2007-01",
            "price": "4.21",
            "revenue": 266586
        },
        "2007-02": {
            "month": "2007-02",
            "price": "3.58",
            "revenue": 188646
        },
        "2007-03": {
            "month": "2007-03",
            "price": "3.61",
            "revenue": 258212
        },
        "2007-04": {
            "month": "2007-04",
            "price": "4.13",
            "revenue": 263891
        },
        "2007-05": {
            "month": "2007-05",
            "price": "3.94",
            "revenue": 274871
        },
        "2007-06": {
            "month": "2007-06",
            "price": "3.86",
            "revenue": 268802
        },
        "2007-07": {
            "month": "2007-07",
            "price": "4.62",
            "revenue": 298346
        },
        "2007-08": {
            "month": "2007-08",
            "price": "3.79",
            "revenue": 281464
        },
        "2007-09": {
            "month": "2007-09",
            "price": "3.51",
            "revenue": 232936
        },
        "2007-10": {
            "month": "2007-10",
            "price": "3.50",
            "revenue": 253861
        },
        "2007-11": {
            "month": "2007-11",
            "price": "3.40",
            "revenue": 288767
        },
        "2007-12": {
            "month": "2007-12",
            "price": "2.89",
            "revenue": 277482
        },
        "2008-01": {
            "month": "2008-01",
            "price": "2.77",
            "revenue": 277969
        },
        "2008-02": {
            "month": "2008-02",
            "price": "2.87",
            "revenue": 235800
        },
        "2008-03": {
            "month": "2008-03",
            "price": "3.31",
            "revenue": 273984
        },
        "2008-04": {
            "month": "2008-04",
            "price": "4.34",
            "revenue": 271019
        },
        "2008-05": {
            "month": "2008-05",
            "price": "4.65",
            "revenue": 278459
        },
        "2008-06": {
            "month": "2008-06",
            "price": "3.50",
            "revenue": 238954
        },
        "2008-07": {
            "month": "2008-07",
            "price": "2.71",
            "revenue": 246608
        },
        "2008-08": {
            "month": "2008-08",
            "price": "2.32",
            "revenue": 212781
        },
        "2008-09": {
            "month": "2008-09",
            "price": "2.50",
            "revenue": 228183
        },
        "2008-10": {
            "month": "2008-10",
            "price": "2.17",
            "revenue": 260465
        },
        "2008-11": {
            "month": "2008-11",
            "price": "2.11",
            "revenue": 225371
        },
        "2008-12": {
            "month": "2008-12",
            "price": "2.05",
            "revenue": 232789
        },
        "2009-01": {
            "month": "2009-01",
            "price": "1.86",
            "revenue": 153720
        },
        "2009-02": {
            "month": "2009-02",
            "price": "1.76",
            "revenue": 184783
        },
        "2009-03": {
            "month": "2009-03",
            "price": "1.96",
            "revenue": 175506
        },
        "2009-04": {
            "month": "2009-04",
            "price": "2.55",
            "revenue": 192098
        },
        "2009-05": {
            "month": "2009-05",
            "price": "1.60",
            "revenue": 148845
        },
        "2009-06": {
            "month": "2009-06",
            "price": "1.24",
            "revenue": 145071
        },
        "2009-07": {
            "month": "2009-07",
            "price": "1.15",
            "revenue": 161320
        },
        "2009-08": {
            "month": "2009-08",
            "price": "1.30",
            "revenue": 148247
        },
        "2009-09": {
            "month": "2009-09",
            "price": "1.39",
            "revenue": 149206
        },
        "2009-10": {
            "month": "2009-10",
            "price": "1.48",
            "revenue": 147113
        },
        "2009-11": {
            "month": "2009-11",
            "price": "1.37",
            "revenue": 145477
        },
        "2009-12": {
            "month": "2009-12",
            "price": "1.39",
            "revenue": 148640
        },
        "2010-01": {
            "month": "2010-01",
            "price": "1.53",
            "revenue": 157241
        },
        "2010-02": {
            "month": "2010-02",
            "price": "1.52",
            "revenue": 128825
        },
        "2010-03": {
            "month": "2010-03",
            "price": "1.48",
            "revenue": 181686
        },
        "2010-04": {
            "month": "2010-04",
            "price": "1.47",
            "revenue": 195841
        },
        "2010-05": {
            "month": "2010-05",
            "price": "1.40",
            "revenue": 178966
        },
        "2010-06": {
            "month": "2010-06",
            "price": "1.39",
            "revenue": 187300
        },
        "2010-07": {
            "month": "2010-07",
            "price": "1.40",
            "revenue": 162563
        },
        "2010-08": {
            "month": "2010-08",
            "price": "2.03",
            "revenue": 152892
        },
        "2010-09": {
            "month": "2010-09",
            "price": "2.41",
            "revenue": 176031
        },
        "2010-10": {
            "month": "2010-10",
            "price": "2.34",
            "revenue": 182606
        },
        "2010-11": {
            "month": "2010-11",
            "price": "2.26",
            "revenue": 192049
        },
        "2010-12": {
            "month": "2010-12",
            "price": "2.78",
            "revenue": 196482
        },
        "2011-01": {
            "month": "2011-01",
            "price": "2.82",
            "revenue": 192893
        },
        "2011-02": {
            "month": "2011-02",
            "price": "2.59",
            "revenue": 180704
        },
        "2011-03": {
            "month": "2011-03",
            "price": "2.52",
            "revenue": 220635
        },
        "2011-04": {
            "month": "2011-04",
            "price": "2.47",
            "revenue": 176982
        },
        "2011-05": {
            "month": "2011-05",
            "price": "2.53",
            "revenue": 180178
        },
        "2011-06": {
            "month": "2011-06",
            "price": "2.87",
            "revenue": 178974
        },
        "2011-07": {
            "month": "2011-07",
            "price": "2.89",
            "revenue": 162968
        },
        "2011-08": {
            "month": "2011-08",
            "price": "2.78",
            "revenue": 146956
        },
        "2011-09": {
            "month": "2011-09",
            "price": "2.21",
            "revenue": 176243
        },
        "2011-10": {
            "month": "2011-10",
            "price": "1.99",
            "revenue": 157523
        },
        "2011-11": {
            "month": "2011-11",
            "price": "1.90",
            "revenue": 171523
        },
        "2011-12": {
            "month": "2011-12",
            "price": "1.73",
            "revenue": 189980
        },
        "2012-01": {
            "month": "2012-01",
            "price": "1.87",
            "revenue": 143313
        },
        "2012-02": {
            "month": "2012-02",
            "price": "1.68",
            "revenue": 177725
        },
        "2012-03": {
            "month": "2012-03",
            "price": "1.65",
            "revenue": 221604
        },
        "2012-04": {
            "month": "2012-04",
            "price": "1.58",
            "revenue": 161728
        },
        "2012-05": {
            "month": "2012-05",
            "price": "1.85",
            "revenue": 174830
        },
        "2012-06": {
            "month": "2012-06",
            "price": "1.63",
            "revenue": 143242
        },
        "2012-07": {
            "month": "2012-07",
            "price": "1.39",
            "revenue": 142813
        },
        "2012-08": {
            "month": "2012-08",
            "price": "1.44",
            "revenue": 127012
        },
        "2012-09": {
            "month": "2012-09",
            "price": "1.67",
            "revenue": 132696
        },
        "2012-10": {
            "month": "2012-10",
            "price": "1.87",
            "revenue": 132182
        },
        "2012-11": {
            "month": "2012-11",
            "price": "1.61",
            "revenue": 145304
        },
        "2012-12": {
            "month": "2012-12",
            "price": "2.49",
            "revenue": 137554
        },
        "2013-01": {
            "month": "2013-01",
            "price": "2.50",
            "revenue": 64433
        },
        "2013-02": {
            "month": "2013-02",
            "price": "2.38",
            "revenue": 60018
        },
        "2013-03": {
            "month": "2013-03",
            "price": "2.56",
            "revenue": 61150
        },
        "2013-04": {
            "month": "2013-04",
            "price": "2.63",
            "revenue": 60947
        },
        "2013-05": {
            "month": "2013-05",
            "price": "3.33",
            "revenue": 63974
        },
        "2013-06": {
            "month": "2013-06",
            "price": "4.14",
            "revenue": 52145
        },
        "2013-07": {
            "month": "2013-07",
            "price": "3.76",
            "revenue": 72591
        },
        "2013-08": {
            "month": "2013-08",
            "price": "3.42",
            "revenue": 61198
        },
        "2013-09": {
            "month": "2013-09",
            "price": "3.63",
            "revenue": 53933
        },
        "2013-10": {
            "month": "2013-10",
            "price": "3.56",
            "revenue": 75121
        },
        "2013-11": {
            "month": "2013-11",
            "price": "3.26",
            "revenue": 110659
        },
        "2013-12": {
            "month": "2013-12",
            "price": "3.34",
            "revenue": 85044
        },
        "2014-01": {
            "month": "2014-01",
            "price": "9.67",
            "revenue": 98747
        },
        "2014-02": {
            "month": "2014-02",
            "price": "9.18",
            "revenue": 49572
        },
        "2014-03": {
            "month": "2014-03",
            "price": "9.03",
            "revenue": 98680
        },
        "2014-04": {
            "month": "2014-04",
            "price": "8.68",
            "revenue": 88650
        },
        "2014-05": {
            "month": "2014-05",
            "price": "9.20",
            "revenue": 80739
        },
        "2014-06": {
            "month": "2014-06",
            "price": "9.60",
            "revenue": 75291
        },
        "2014-07": {
            "month": "2014-07",
            "price": "9.69",
            "revenue": 69999
        },
        "2014-08": {
            "month": "2014-08",
            "price": "9.31",
            "revenue": 73409
        },
        "2014-09": {
            "month": "2014-09",
            "price": "8.84",
            "revenue": 59698
        },
        "2014-10": {
            "month": "2014-10",
            "price": "7.49",
            "revenue": 55254
        },
        "2014-11": {
            "month": "2014-11",
            "price": "7.22",
            "revenue": 63218
        },
        "2014-12": {
            "month": "2014-12",
            "price": "7.04",
            "revenue": 95267
        },
        "2015-01": {
            "month": "2015-01",
            "price": "8.01",
            "revenue": 46075
        },
        "2015-02": {
            "month": "2015-02",
            "price": "7.00",
            "revenue": 43343
        },
        "2015-03": {
            "month": "2015-03",
            "price": "7.58",
            "revenue": 48573
        },
        "2015-04": {
            "month": "2015-04",
            "price": "7.16",
            "revenue": 44320
        },
        "2015-05": {
            "month": "2015-05",
            "price": "6.98",
            "revenue": 50073
        },
        "2015-06": {
            "month": "2015-06",
            "price": "6.54",
            "revenue": 41944
        },
        "2015-07": {
            "month": "2015-07",
            "price": "6.26",
            "revenue": 43957
        },
        "2015-08": {
            "month": "2015-08",
            "price": "5.99",
            "revenue": 67886
        },
        "2015-09": {
            "month": "2015-09",
            "price": "6.55",
            "revenue": 46596
        },
        "2015-10": {
            "month": "2015-10",
            "price": "5.23",
            "revenue": 57119
        },
        "2015-11": {
            "month": "2015-11",
            "price": "4.47",
            "revenue": 38852
        },
        "2015-12": {
            "month": "2015-12",
            "price": "4.34",
            "revenue": 37954
        },
        "2016-01": {
            "month": "2016-01",
            "price": "4.93",
            "revenue": 36025
        },
        "2016-02": {
            "month": "2016-02",
            "price": "8.89",
            "revenue": 32620
        },
        "2016-03": {
            "month": "2016-03",
            "price": "8.17",
            "revenue": 40591
        },
        "2016-04": {
            "month": "2016-04",
            "price": "10.09",
            "revenue": 34407
        },
        "2016-05": {
            "month": "2016-05",
            "price": "12.18",
            "revenue": 38779
        },
        "2016-06": {
            "month": "2016-06",
            "price": "9.18",
            "revenue": 38275
        },
        "2016-07": {
            "month": "2016-07",
            "price": "9.52",
            "revenue": 38393
        },
        "2016-08": {
            "month": "2016-08",
            "price": "9.27",
            "revenue": 42761
        },
        "2016-09": {
            "month": "2016-09",
            "price": "9.13",
            "revenue": 40875
        },
        "2016-10": {
            "month": "2016-10",
            "price": "9.36",
            "revenue": 34940
        },
        "2016-11": {
            "month": "2016-11",
            "price": "9.04",
            "revenue": 37031
        },
        "2016-12": {
            "month": "2016-12",
            "price": "8.46",
            "revenue": 561408
        },
        "2017-01": {
            "month": "2017-01",
            "price": "11.96",
            "revenue": 47594
        },
        "2017-02": {
            "month": "2017-02",
            "price": "13.25",
            "revenue": 99033
        },
        "2017-03": {
            "month": "2017-03",
            "price": "11.77",
            "revenue": 35723
        },
        "2017-04": {
            "month": "2017-04",
            "price": "11.41",
            "revenue": 55819
        },
        "2017-05": {
            "month": "2017-05",
            "price": "10.91",
            "revenue": 59895
        },
        "2017-06": {
            "month": "2017-06",
            "price": "10.98",
            "revenue": 96683
        },
        "2017-07": {
            "month": "2017-07",
            "price": "11.27",
            "revenue": 81232
        },
        "2017-08": {
            "month": "2017-08",
            "price": "11.02",
            "revenue": 47962
        },
        "2017-09": {
            "month": "2017-09",
            "price": "10.78",
            "revenue": 50775
        },
        "2017-10": {
            "month": "2017-10",
            "price": "10.44",
            "revenue": 74272
        },
        "2017-11": {
            "month": "2017-11",
            "price": "10.24",
            "revenue": 56367
        },
        "2017-12": {
            "month": "2017-12",
            "price": "10.34",
            "revenue": 303341
        },
        "2018-01": {
            "month": "2018-01",
            "price": "10.75",
            "revenue": 26142
        },
        "2018-02": {
            "month": "2018-02",
            "price": "10.00",
            "revenue": 22563
        },
        "2018-03": {
            "month": "2018-03",
            "price": "10.01",
            "revenue": 41286
        },
        "2018-04": {
            "month": "2018-04",
            "price": "9.72",
            "revenue": 42774
        },
        "2018-05": {
            "month": "2018-05",
            "price": "9.27",
            "revenue": 36332
        },
        "2018-06": {
            "month": "2018-06",
            "price": "9.20",
            "revenue": 35238
        },
        "2018-07": {
            "month": "2018-07",
            "price": "9.12",
            "revenue": 78005
        },
        "2018-08": {
            "month": "2018-08",
            "price": "8.98",
            "revenue": 27796
        },
        "2018-09": {
            "month": "2018-09",
            "price": "8.60",
            "revenue": 48022
        },
        "2018-10": {
            "month": "2018-10",
            "price": "7.41",
            "revenue": 39362
        },
        "2018-11": {
            "month": "2018-11",
            "price": "6.85",
            "revenue": 53638
        },
        "2018-12": {
            "month": "2018-12",
            "price": "7.03",
            "revenue": 23202
        },
        "2019-01": {
            "month": "2019-01",
            "price": "6.69",
            "revenue": 59570
        },
        "2019-02": {
            "month": "2019-02",
            "price": "7.66",
            "revenue": 79414
        },
        "2019-03": {
            "month": "2019-03",
            "price": "8.55",
            "revenue": 56441
        },
        "2019-04": {
            "month": "2019-04",
            "price": "9.11",
            "revenue": 114232
        },
        "2019-05": {
            "month": "2019-05",
            "price": "9.01",
            "revenue": 84448
        },
        "2019-06": {
            "month": "2019-06",
            "price": "9.12",
            "revenue": 75780
        },
        "2019-07": {
            "month": "2019-07",
            "price": "8.88",
            "revenue": 72306
        },
        "2019-08": {
            "month": "2019-08",
            "price": "8.72",
            "revenue": 24891
        },
        "2019-09": {
            "month": "2019-09",
            "price": "8.59",
            "revenue": 24522
        },
        "2019-10": {
            "month": "2019-10",
            "price": "8.54",
            "revenue": 100173
        },
        "2019-11": {
            "month": "2019-11",
            "price": "10.76",
            "revenue": 323247
        },
        "2019-12": {
            "month": "2019-12",
            "price": "12.12",
            "revenue": 52492
        },
        "2020-01": {
            "month": "2020-01",
            "price": "11.62",
            "revenue": 57927
        },
        "2020-02": {
            "month": "2020-02",
            "price": "10.61",
            "revenue": 29247
        },
        "2020-03": {
            "month": "2020-03",
            "price": "7.87",
            "revenue": 23049
        },
        "2020-04": {
            "month": "2020-04",
            "price": "7.84",
            "revenue": 73128
        },
        "2020-05": {
            "month": "2020-05",
            "price": "8.52",
            "revenue": 35923
        },
        "2020-06": {
            "month": "2020-06",
            "price": "10.02",
            "revenue": 24958
        },
        "2020-07": {
            "month": "2020-07",
            "price": "10.42",
            "revenue": 44070
        },
        "2020-08": {
            "month": "2020-08",
            "price": "9.78",
            "revenue": 69680
        },
        "2020-09": {
            "month": "2020-09",
            "price": "10.02",
            "revenue": 37980
        },
        "2020-10": {
            "month": "2020-10",
            "price": "9.74",
            "revenue": 20925
        },
        "2020-11": {
            "month": "2020-11",
            "price": "11.12",
            "revenue": 188226
        },
        "2020-12": {
            "month": "2020-12",
            "price": "15.82",
            "revenue": 111346
        },
        "2021-01": {
            "month": "2021-01",
            "price": "15.12",
            "revenue": 66121
        },
        "2021-02": {
            "month": "2021-02",
            "price": "16.07",
            "revenue": 433701
        },
        "2021-03": {
            "month": "2021-03",
            "price": "18.38",
            "revenue": 43972
        },
        "2021-04": {
            "month": "2021-04",
            "price": "18.44",
            "revenue": 58290
        },
        "2021-05": {
            "month": "2021-05",
            "price": "17.40",
            "revenue": 602756
        },
        "2021-06": {
            "month": "2021-06",
            "price": "18.64",
            "revenue": 184154
        },
        "2021-07": {
            "month": "2021-07",
            "price": "21.73",
            "revenue": 429328
        },
        "2021-08": {
            "month": "2021-08",
            "price": "27.45",
            "revenue": 226029
        },
        "2021-09": {
            "month": "2021-09",
            "price": "25.69",
            "revenue": 68833
        },
        "2021-10": {
            "month": "2021-10",
            "price": "22.47",
            "revenue": 86217
        },
        "2021-11": {
            "month": "2021-11",
            "price": "22.08",
            "revenue": 93115
        },
        "2021-12": {
            "month": "2021-12",
            "price": "22.02",
            "revenue": 70721
        },
        "2022-01": {
            "month": "2022-01",
            "price": "20.50",
            "revenue": 53475
        },
        "2022-02": {
            "month": "2022-02",
            "price": "20.48",
            "revenue": 31523
        },
        "2022-03": {
            "month": "2022-03",
            "price": "20.57",
            "revenue": 32237
        },
        "2022-04": {
            "month": "2022-04",
            "price": "20.26",
            "revenue": 71729
        },
        "2022-05": {
            "month": "2022-05",
            "price": "19.83",
            "revenue": 101673
        },
        "2022-06": {
            "month": "2022-06",
            "price": "17.72",
            "revenue": 57301
        },
        "2022-07": {
            "month": "2022-07",
            "price": "16.58",
            "revenue": 47436
        },
        "2022-08": {
            "month": "2022-08",
            "price": "16.75",
            "revenue": 36321
        },
        "2022-09": {
            "month": "2022-09",
            "price": "16.58",
            "revenue": 50058
        },
        "2022-10": {
            "month": "2022-10",
            "price": "15.99",
            "revenue": 31428
        },
        "2022-11": {
            "month": "2022-11",
            "price": "16.31",
            "revenue": 43004
        },
        "2022-12": {
            "month": "2022-12",
            "price": "15.76",
            "revenue": 61064
        },
        "2023-01": {
            "month": "2023-01",
            "price": "15.25",
            "revenue": 24784
        },
        "2023-02": {
            "month": "2023-02",
            "price": "15.35",
            "revenue": 32681
        },
        "2023-03": {
            "month": "2023-03",
            "price": "15.20",
            "revenue": 68064
        },
        "2023-04": {
            "month": "2023-04",
            "price": "15.53",
            "revenue": 373919
        },
        "2023-05": {
            "month": "2023-05",
            "price": "16.70",
            "revenue": 349469
        },
        "2023-06": {
            "month": "2023-06",
            "price": "16.72",
            "revenue": 200069
        },
        "2023-07": {
            "month": "2023-07",
            "price": "16.53",
            "revenue": 110748
        },
        "2023-08": {
            "month": "2023-08",
            "price": "16.52",
            "revenue": 73476
        },
        "2023-09": {
            "month": "2023-09",
            "price": "16.32",
            "revenue": 216090
        },
        "2023-10": {
            "month": "2023-10",
            "price": "16.32",
            "revenue": 101451
        },
        "2023-11": {
            "month": "2023-11",
            "price": "16.32",
            "revenue": 67653
        },
        "2023-12": {
            "month": "2023-12",
            "price": "16.67",
            "revenue": 66492
        }
    }
}
