{
    "summary": {
        "stock_name": "宜進",
        "stock_id": "1457",
        "category": "紡織纖維",
        "main_business": "各種人造纖維及其製品之假撚製造加工買賣<br>各種合成纖維伸縮尼龍絲特多龍絲之製造加工及內外銷。<br>委託營造廠商興建國民住宅商業大樓之出租出售等。",
        "website_url": "http://www.yijinn.com.tw",
        "ceo": "翁茂誠(原名:林鏡地)",
        "pe_ratio": 100,
        "report_year_from": 2001,
        "report_year_to": 2023,
        "age": 22,
        "eps_negative_percentage": 35,
        "eps_growth_avg": {
            "last_all": 1.8,
            "last_2y": 43.6,
            "last_4y": 12.25,
            "last_8y": 13.91,
            "last_12y": 18.76,
            "last_16y": 9.63,
            "last_20y": 1.8,
            "at_2006_last_3y": null,
            "at_2007_last_3y": null,
            "at_2008_last_3y": -100,
            "at_2009_last_3y": -100,
            "at_2010_last_3y": 0,
            "at_2011_last_3y": -33.33,
            "at_2012_last_3y": 0,
            "at_2013_last_3y": 33.33,
            "at_2014_last_3y": -16.9,
            "at_2015_last_3y": 49.77,
            "at_2016_last_3y": 15.98,
            "at_2017_last_3y": 15.98,
            "at_2018_last_3y": 24.36,
            "at_2019_last_3y": -13.73,
            "at_2020_last_3y": 32.61,
            "at_2021_last_3y": -9.69,
            "at_2022_last_3y": 19.61,
            "at_2023_last_3y": 19.61,
            "at_2006_last_all": -100,
            "at_2007_last_all": -100,
            "at_2008_last_all": -100,
            "at_2009_last_all": -100,
            "at_2010_last_all": -33.33,
            "at_2011_last_all": -50,
            "at_2012_last_all": -50,
            "at_2013_last_all": -20,
            "at_2014_last_all": -25.12,
            "at_2015_last_all": -7.24,
            "at_2016_last_all": -17.01,
            "at_2017_last_all": -4.01,
            "at_2018_last_all": -5.33,
            "at_2019_last_all": -9.6,
            "at_2020_last_all": -0.47,
            "at_2021_last_all": -5.76,
            "at_2022_last_all": 1.8,
            "at_2023_last_all": 1.8
        },
        "latest_eps": 0.13,
        "latest_price": 17.45,
        "latest_roe": -1,
        "latest_gross_margin": 5.18,
        "latest_equity": 8461843,
        "latest_revenue": 725572,
        "latest_gross_profit": 37576,
        "latest_net_income": -114126,
        "latest_debt_ratio": 57.59,
        "latest_current_ratio": 103.24,
        "latest_account_receivable_turnover_ratio": 1.83,
        "latest_inventory_turnover_ratio": 0.94,
        "latest_reinvestment_rate": -21.2,
        "latest_research_to_sale_ratio": null
    },
    "eps_dividends": {
        "1995": {
            "cash": 0,
            "stock": 2.5,
            "eps": 0
        },
        "1997": {
            "cash": 0,
            "stock": 2,
            "eps": 0
        },
        "1998": {
            "cash": 0,
            "stock": 2,
            "eps": 0
        },
        "1999": {
            "cash": 0,
            "stock": 1.8,
            "eps": 0
        },
        "2001": {
            "cash": 0,
            "stock": 0,
            "eps": 0.01
        },
        "2002": {
            "cash": 0,
            "stock": 0,
            "eps": -0.15
        },
        "2003": {
            "cash": 0,
            "stock": 0,
            "eps": -0.08
        },
        "2004": {
            "cash": 0,
            "stock": 0,
            "eps": -1.53
        },
        "2005": {
            "cash": 0,
            "stock": 0,
            "eps": -0.39
        },
        "2006": {
            "cash": 0,
            "stock": 0,
            "eps": -0.83
        },
        "2007": {
            "cash": 0,
            "stock": 0,
            "eps": 0.01
        },
        "2008": {
            "cash": 0,
            "stock": 0,
            "eps": -0.63
        },
        "2009": {
            "cash": 0,
            "stock": 0,
            "eps": 0.17
        },
        "2010": {
            "cash": 0,
            "stock": 0,
            "eps": 1.34
        },
        "2011": {
            "cash": 0.2,
            "stock": 0.32,
            "eps": -0.82
        },
        "2012": {
            "cash": 0,
            "stock": 0,
            "eps": 0.02
        },
        "2013": {
            "cash": 0,
            "stock": 0,
            "eps": 0.71
        },
        "2014": {
            "cash": 0.1,
            "stock": 0.4,
            "eps": 0.35
        },
        "2015": {
            "cash": 0.3,
            "stock": 0,
            "eps": 1.71
        },
        "2016": {
            "cash": 0.6,
            "stock": 0,
            "eps": 0.25
        },
        "2017": {
            "cash": 0.5,
            "stock": 0,
            "eps": 2.56
        },
        "2018": {
            "cash": 0.7,
            "stock": 0,
            "eps": 2.12
        },
        "2019": {
            "cash": 1.2,
            "stock": 0,
            "eps": 1.01
        },
        "2020": {
            "cash": 1,
            "stock": 0,
            "eps": 2.89
        },
        "2021": {
            "cash": 1,
            "stock": 0,
            "eps": 0.89
        },
        "2022": {
            "cash": 1,
            "stock": 0,
            "eps": 4.54
        },
        "2023": {
            "cash": 1,
            "stock": 0,
            "eps": -0.08
        }
    },
    "dividends": {
        "1995-05-22": {
            "cash": 0,
            "stock": 2.5
        },
        "1997-05-07": {
            "cash": 0,
            "stock": 2
        },
        "1998-05-12": {
            "cash": 0,
            "stock": 2
        },
        "1999-05-27": {
            "cash": 0,
            "stock": 1.8
        },
        "2011-04-19": {
            "cash": 0.2,
            "stock": 0.32
        },
        "2014-05-30": {
            "cash": 0.1,
            "stock": 0.4
        },
        "2015-07-31": {
            "cash": 0.3,
            "stock": 0
        },
        "2016-07-27": {
            "cash": 0.6,
            "stock": 0
        },
        "2017-08-03": {
            "cash": 0.5,
            "stock": 0
        },
        "2018-07-20": {
            "cash": 0.7,
            "stock": 0
        },
        "2019-07-25": {
            "cash": 0.7,
            "stock": 0
        },
        "2019-09-20": {
            "cash": 0.5,
            "stock": 0
        },
        "2020-05-05": {
            "cash": 0.5,
            "stock": 0
        },
        "2020-09-17": {
            "cash": 0.5,
            "stock": 0
        },
        "2021-05-25": {
            "cash": 1,
            "stock": 0
        },
        "2022-07-29": {
            "cash": 1,
            "stock": 0
        },
        "2023-06-19": {
            "cash": 1,
            "stock": 0
        }
    },
    "prices": {
        "200101": "4.08",
        "200102": "4.82",
        "200103": "4.59",
        "200104": "5.23",
        "200105": "3.61",
        "200106": "3.25",
        "200107": "3.01",
        "200108": "3.58",
        "200109": "3.88",
        "200110": "3.33",
        "200111": "3.46",
        "200112": "3.84",
        "200201": "4.70",
        "200202": "4.94",
        "200203": "6.67",
        "200204": "7.18",
        "200205": "6.38",
        "200206": "6.10",
        "200207": "5.84",
        "200208": "5.75",
        "200209": "4.78",
        "200210": "4.06",
        "200211": "5.04",
        "200212": "6.04",
        "200301": "8.27",
        "200302": "6.94",
        "200303": "6.05",
        "200304": "5.82",
        "200305": "4.66",
        "200306": "5.65",
        "200307": "6.30",
        "200308": "6.60",
        "200309": "6.57",
        "200310": "7.22",
        "200311": "7.70",
        "200312": "7.64",
        "200401": "8.08",
        "200402": "8.34",
        "200403": "7.57",
        "200404": "7.01",
        "200405": "5.82",
        "200406": "5.60",
        "200407": "5.33",
        "200408": "5.25",
        "200409": "6.36",
        "200410": "6.48",
        "200411": "6.26",
        "200412": "6.42",
        "200501": "6.26",
        "200502": "5.63",
        "200503": "5.25",
        "200504": "4.29",
        "200505": "3.79",
        "200506": "4.03",
        "200507": "3.90",
        "200508": "3.61",
        "200509": "3.29",
        "200510": "3.39",
        "200511": "3.32",
        "200512": "3.77",
        "200601": "3.86",
        "200602": "3.50",
        "200603": "3.02",
        "200604": "3.06",
        "200605": "3.32",
        "200606": "2.95",
        "200607": "2.90",
        "200608": "2.75",
        "200609": "2.59",
        "200610": "2.90",
        "200611": "3.25",
        "200612": "4.22",
        "200701": "4.25",
        "200702": "4.10",
        "200703": "4.09",
        "200704": "4.93",
        "200705": "4.94",
        "200706": "5.50",
        "200707": "6.65",
        "200708": "6.66",
        "200709": "6.83",
        "200710": "6.84",
        "200711": "5.62",
        "200712": "5.04",
        "200801": "4.84",
        "200802": "4.67",
        "200803": "4.98",
        "200804": "5.87",
        "200805": "7.39",
        "200806": "6.43",
        "200807": "5.12",
        "200808": "5.74",
        "200809": "5.30",
        "200810": "4.04",
        "200811": "3.75",
        "200812": "3.51",
        "200901": "3.35",
        "200902": "3.15",
        "200903": "3.71",
        "200904": "4.50",
        "200905": "4.85",
        "200906": "4.46",
        "200907": "4.57",
        "200908": "4.95",
        "200909": "4.99",
        "200910": "5.68",
        "200911": "6.41",
        "200912": "7.23",
        "201001": "8.10",
        "201002": "7.66",
        "201003": "8.09",
        "201004": "8.99",
        "201005": "8.64",
        "201006": "8.35",
        "201007": "8.38",
        "201008": "9.19",
        "201009": "9.58",
        "201010": "12.38",
        "201011": "12.15",
        "201012": "12.54",
        "201101": "13.62",
        "201102": "13.33",
        "201103": "12.03",
        "201104": "12.47",
        "201105": "10.99",
        "201106": "9.83",
        "201107": "9.78",
        "201108": "9.67",
        "201109": "8.44",
        "201110": "8.08",
        "201111": "7.66",
        "201112": "6.82",
        "201201": "7.44",
        "201202": "8.04",
        "201203": "7.99",
        "201204": "6.85",
        "201205": "6.59",
        "201206": "6.08",
        "201207": "6.01",
        "201208": "6.36",
        "201209": "7.08",
        "201210": "7.21",
        "201211": "7.17",
        "201212": "8.09",
        "201301": "7.78",
        "201302": "7.36",
        "201303": "7.31",
        "201304": "7.29",
        "201305": "7.46",
        "201306": "7.39",
        "201307": "7.43",
        "201308": "7.39",
        "201309": "7.41",
        "201310": "8.01",
        "201311": "7.97",
        "201312": "8.08",
        "201401": "8.02",
        "201402": "7.88",
        "201403": "8.01",
        "201404": "8.80",
        "201405": "8.52",
        "201406": "8.56",
        "201407": "8.46",
        "201408": "8.31",
        "201409": "8.68",
        "201410": "7.96",
        "201411": "7.77",
        "201412": "7.95",
        "201501": "8.12",
        "201502": "8.12",
        "201503": "8.66",
        "201504": "9.70",
        "201505": "10.56",
        "201506": "12.87",
        "201507": "13.08",
        "201508": "12.51",
        "201509": "14.02",
        "201510": "14.07",
        "201511": "12.59",
        "201512": "11.26",
        "201601": "11.16",
        "201602": "11.74",
        "201603": "12.16",
        "201604": "12.05",
        "201605": "10.49",
        "201606": "10.16",
        "201607": "10.30",
        "201608": "10.27",
        "201609": "10.07",
        "201610": "10.10",
        "201611": "10.04",
        "201612": "10.30",
        "201701": "10.21",
        "201702": "10.79",
        "201703": "11.57",
        "201704": "10.60",
        "201705": "10.25",
        "201706": "10.58",
        "201707": "11.13",
        "201708": "10.80",
        "201709": "10.79",
        "201710": "12.14",
        "201711": "13.31",
        "201712": "14.12",
        "201801": "14.23",
        "201802": "13.42",
        "201803": "13.92",
        "201804": "14.17",
        "201805": "14.42",
        "201806": "14.68",
        "201807": "13.85",
        "201808": "13.77",
        "201809": "13.54",
        "201810": "12.78",
        "201811": "12.30",
        "201812": "12.68",
        "201901": "12.69",
        "201902": "12.86",
        "201903": "13.17",
        "201904": "13.86",
        "201905": "14.45",
        "201906": "14.60",
        "201907": "13.85",
        "201908": "13.89",
        "201909": "13.92",
        "201910": "14.05",
        "201911": "14.10",
        "201912": "14.16",
        "202001": "14.16",
        "202002": "13.75",
        "202003": "11.76",
        "202004": "11.46",
        "202005": "11.94",
        "202006": "12.51",
        "202007": "13.00",
        "202008": "13.49",
        "202009": "13.67",
        "202010": "13.86",
        "202011": "14.43",
        "202012": "15.08",
        "202101": "14.72",
        "202102": "14.85",
        "202103": "16.42",
        "202104": "19.75",
        "202105": "17.80",
        "202106": "18.78",
        "202107": "18.52",
        "202108": "17.27",
        "202109": "17.17",
        "202110": "17.22",
        "202111": "17.82",
        "202112": "18.44",
        "202201": "18.81",
        "202202": "18.91",
        "202203": "18.92",
        "202204": "18.35",
        "202205": "18.74",
        "202206": "18.99",
        "202207": "17.07",
        "202208": "17.69",
        "202209": "18.06",
        "202210": "18.16",
        "202211": "18.50",
        "202212": "18.82",
        "202301": "18.70",
        "202302": "19.01",
        "202303": "19.00",
        "202304": "18.65",
        "202305": "18.63",
        "202306": "18.32",
        "202307": "17.48",
        "202308": "17.44",
        "202309": "17.63",
        "202310": "17.52"
    },
    "quarters": {
        "20011": {
            "year_quarter": 20011,
            "year": 2001,
            "quarter": 1,
            "eps": 0.1,
            "eps_growth_year": -62.96,
            "eps_4q": -0.17,
            "eps_4q_growth_year": null,
            "roe": 0.9,
            "roe_4q": 0.9,
            "gross_profit": 57812,
            "gross_margin": 7.03,
            "gross_margin_4q_avg": 7.03,
            "net_income": 36920,
            "net_income_4q": null,
            "revenue": 822258,
            "revenue_4q": null,
            "common_shares": 3823200,
            "book_valuer_per_share": 10.74,
            "book_valuer_per_share_4q_avg": 10.74,
            "equity": 4107457,
            "current_ratio": 50.15,
            "debt_ratio": 51.56,
            "inventory_turnover_ratio": 1.61,
            "account_receivable_turnover_ratio": null,
            "reinvestment_rate": null,
            "research_to_sale_ratio": null,
            "price_fair": 0,
            "eps_avg_yearly": 0,
            "eps_latest_yearly": 0,
            "eps_growth_yearly": 0
        },
        "20012": {
            "year_quarter": 20012,
            "year": 2001,
            "quarter": 2,
            "eps": 0.13,
            "eps_growth_year": 8.33,
            "eps_4q": -0.17,
            "eps_4q_growth_year": null,
            "roe": 1.14,
            "roe_4q": 2.04,
            "gross_profit": 45471,
            "gross_margin": 5.08,
            "gross_margin_4q_avg": 6.06,
            "net_income": 47322,
            "net_income_4q": null,
            "revenue": 895397,
            "revenue_4q": null,
            "common_shares": 3723200,
            "book_valuer_per_share": 11.23,
            "book_valuer_per_share_4q_avg": 10.99,
            "equity": 4181403,
            "current_ratio": 50.4,
            "debt_ratio": 49.78,
            "inventory_turnover_ratio": 1.75,
            "account_receivable_turnover_ratio": null,
            "reinvestment_rate": null,
            "research_to_sale_ratio": null,
            "price_fair": 0,
            "eps_avg_yearly": 0,
            "eps_latest_yearly": 0,
            "eps_growth_yearly": 0
        },
        "20013": {
            "year_quarter": 20013,
            "year": 2001,
            "quarter": 3,
            "eps": -0.05,
            "eps_growth_year": -135.71,
            "eps_4q": -0.36,
            "eps_4q_growth_year": null,
            "roe": -0.45,
            "roe_4q": 1.5899999999999999,
            "gross_profit": 47327,
            "gross_margin": 5.49,
            "gross_margin_4q_avg": 5.87,
            "net_income": -18904,
            "net_income_4q": null,
            "revenue": 862385,
            "revenue_4q": null,
            "common_shares": 3723200,
            "book_valuer_per_share": 11.19,
            "book_valuer_per_share_4q_avg": 11.05,
            "equity": 4166632,
            "current_ratio": 50.05,
            "debt_ratio": 49.47,
            "inventory_turnover_ratio": 1.67,
            "account_receivable_turnover_ratio": null,
            "reinvestment_rate": null,
            "research_to_sale_ratio": null,
            "price_fair": 0,
            "eps_avg_yearly": 0,
            "eps_latest_yearly": 0,
            "eps_growth_yearly": 0
        },
        "20014": {
            "year_quarter": 20014,
            "year": 2001,
            "quarter": 4,
            "eps": -0.17,
            "eps_growth_year": null,
            "eps_4q": 0,
            "eps_4q_growth_year": -61.35,
            "roe": -1.53,
            "roe_4q": 0.05999999999999994,
            "gross_profit": 69687,
            "gross_margin": 8.75,
            "gross_margin_4q_avg": 6.59,
            "net_income": -63899,
            "net_income_4q": null,
            "revenue": 796832,
            "revenue_4q": null,
            "common_shares": 3723200,
            "book_valuer_per_share": 11.08,
            "book_valuer_per_share_4q_avg": 11.06,
            "equity": 4197921,
            "current_ratio": 61.21,
            "debt_ratio": 50.59,
            "inventory_turnover_ratio": 1.4,
            "account_receivable_turnover_ratio": null,
            "reinvestment_rate": null,
            "research_to_sale_ratio": null,
            "price_fair": 0,
            "eps_avg_yearly": 0,
            "eps_latest_yearly": 0,
            "eps_growth_yearly": 0
        },
        "20021": {
            "year_quarter": 20021,
            "year": 2002,
            "quarter": 1,
            "eps": 0,
            "eps_growth_year": -100,
            "eps_4q": -0.09,
            "eps_4q_growth_year": null,
            "roe": 0.04,
            "roe_4q": -0.8,
            "gross_profit": 49996,
            "gross_margin": 6.07,
            "gross_margin_4q_avg": 6.35,
            "net_income": 1553,
            "net_income_4q": null,
            "revenue": 824049,
            "revenue_4q": null,
            "common_shares": 3723200,
            "book_valuer_per_share": 10.91,
            "book_valuer_per_share_4q_avg": 11.1,
            "equity": 4061673,
            "current_ratio": 69.29,
            "debt_ratio": 48.9,
            "inventory_turnover_ratio": 1.53,
            "account_receivable_turnover_ratio": null,
            "reinvestment_rate": null,
            "research_to_sale_ratio": null,
            "price_fair": 0,
            "eps_avg_yearly": 0,
            "eps_latest_yearly": 0,
            "eps_growth_yearly": 0
        },
        "20022": {
            "year_quarter": 20022,
            "year": 2002,
            "quarter": 2,
            "eps": 0.02,
            "eps_growth_year": -84.62,
            "eps_4q": -0.17,
            "eps_4q_growth_year": null,
            "roe": 0.21,
            "roe_4q": -1.73,
            "gross_profit": 137928,
            "gross_margin": 14.28,
            "gross_margin_4q_avg": 8.65,
            "net_income": 8767,
            "net_income_4q": null,
            "revenue": 966099,
            "revenue_4q": null,
            "common_shares": 3723200,
            "book_valuer_per_share": 11.11,
            "book_valuer_per_share_4q_avg": 11.07,
            "equity": 4136965,
            "current_ratio": 68.42,
            "debt_ratio": 48.47,
            "inventory_turnover_ratio": 1.61,
            "account_receivable_turnover_ratio": null,
            "reinvestment_rate": null,
            "research_to_sale_ratio": null,
            "price_fair": 0,
            "eps_avg_yearly": 0,
            "eps_latest_yearly": 0,
            "eps_growth_yearly": 0
        },
        "20023": {
            "year_quarter": 20023,
            "year": 2002,
            "quarter": 3,
            "eps": 0,
            "eps_growth_year": null,
            "eps_4q": -0.14,
            "eps_4q_growth_year": null,
            "roe": 0.03,
            "roe_4q": -1.25,
            "gross_profit": 80216,
            "gross_margin": 8.08,
            "gross_margin_4q_avg": 9.3,
            "net_income": 1393,
            "net_income_4q": null,
            "revenue": 992485,
            "revenue_4q": null,
            "common_shares": 3723200,
            "book_valuer_per_share": 11.15,
            "book_valuer_per_share_4q_avg": 11.06,
            "equity": 4151220,
            "current_ratio": 68.62,
            "debt_ratio": 48.54,
            "inventory_turnover_ratio": 1.67,
            "account_receivable_turnover_ratio": null,
            "reinvestment_rate": null,
            "research_to_sale_ratio": null,
            "price_fair": 0,
            "eps_avg_yearly": 0,
            "eps_latest_yearly": 0,
            "eps_growth_yearly": 0
        },
        "20024": {
            "year_quarter": 20024,
            "year": 2002,
            "quarter": 4,
            "eps": -0.17,
            "eps_growth_year": null,
            "eps_4q": -0.14,
            "eps_4q_growth_year": -3596.79,
            "roe": -1.46,
            "roe_4q": -1.18,
            "gross_profit": 121235,
            "gross_margin": 12.69,
            "gross_margin_4q_avg": 10.28,
            "net_income": -59965,
            "net_income_4q": null,
            "revenue": 955402,
            "revenue_4q": null,
            "common_shares": 3723200,
            "book_valuer_per_share": 10.84,
            "book_valuer_per_share_4q_avg": 11,
            "equity": 4066817,
            "current_ratio": 64.76,
            "debt_ratio": 48.17,
            "inventory_turnover_ratio": 1.54,
            "account_receivable_turnover_ratio": null,
            "reinvestment_rate": null,
            "research_to_sale_ratio": null,
            "price_fair": 0,
            "eps_avg_yearly": 0,
            "eps_latest_yearly": 0,
            "eps_growth_yearly": 0
        },
        "20031": {
            "year_quarter": 20031,
            "year": 2003,
            "quarter": 1,
            "eps": 0.03,
            "eps_growth_year": null,
            "eps_4q": -0.11,
            "eps_4q_growth_year": null,
            "roe": 0.26,
            "roe_4q": -0.96,
            "gross_profit": 86204,
            "gross_margin": 9.05,
            "gross_margin_4q_avg": 11.03,
            "net_income": 10691,
            "net_income_4q": null,
            "revenue": 952563,
            "revenue_4q": null,
            "common_shares": 3723200,
            "book_valuer_per_share": 10.93,
            "book_valuer_per_share_4q_avg": 11.01,
            "equity": 4068157,
            "current_ratio": 66.69,
            "debt_ratio": 47.5,
            "inventory_turnover_ratio": 1.59,
            "account_receivable_turnover_ratio": null,
            "reinvestment_rate": null,
            "research_to_sale_ratio": null,
            "price_fair": 0,
            "eps_avg_yearly": 0,
            "eps_latest_yearly": 0,
            "eps_growth_yearly": 0
        },
        "20032": {
            "year_quarter": 20032,
            "year": 2003,
            "quarter": 2,
            "eps": -0.11,
            "eps_growth_year": -650,
            "eps_4q": -0.24,
            "eps_4q_growth_year": null,
            "roe": -1.03,
            "roe_4q": -2.2,
            "gross_profit": 49547,
            "gross_margin": 5.4,
            "gross_margin_4q_avg": 8.81,
            "net_income": -41554,
            "net_income_4q": null,
            "revenue": 917919,
            "revenue_4q": null,
            "common_shares": 3723200,
            "book_valuer_per_share": 10.77,
            "book_valuer_per_share_4q_avg": 10.92,
            "equity": 4010135,
            "current_ratio": 61.15,
            "debt_ratio": 47.93,
            "inventory_turnover_ratio": 1.61,
            "account_receivable_turnover_ratio": null,
            "reinvestment_rate": null,
            "research_to_sale_ratio": null,
            "price_fair": 0,
            "eps_avg_yearly": 0,
            "eps_latest_yearly": 0,
            "eps_growth_yearly": 0
        },
        "20033": {
            "year_quarter": 20033,
            "year": 2003,
            "quarter": 3,
            "eps": 0.01,
            "eps_growth_year": null,
            "eps_4q": -0.24,
            "eps_4q_growth_year": null,
            "roe": 0.06,
            "roe_4q": -2.17,
            "gross_profit": 56186,
            "gross_margin": 5.81,
            "gross_margin_4q_avg": 8.24,
            "net_income": 2411,
            "net_income_4q": null,
            "revenue": 967680,
            "revenue_4q": null,
            "common_shares": 3723200,
            "book_valuer_per_share": 10.66,
            "book_valuer_per_share_4q_avg": 10.8,
            "equity": 3967471,
            "current_ratio": 63.3,
            "debt_ratio": 48.59,
            "inventory_turnover_ratio": 1.6,
            "account_receivable_turnover_ratio": null,
            "reinvestment_rate": null,
            "research_to_sale_ratio": null,
            "price_fair": 0,
            "eps_avg_yearly": 0,
            "eps_latest_yearly": 0,
            "eps_growth_yearly": 0
        },
        "20034": {
            "year_quarter": 20034,
            "year": 2003,
            "quarter": 4,
            "eps": -0.01,
            "eps_growth_year": null,
            "eps_4q": -0.08,
            "eps_4q_growth_year": null,
            "roe": -0.05,
            "roe_4q": -0.76,
            "gross_profit": 88415,
            "gross_margin": 8.08,
            "gross_margin_4q_avg": 7.09,
            "net_income": -1880,
            "net_income_4q": null,
            "revenue": 1094711,
            "revenue_4q": null,
            "common_shares": 3653200,
            "book_valuer_per_share": 10.85,
            "book_valuer_per_share_4q_avg": 10.8,
            "equity": 3964724,
            "current_ratio": 82.14,
            "debt_ratio": 48.61,
            "inventory_turnover_ratio": 1.64,
            "account_receivable_turnover_ratio": null,
            "reinvestment_rate": null,
            "research_to_sale_ratio": null,
            "price_fair": 0,
            "eps_avg_yearly": 0,
            "eps_latest_yearly": 0,
            "eps_growth_yearly": 0
        },
        "20041": {
            "year_quarter": 20041,
            "year": 2004,
            "quarter": 1,
            "eps": 0.01,
            "eps_growth_year": -66.67,
            "eps_4q": -0.14,
            "eps_4q_growth_year": null,
            "roe": 0.07,
            "roe_4q": -0.9500000000000001,
            "gross_profit": 70192,
            "gross_margin": 6.87,
            "gross_margin_4q_avg": 6.54,
            "net_income": 2737,
            "net_income_4q": null,
            "revenue": 1021809,
            "revenue_4q": null,
            "common_shares": 3653200,
            "book_valuer_per_share": 10.86,
            "book_valuer_per_share_4q_avg": 10.79,
            "equity": 3967051,
            "current_ratio": 67.07,
            "debt_ratio": 45.97,
            "inventory_turnover_ratio": 1.49,
            "account_receivable_turnover_ratio": null,
            "reinvestment_rate": null,
            "research_to_sale_ratio": null,
            "price_fair": 0,
            "eps_avg_yearly": 0,
            "eps_latest_yearly": 0,
            "eps_growth_yearly": 0
        },
        "20042": {
            "year_quarter": 20042,
            "year": 2004,
            "quarter": 2,
            "eps": 0,
            "eps_growth_year": null,
            "eps_4q": 0.01,
            "eps_4q_growth_year": null,
            "roe": -0.01,
            "roe_4q": 0.07,
            "gross_profit": 80391,
            "gross_margin": 7.2,
            "gross_margin_4q_avg": 6.99,
            "net_income": -223,
            "net_income_4q": null,
            "revenue": 1116925,
            "revenue_4q": null,
            "common_shares": 3653200,
            "book_valuer_per_share": 10.87,
            "book_valuer_per_share_4q_avg": 10.81,
            "equity": 3972153,
            "current_ratio": 72.17,
            "debt_ratio": 45.4,
            "inventory_turnover_ratio": 1.58,
            "account_receivable_turnover_ratio": null,
            "reinvestment_rate": null,
            "research_to_sale_ratio": null,
            "price_fair": 0,
            "eps_avg_yearly": 0,
            "eps_latest_yearly": 0,
            "eps_growth_yearly": 0
        },
        "20043": {
            "year_quarter": 20043,
            "year": 2004,
            "quarter": 3,
            "eps": 0.02,
            "eps_growth_year": 100,
            "eps_4q": 0.02,
            "eps_4q_growth_year": null,
            "roe": 0.22,
            "roe_4q": 0.23000000000000004,
            "gross_profit": 88900,
            "gross_margin": 6.47,
            "gross_margin_4q_avg": 7.16,
            "net_income": 8690,
            "net_income_4q": null,
            "revenue": 1374581,
            "revenue_4q": null,
            "common_shares": 3653200,
            "book_valuer_per_share": 10.87,
            "book_valuer_per_share_4q_avg": 10.86,
            "equity": 3970499,
            "current_ratio": 74.21,
            "debt_ratio": 44.96,
            "inventory_turnover_ratio": 2.01,
            "account_receivable_turnover_ratio": null,
            "reinvestment_rate": null,
            "research_to_sale_ratio": null,
            "price_fair": 0,
            "eps_avg_yearly": 0,
            "eps_latest_yearly": 0,
            "eps_growth_yearly": 0
        },
        "20044": {
            "year_quarter": 20044,
            "year": 2004,
            "quarter": 4,
            "eps": -1.56,
            "eps_growth_year": null,
            "eps_4q": -1.52,
            "eps_4q_growth_year": null,
            "roe": -15.37,
            "roe_4q": -15.089999999999998,
            "gross_profit": 73074,
            "gross_margin": 7.75,
            "gross_margin_4q_avg": 7.07,
            "net_income": -566494,
            "net_income_4q": null,
            "revenue": 943030,
            "revenue_4q": null,
            "common_shares": 3653200,
            "book_valuer_per_share": 9.23,
            "book_valuer_per_share_4q_avg": 10.46,
            "equity": 3399557,
            "current_ratio": 73.66,
            "debt_ratio": 46.63,
            "inventory_turnover_ratio": 1.22,
            "account_receivable_turnover_ratio": null,
            "reinvestment_rate": null,
            "research_to_sale_ratio": null,
            "price_fair": 0,
            "eps_avg_yearly": 0,
            "eps_latest_yearly": 0,
            "eps_growth_yearly": 0
        },
        "20051": {
            "year_quarter": 20051,
            "year": 2005,
            "quarter": 1,
            "eps": 0.19,
            "eps_growth_year": 1800,
            "eps_4q": -1.37,
            "eps_4q_growth_year": null,
            "roe": 2.03,
            "roe_4q": -13.129999999999999,
            "gross_profit": 46848,
            "gross_margin": 4.62,
            "gross_margin_4q_avg": 6.51,
            "net_income": 68115,
            "net_income_4q": null,
            "revenue": 1014985,
            "revenue_4q": null,
            "common_shares": 3653200,
            "book_valuer_per_share": 9.08,
            "book_valuer_per_share_4q_avg": 10.01,
            "equity": 3317027,
            "current_ratio": 69.97,
            "debt_ratio": 48.22,
            "inventory_turnover_ratio": 1.24,
            "account_receivable_turnover_ratio": null,
            "reinvestment_rate": null,
            "research_to_sale_ratio": null,
            "price_fair": 0,
            "eps_avg_yearly": 0,
            "eps_latest_yearly": 0,
            "eps_growth_yearly": 0
        },
        "20052": {
            "year_quarter": 20052,
            "year": 2005,
            "quarter": 2,
            "eps": -0.18,
            "eps_growth_year": null,
            "eps_4q": -1.51,
            "eps_4q_growth_year": -18271.58,
            "roe": -1.94,
            "roe_4q": -15.059999999999999,
            "gross_profit": 21282,
            "gross_margin": 2.53,
            "gross_margin_4q_avg": 5.34,
            "net_income": -63625,
            "net_income_4q": null,
            "revenue": 842738,
            "revenue_4q": null,
            "common_shares": 3653200,
            "book_valuer_per_share": 8.85,
            "book_valuer_per_share_4q_avg": 9.51,
            "equity": 3234618,
            "current_ratio": 63.3,
            "debt_ratio": 47.51,
            "inventory_turnover_ratio": 1.15,
            "account_receivable_turnover_ratio": null,
            "reinvestment_rate": null,
            "research_to_sale_ratio": null,
            "price_fair": 0,
            "eps_avg_yearly": 0,
            "eps_latest_yearly": 0,
            "eps_growth_yearly": 0
        },
        "20053": {
            "year_quarter": 20053,
            "year": 2005,
            "quarter": 3,
            "eps": -0.01,
            "eps_growth_year": -150,
            "eps_4q": -1.55,
            "eps_4q_growth_year": -7300.62,
            "roe": -0.08,
            "roe_4q": -15.36,
            "gross_profit": 21416,
            "gross_margin": 2.13,
            "gross_margin_4q_avg": 4.26,
            "net_income": -2482,
            "net_income_4q": null,
            "revenue": 1007661,
            "revenue_4q": null,
            "common_shares": 3653200,
            "book_valuer_per_share": 8.97,
            "book_valuer_per_share_4q_avg": 9.03,
            "equity": 3277295,
            "current_ratio": 66.41,
            "debt_ratio": 46.61,
            "inventory_turnover_ratio": 1.52,
            "account_receivable_turnover_ratio": null,
            "reinvestment_rate": null,
            "research_to_sale_ratio": null,
            "price_fair": 0,
            "eps_avg_yearly": 0,
            "eps_latest_yearly": 0,
            "eps_growth_yearly": 0
        },
        "20054": {
            "year_quarter": 20054,
            "year": 2005,
            "quarter": 4,
            "eps": -0.39,
            "eps_growth_year": null,
            "eps_4q": -0.31,
            "eps_4q_growth_year": null,
            "roe": -3.99,
            "roe_4q": -3.98,
            "gross_profit": 16439,
            "gross_margin": 1.95,
            "gross_margin_4q_avg": 2.81,
            "net_income": -137109,
            "net_income_4q": null,
            "revenue": 842439,
            "revenue_4q": null,
            "common_shares": 3653200,
            "book_valuer_per_share": 8.58,
            "book_valuer_per_share_4q_avg": 8.87,
            "equity": 3590139,
            "current_ratio": 64.65,
            "debt_ratio": 58.26,
            "inventory_turnover_ratio": 0.99,
            "account_receivable_turnover_ratio": null,
            "reinvestment_rate": null,
            "research_to_sale_ratio": null,
            "price_fair": 0,
            "eps_avg_yearly": 0,
            "eps_latest_yearly": 0,
            "eps_growth_yearly": 0
        },
        "20061": {
            "year_quarter": 20061,
            "year": 2006,
            "quarter": 1,
            "eps": -0.13,
            "eps_growth_year": -168.42,
            "eps_4q": -0.7,
            "eps_4q_growth_year": null,
            "roe": -1.4,
            "roe_4q": -7.41,
            "gross_profit": -2179,
            "gross_margin": -0.29,
            "gross_margin_4q_avg": 1.58,
            "net_income": -46756,
            "net_income_4q": null,
            "revenue": 754461,
            "revenue_4q": null,
            "common_shares": 3653200,
            "book_valuer_per_share": 8.46,
            "book_valuer_per_share_4q_avg": 8.72,
            "equity": 3092308,
            "current_ratio": 69.78,
            "debt_ratio": 47.99,
            "inventory_turnover_ratio": 0.85,
            "account_receivable_turnover_ratio": null,
            "reinvestment_rate": null,
            "research_to_sale_ratio": null,
            "price_fair": 0,
            "eps_avg_yearly": 0,
            "eps_latest_yearly": 0,
            "eps_growth_yearly": 0
        },
        "20062": {
            "year_quarter": 20062,
            "year": 2006,
            "quarter": 2,
            "eps": -0.17,
            "eps_growth_year": null,
            "eps_4q": -0.67,
            "eps_4q_growth_year": null,
            "roe": -1.96,
            "roe_4q": -7.43,
            "gross_profit": 4650,
            "gross_margin": 0.47,
            "gross_margin_4q_avg": 1.07,
            "net_income": -59945,
            "net_income_4q": null,
            "revenue": 987263,
            "revenue_4q": null,
            "common_shares": 3653200,
            "book_valuer_per_share": 8.31,
            "book_valuer_per_share_4q_avg": 8.58,
            "equity": 3036052,
            "current_ratio": 66.17,
            "debt_ratio": 48.13,
            "inventory_turnover_ratio": 1.49,
            "account_receivable_turnover_ratio": null,
            "reinvestment_rate": null,
            "research_to_sale_ratio": null,
            "price_fair": 0,
            "eps_avg_yearly": 0,
            "eps_latest_yearly": 0,
            "eps_growth_yearly": 0
        },
        "20063": {
            "year_quarter": 20063,
            "year": 2006,
            "quarter": 3,
            "eps": -0.05,
            "eps_growth_year": null,
            "eps_4q": -0.72,
            "eps_4q_growth_year": null,
            "roe": -0.59,
            "roe_4q": -7.9399999999999995,
            "gross_profit": 17365,
            "gross_margin": 1.97,
            "gross_margin_4q_avg": 1.03,
            "net_income": -17741,
            "net_income_4q": null,
            "revenue": 879501,
            "revenue_4q": null,
            "common_shares": 3653200,
            "book_valuer_per_share": 8.21,
            "book_valuer_per_share_4q_avg": 8.39,
            "equity": 2998998,
            "current_ratio": 62.86,
            "debt_ratio": 47.52,
            "inventory_turnover_ratio": 1.43,
            "account_receivable_turnover_ratio": null,
            "reinvestment_rate": null,
            "research_to_sale_ratio": null,
            "price_fair": 0,
            "eps_avg_yearly": 0,
            "eps_latest_yearly": 0,
            "eps_growth_yearly": 0
        },
        "20064": {
            "year_quarter": 20064,
            "year": 2006,
            "quarter": 4,
            "eps": -0.48,
            "eps_growth_year": null,
            "eps_4q": -0.72,
            "eps_4q_growth_year": null,
            "roe": -5.29,
            "roe_4q": -9.24,
            "gross_profit": 13159,
            "gross_margin": 1.44,
            "gross_margin_4q_avg": 0.9,
            "net_income": -168497,
            "net_income_4q": null,
            "revenue": 915844,
            "revenue_4q": null,
            "common_shares": 3653200,
            "book_valuer_per_share": 7.8,
            "book_valuer_per_share_4q_avg": 8.2,
            "equity": 3373052,
            "current_ratio": 63.13,
            "debt_ratio": 56.57,
            "inventory_turnover_ratio": 1.21,
            "account_receivable_turnover_ratio": null,
            "reinvestment_rate": null,
            "research_to_sale_ratio": null,
            "price_fair": 0,
            "eps_avg_yearly": 0,
            "eps_latest_yearly": 0,
            "eps_growth_yearly": 0
        },
        "20071": {
            "year_quarter": 20071,
            "year": 2007,
            "quarter": 1,
            "eps": -0.03,
            "eps_growth_year": null,
            "eps_4q": -0.76,
            "eps_4q_growth_year": null,
            "roe": -0.32,
            "roe_4q": -8.16,
            "gross_profit": 26040,
            "gross_margin": 2.73,
            "gross_margin_4q_avg": 1.65,
            "net_income": -10055,
            "net_income_4q": null,
            "revenue": 952875,
            "revenue_4q": null,
            "common_shares": 3653200,
            "book_valuer_per_share": 7.8,
            "book_valuer_per_share_4q_avg": 8.03,
            "equity": 2848945,
            "current_ratio": 72.47,
            "debt_ratio": 48.85,
            "inventory_turnover_ratio": 1.28,
            "account_receivable_turnover_ratio": null,
            "reinvestment_rate": null,
            "research_to_sale_ratio": null,
            "price_fair": 0,
            "eps_avg_yearly": 0,
            "eps_latest_yearly": 0,
            "eps_growth_yearly": 0
        },
        "20072": {
            "year_quarter": 20072,
            "year": 2007,
            "quarter": 2,
            "eps": 0.04,
            "eps_growth_year": null,
            "eps_4q": -0.59,
            "eps_4q_growth_year": null,
            "roe": 0.43,
            "roe_4q": -5.77,
            "gross_profit": 54174,
            "gross_margin": 5.17,
            "gross_margin_4q_avg": 2.83,
            "net_income": 12388,
            "net_income_4q": null,
            "revenue": 1047811,
            "revenue_4q": null,
            "common_shares": 3653200,
            "book_valuer_per_share": 7.91,
            "book_valuer_per_share_4q_avg": 7.93,
            "equity": 2889936,
            "current_ratio": 91.25,
            "debt_ratio": 47.34,
            "inventory_turnover_ratio": 1.68,
            "account_receivable_turnover_ratio": null,
            "reinvestment_rate": null,
            "research_to_sale_ratio": null,
            "price_fair": 0,
            "eps_avg_yearly": 0,
            "eps_latest_yearly": 0,
            "eps_growth_yearly": 0
        },
        "20073": {
            "year_quarter": 20073,
            "year": 2007,
            "quarter": 3,
            "eps": 0.06,
            "eps_growth_year": null,
            "eps_4q": -0.44,
            "eps_4q_growth_year": null,
            "roe": 0.7,
            "roe_4q": -4.48,
            "gross_profit": 41346,
            "gross_margin": 3.81,
            "gross_margin_4q_avg": 3.29,
            "net_income": 20140,
            "net_income_4q": null,
            "revenue": 1086443,
            "revenue_4q": null,
            "common_shares": 3653200,
            "book_valuer_per_share": 7.88,
            "book_valuer_per_share_4q_avg": 7.85,
            "equity": 2879073,
            "current_ratio": 90.06,
            "debt_ratio": 41.1,
            "inventory_turnover_ratio": 1.68,
            "account_receivable_turnover_ratio": null,
            "reinvestment_rate": null,
            "research_to_sale_ratio": null,
            "price_fair": 8.4,
            "eps_avg_yearly": 0.24,
            "eps_latest_yearly": 0.24,
            "eps_growth_yearly": 200
        },
        "20074": {
            "year_quarter": 20074,
            "year": 2007,
            "quarter": 4,
            "eps": -0.06,
            "eps_growth_year": null,
            "eps_4q": 0,
            "eps_4q_growth_year": null,
            "roe": -0.72,
            "roe_4q": 0.08999999999999997,
            "gross_profit": 67162,
            "gross_margin": 6.06,
            "gross_margin_4q_avg": 4.44,
            "net_income": -22341,
            "net_income_4q": null,
            "revenue": 1107603,
            "revenue_4q": null,
            "common_shares": 3653200,
            "book_valuer_per_share": 7.91,
            "book_valuer_per_share_4q_avg": 7.88,
            "equity": 3313279,
            "current_ratio": 101.23,
            "debt_ratio": 43.11,
            "inventory_turnover_ratio": 1.32,
            "account_receivable_turnover_ratio": null,
            "reinvestment_rate": null,
            "research_to_sale_ratio": null,
            "price_fair": 8.4,
            "eps_avg_yearly": 0.24,
            "eps_latest_yearly": 0.24,
            "eps_growth_yearly": 200
        },
        "20081": {
            "year_quarter": 20081,
            "year": 2008,
            "quarter": 1,
            "eps": 0.24,
            "eps_growth_year": null,
            "eps_4q": 0.25,
            "eps_4q_growth_year": null,
            "roe": 1.98,
            "roe_4q": 2.39,
            "gross_profit": 69373,
            "gross_margin": 4.86,
            "gross_margin_4q_avg": 4.98,
            "net_income": 66390,
            "net_income_4q": null,
            "revenue": 1428036,
            "revenue_4q": null,
            "common_shares": 2557240,
            "book_valuer_per_share": 11.51,
            "book_valuer_per_share_4q_avg": 8.8,
            "equity": 3395140,
            "current_ratio": 102.38,
            "debt_ratio": 41.99,
            "inventory_turnover_ratio": 1.37,
            "account_receivable_turnover_ratio": null,
            "reinvestment_rate": null,
            "research_to_sale_ratio": null,
            "price_fair": 8.4,
            "eps_avg_yearly": 0.24,
            "eps_latest_yearly": 0.24,
            "eps_growth_yearly": 200
        },
        "20082": {
            "year_quarter": 20082,
            "year": 2008,
            "quarter": 2,
            "eps": 0.02,
            "eps_growth_year": -50,
            "eps_4q": 0.14,
            "eps_4q_growth_year": null,
            "roe": 0.27,
            "roe_4q": 2.23,
            "gross_profit": 51966,
            "gross_margin": 3.74,
            "gross_margin_4q_avg": 4.62,
            "net_income": 9109,
            "net_income_4q": null,
            "revenue": 1389418,
            "revenue_4q": null,
            "common_shares": 2557240,
            "book_valuer_per_share": 11.59,
            "book_valuer_per_share_4q_avg": 9.72,
            "equity": 3399689,
            "current_ratio": 102.63,
            "debt_ratio": 41.11,
            "inventory_turnover_ratio": 1.26,
            "account_receivable_turnover_ratio": null,
            "reinvestment_rate": null,
            "research_to_sale_ratio": null,
            "price_fair": 0.48,
            "eps_avg_yearly": 0.16,
            "eps_latest_yearly": 0.08,
            "eps_growth_yearly": -83.33
        },
        "20083": {
            "year_quarter": 20083,
            "year": 2008,
            "quarter": 3,
            "eps": 0.06,
            "eps_growth_year": 0,
            "eps_4q": 0.24,
            "eps_4q_growth_year": null,
            "roe": 0.42,
            "roe_4q": 1.95,
            "gross_profit": 32652,
            "gross_margin": 2.99,
            "gross_margin_4q_avg": 4.41,
            "net_income": 14226,
            "net_income_4q": null,
            "revenue": 1092449,
            "revenue_4q": null,
            "common_shares": 2370000,
            "book_valuer_per_share": 12.12,
            "book_valuer_per_share_4q_avg": 10.78,
            "equity": 3308612,
            "current_ratio": 98.76,
            "debt_ratio": 40.7,
            "inventory_turnover_ratio": 0.95,
            "account_receivable_turnover_ratio": null,
            "reinvestment_rate": null,
            "research_to_sale_ratio": null,
            "price_fair": 6.53,
            "eps_avg_yearly": 0.19,
            "eps_latest_yearly": 0.24,
            "eps_growth_yearly": 211.11
        },
        "20084": {
            "year_quarter": 20084,
            "year": 2008,
            "quarter": 4,
            "eps": -0.95,
            "eps_growth_year": null,
            "eps_4q": -0.58,
            "eps_4q_growth_year": -159811.36,
            "roe": -7.87,
            "roe_4q": -5.199999999999999,
            "gross_profit": -178058,
            "gross_margin": -22.21,
            "gross_margin_4q_avg": -2.66,
            "net_income": -249556,
            "net_income_4q": null,
            "revenue": 801547,
            "revenue_4q": null,
            "common_shares": 2370000,
            "book_valuer_per_share": 11.16,
            "book_valuer_per_share_4q_avg": 11.6,
            "equity": 3035136,
            "current_ratio": 87.87,
            "debt_ratio": 40.83,
            "inventory_turnover_ratio": 0.97,
            "account_receivable_turnover_ratio": 3.83,
            "reinvestment_rate": null,
            "research_to_sale_ratio": null,
            "price_fair": 6.53,
            "eps_avg_yearly": 0.19,
            "eps_latest_yearly": 0.24,
            "eps_growth_yearly": 211.11
        },
        "20091": {
            "year_quarter": 20091,
            "year": 2009,
            "quarter": 1,
            "eps": 0.06,
            "eps_growth_year": -75,
            "eps_4q": -0.62,
            "eps_4q_growth_year": -346.93,
            "roe": 0.62,
            "roe_4q": -6.5600000000000005,
            "gross_profit": 35809,
            "gross_margin": 4.39,
            "gross_margin_4q_avg": -2.77,
            "net_income": 18962,
            "net_income_4q": null,
            "revenue": 815878,
            "revenue_4q": null,
            "common_shares": 2370000,
            "book_valuer_per_share": 11.19,
            "book_valuer_per_share_4q_avg": 11.52,
            "equity": 3049648,
            "current_ratio": 87.32,
            "debt_ratio": 41.19,
            "inventory_turnover_ratio": 0.9,
            "account_receivable_turnover_ratio": 1.96,
            "reinvestment_rate": null,
            "research_to_sale_ratio": null,
            "price_fair": 6.53,
            "eps_avg_yearly": 0.19,
            "eps_latest_yearly": 0.24,
            "eps_growth_yearly": 211.11
        },
        "20092": {
            "year_quarter": 20092,
            "year": 2009,
            "quarter": 2,
            "eps": 0.02,
            "eps_growth_year": 0,
            "eps_4q": -0.38,
            "eps_4q_growth_year": -379.36,
            "roe": 0.34,
            "roe_4q": -6.49,
            "gross_profit": 46484,
            "gross_margin": 4.44,
            "gross_margin_4q_avg": -2.6,
            "net_income": 10282,
            "net_income_4q": null,
            "revenue": 1046511,
            "revenue_4q": null,
            "common_shares": 2370000,
            "book_valuer_per_share": 11.02,
            "book_valuer_per_share_4q_avg": 11.37,
            "equity": 3008707,
            "current_ratio": 91.18,
            "debt_ratio": 46.75,
            "inventory_turnover_ratio": 1.21,
            "account_receivable_turnover_ratio": 2.5,
            "reinvestment_rate": null,
            "research_to_sale_ratio": null,
            "price_fair": 5.6,
            "eps_avg_yearly": 0.16,
            "eps_latest_yearly": 0.08,
            "eps_growth_yearly": 91.67
        },
        "20093": {
            "year_quarter": 20093,
            "year": 2009,
            "quarter": 3,
            "eps": 0.08,
            "eps_growth_year": 33.33,
            "eps_4q": -0.87,
            "eps_4q_growth_year": -464.87,
            "roe": 0.6,
            "roe_4q": -6.3100000000000005,
            "gross_profit": 40541,
            "gross_margin": 3.57,
            "gross_margin_4q_avg": -2.45,
            "net_income": 17970,
            "net_income_4q": null,
            "revenue": 1134030,
            "revenue_4q": null,
            "common_shares": 2251510,
            "book_valuer_per_share": 11.62,
            "book_valuer_per_share_4q_avg": 11.25,
            "equity": 3011049,
            "current_ratio": 93.9,
            "debt_ratio": 49.45,
            "inventory_turnover_ratio": 1.41,
            "account_receivable_turnover_ratio": 2.5,
            "reinvestment_rate": null,
            "research_to_sale_ratio": null,
            "price_fair": 6.72,
            "eps_avg_yearly": 0.19,
            "eps_latest_yearly": 0.32,
            "eps_growth_yearly": 313.33
        },
        "20094": {
            "year_quarter": 20094,
            "year": 2009,
            "quarter": 4,
            "eps": 0.01,
            "eps_growth_year": null,
            "eps_4q": 0.18,
            "eps_4q_growth_year": null,
            "roe": -0.04,
            "roe_4q": 1.52,
            "gross_profit": 86830,
            "gross_margin": 6.76,
            "gross_margin_4q_avg": 4.79,
            "net_income": -1083,
            "net_income_4q": null,
            "revenue": 1283683,
            "revenue_4q": null,
            "common_shares": 2251510,
            "book_valuer_per_share": 13.63,
            "book_valuer_per_share_4q_avg": 11.87,
            "equity": 2997716,
            "current_ratio": 86.53,
            "debt_ratio": 48.61,
            "inventory_turnover_ratio": 1.68,
            "account_receivable_turnover_ratio": 4.46,
            "reinvestment_rate": null,
            "research_to_sale_ratio": null,
            "price_fair": 5.83,
            "eps_avg_yearly": 0.17,
            "eps_latest_yearly": 0.04,
            "eps_growth_yearly": 202.78
        },
        "20101": {
            "year_quarter": 20101,
            "year": 2010,
            "quarter": 1,
            "eps": 0.23,
            "eps_growth_year": 283.33,
            "eps_4q": 0.35,
            "eps_4q_growth_year": null,
            "roe": 1.77,
            "roe_4q": 2.67,
            "gross_profit": 76989,
            "gross_margin": 6.2,
            "gross_margin_4q_avg": 5.24,
            "net_income": 53410,
            "net_income_4q": null,
            "revenue": 1240801,
            "revenue_4q": null,
            "common_shares": 2251510,
            "book_valuer_per_share": 13.89,
            "book_valuer_per_share_4q_avg": 12.54,
            "equity": 3042036,
            "current_ratio": 93.8,
            "debt_ratio": 49.03,
            "inventory_turnover_ratio": 1.67,
            "account_receivable_turnover_ratio": 2.14,
            "reinvestment_rate": null,
            "research_to_sale_ratio": null,
            "price_fair": 9.6,
            "eps_avg_yearly": 0.27,
            "eps_latest_yearly": 0.92,
            "eps_growth_yearly": 1430.95
        },
        "20102": {
            "year_quarter": 20102,
            "year": 2010,
            "quarter": 2,
            "eps": 0.25,
            "eps_growth_year": 1128.9,
            "eps_4q": 0.57,
            "eps_4q_growth_year": null,
            "roe": 1.86,
            "roe_4q": 4.1899999999999995,
            "gross_profit": 49627,
            "gross_margin": 5.47,
            "gross_margin_4q_avg": 5.5,
            "net_income": 57213,
            "net_income_4q": null,
            "revenue": 907009,
            "revenue_4q": null,
            "common_shares": 2251510,
            "book_valuer_per_share": 14.18,
            "book_valuer_per_share_4q_avg": 13.33,
            "equity": 3108137,
            "current_ratio": 112.02,
            "debt_ratio": 45.67,
            "inventory_turnover_ratio": 1.3,
            "account_receivable_turnover_ratio": 1.61,
            "reinvestment_rate": null,
            "research_to_sale_ratio": null,
            "price_fair": 12.78,
            "eps_avg_yearly": 0.37,
            "eps_latest_yearly": 1,
            "eps_growth_yearly": 1256.43
        },
        "20103": {
            "year_quarter": 20103,
            "year": 2010,
            "quarter": 3,
            "eps": 0.44,
            "eps_growth_year": 455.1,
            "eps_4q": 0.93,
            "eps_4q_growth_year": null,
            "roe": 3.1,
            "roe_4q": 6.69,
            "gross_profit": 76480,
            "gross_margin": 9.28,
            "gross_margin_4q_avg": 6.93,
            "net_income": 97547,
            "net_income_4q": null,
            "revenue": 824182,
            "revenue_4q": null,
            "common_shares": 2251510,
            "book_valuer_per_share": 14.58,
            "book_valuer_per_share_4q_avg": 14.07,
            "equity": 3183653,
            "current_ratio": 141.9,
            "debt_ratio": 42,
            "inventory_turnover_ratio": 1.1,
            "account_receivable_turnover_ratio": 1.5,
            "reinvestment_rate": null,
            "research_to_sale_ratio": null,
            "price_fair": 18.2,
            "eps_avg_yearly": 0.52,
            "eps_latest_yearly": 1.76,
            "eps_growth_yearly": 1150.61
        },
        "20104": {
            "year_quarter": 20104,
            "year": 2010,
            "quarter": 4,
            "eps": 0.42,
            "eps_growth_year": 4105.57,
            "eps_4q": 1.17,
            "eps_4q_growth_year": 543.17,
            "roe": 3.15,
            "roe_4q": 9.879999999999999,
            "gross_profit": 126298,
            "gross_margin": 6.15,
            "gross_margin_4q_avg": 6.78,
            "net_income": 108903,
            "net_income_4q": null,
            "revenue": 2054335,
            "revenue_4q": null,
            "common_shares": 2751510,
            "book_valuer_per_share": 14.24,
            "book_valuer_per_share_4q_avg": 14.22,
            "equity": 3733605,
            "current_ratio": 153.68,
            "debt_ratio": 38.05,
            "inventory_turnover_ratio": 2.58,
            "account_receivable_turnover_ratio": 3.87,
            "reinvestment_rate": -314.65,
            "research_to_sale_ratio": null,
            "price_fair": 22.26,
            "eps_avg_yearly": 0.64,
            "eps_latest_yearly": 1.68,
            "eps_growth_yearly": 1033.73
        },
        "20111": {
            "year_quarter": 20111,
            "year": 2011,
            "quarter": 1,
            "eps": 0.44,
            "eps_growth_year": 91.3,
            "eps_4q": 1.44,
            "eps_4q_growth_year": 316.51,
            "roe": 2.91,
            "roe_4q": 11.02,
            "gross_profit": 138182,
            "gross_margin": 8.25,
            "gross_margin_4q_avg": 7.29,
            "net_income": 109588,
            "net_income_4q": null,
            "revenue": 1674602,
            "revenue_4q": null,
            "common_shares": 2751510,
            "book_valuer_per_share": 14.91,
            "book_valuer_per_share_4q_avg": 14.48,
            "equity": 3801939,
            "current_ratio": 135.64,
            "debt_ratio": 44.54,
            "inventory_turnover_ratio": 1.62,
            "account_receivable_turnover_ratio": 2.96,
            "reinvestment_rate": 559.12,
            "research_to_sale_ratio": null,
            "price_fair": 25.84,
            "eps_avg_yearly": 0.74,
            "eps_latest_yearly": 1.76,
            "eps_growth_yearly": 941.48
        },
        "20112": {
            "year_quarter": 20112,
            "year": 2011,
            "quarter": 2,
            "eps": -1.06,
            "eps_growth_year": -529.54,
            "eps_4q": 0.14,
            "eps_4q_growth_year": -75.68,
            "roe": -6.7,
            "roe_4q": 2.46,
            "gross_profit": 54256,
            "gross_margin": 3.45,
            "gross_margin_4q_avg": 6.78,
            "net_income": -244857,
            "net_income_4q": null,
            "revenue": 1573008,
            "revenue_4q": null,
            "common_shares": 2751510,
            "book_valuer_per_share": 13.63,
            "book_valuer_per_share_4q_avg": 14.34,
            "equity": 3507657,
            "current_ratio": 142.33,
            "debt_ratio": 50.99,
            "inventory_turnover_ratio": 1.69,
            "account_receivable_turnover_ratio": 2.67,
            "reinvestment_rate": null,
            "research_to_sale_ratio": null,
            "price_fair": 25.84,
            "eps_avg_yearly": 0.74,
            "eps_latest_yearly": 1.76,
            "eps_growth_yearly": 941.48
        },
        "20113": {
            "year_quarter": 20113,
            "year": 2011,
            "quarter": 3,
            "eps": -0.1,
            "eps_growth_year": -121.53,
            "eps_4q": -0.28,
            "eps_4q_growth_year": -129.85,
            "roe": -0.47,
            "roe_4q": -1.1099999999999999,
            "gross_profit": 13747,
            "gross_margin": 0.91,
            "gross_margin_4q_avg": 4.69,
            "net_income": -17396,
            "net_income_4q": null,
            "revenue": 1506240,
            "revenue_4q": null,
            "common_shares": 3290698,
            "book_valuer_per_share": 12.95,
            "book_valuer_per_share_4q_avg": 13.93,
            "equity": 3911818,
            "current_ratio": 185.12,
            "debt_ratio": 50.61,
            "inventory_turnover_ratio": 2.33,
            "account_receivable_turnover_ratio": 2.71,
            "reinvestment_rate": null,
            "research_to_sale_ratio": null,
            "price_fair": 27.58,
            "eps_avg_yearly": 0.79,
            "eps_latest_yearly": 1.76,
            "eps_growth_yearly": 1015.63
        },
        "20114": {
            "year_quarter": 20114,
            "year": 2011,
            "quarter": 4,
            "eps": -0.1,
            "eps_growth_year": -123.57,
            "eps_4q": -0.78,
            "eps_4q_growth_year": -166.79,
            "roe": -0.74,
            "roe_4q": -5,
            "gross_profit": 2903,
            "gross_margin": 0.22,
            "gross_margin_4q_avg": 3.21,
            "net_income": -28200,
            "net_income_4q": null,
            "revenue": 1294374,
            "revenue_4q": null,
            "common_shares": 3178746,
            "book_valuer_per_share": 13.03,
            "book_valuer_per_share_4q_avg": 13.63,
            "equity": 3726704,
            "current_ratio": 115.85,
            "debt_ratio": 48.69,
            "inventory_turnover_ratio": 1.86,
            "account_receivable_turnover_ratio": 2.2,
            "reinvestment_rate": null,
            "research_to_sale_ratio": null,
            "price_fair": 27.58,
            "eps_avg_yearly": 0.79,
            "eps_latest_yearly": 1.76,
            "eps_growth_yearly": 1015.63
        },
        "20121": {
            "year_quarter": 20121,
            "year": 2012,
            "quarter": 1,
            "eps": 0.02,
            "eps_growth_year": -95.45,
            "eps_4q": -1.16,
            "eps_4q_growth_year": -180.21,
            "roe": 1.02,
            "roe_4q": -6.890000000000001,
            "gross_profit": 19545,
            "gross_margin": 1.47,
            "gross_margin_4q_avg": 1.51,
            "net_income": 38365,
            "net_income_4q": null,
            "revenue": 1331658,
            "revenue_4q": null,
            "common_shares": 3178746,
            "book_valuer_per_share": 13.09,
            "book_valuer_per_share_4q_avg": 13.18,
            "equity": 3770129,
            "current_ratio": 125.18,
            "debt_ratio": 53.09,
            "inventory_turnover_ratio": 1.81,
            "account_receivable_turnover_ratio": 2.05,
            "reinvestment_rate": null,
            "research_to_sale_ratio": null,
            "price_fair": 27.58,
            "eps_avg_yearly": 0.79,
            "eps_latest_yearly": 1.76,
            "eps_growth_yearly": 1015.63
        },
        "20122": {
            "year_quarter": 20122,
            "year": 2012,
            "quarter": 2,
            "eps": 0.14,
            "eps_growth_year": null,
            "eps_4q": -0.05,
            "eps_4q_growth_year": -136.58,
            "roe": 1.95,
            "roe_4q": 1.7599999999999996,
            "gross_profit": 56230,
            "gross_margin": 4.75,
            "gross_margin_4q_avg": 1.84,
            "net_income": 73875,
            "net_income_4q": null,
            "revenue": 1184060,
            "revenue_4q": null,
            "common_shares": 3178746,
            "book_valuer_per_share": 13.27,
            "book_valuer_per_share_4q_avg": 13.09,
            "equity": 3788052,
            "current_ratio": 135.41,
            "debt_ratio": 52.72,
            "inventory_turnover_ratio": 1.48,
            "account_receivable_turnover_ratio": 1.84,
            "reinvestment_rate": null,
            "research_to_sale_ratio": null,
            "price_fair": 29.26,
            "eps_avg_yearly": 0.84,
            "eps_latest_yearly": 0.56,
            "eps_growth_yearly": 1292.3
        },
        "20123": {
            "year_quarter": 20123,
            "year": 2012,
            "quarter": 3,
            "eps": -0.09,
            "eps_growth_year": null,
            "eps_4q": -0.04,
            "eps_4q_growth_year": null,
            "roe": -0.36,
            "roe_4q": 1.8699999999999999,
            "gross_profit": 718,
            "gross_margin": 0.06,
            "gross_margin_4q_avg": 1.63,
            "net_income": -13753,
            "net_income_4q": null,
            "revenue": 1155217,
            "revenue_4q": null,
            "common_shares": 3178746,
            "book_valuer_per_share": 13.34,
            "book_valuer_per_share_4q_avg": 13.18,
            "equity": 3752232,
            "current_ratio": 104.75,
            "debt_ratio": 53.38,
            "inventory_turnover_ratio": 1.5,
            "account_receivable_turnover_ratio": 1.8,
            "reinvestment_rate": null,
            "research_to_sale_ratio": null,
            "price_fair": 31.58,
            "eps_avg_yearly": 0.9,
            "eps_latest_yearly": 0.56,
            "eps_growth_yearly": 1347
        },
        "20124": {
            "year_quarter": 20124,
            "year": 2012,
            "quarter": 4,
            "eps": -0.05,
            "eps_growth_year": null,
            "eps_4q": 0.02,
            "eps_4q_growth_year": null,
            "roe": -0.63,
            "roe_4q": 1.98,
            "gross_profit": 5802,
            "gross_margin": 0.55,
            "gross_margin_4q_avg": 1.71,
            "net_income": -23406,
            "net_income_4q": null,
            "revenue": 1063808,
            "revenue_4q": null,
            "common_shares": 3178746,
            "book_valuer_per_share": 13.3,
            "book_valuer_per_share_4q_avg": 13.25,
            "equity": 3734571,
            "current_ratio": 104.98,
            "debt_ratio": 52.74,
            "inventory_turnover_ratio": 1.42,
            "account_receivable_turnover_ratio": 1.73,
            "reinvestment_rate": 2947.41,
            "research_to_sale_ratio": null,
            "price_fair": 31.58,
            "eps_avg_yearly": 0.9,
            "eps_latest_yearly": 0.56,
            "eps_growth_yearly": 1347
        },
        "20131": {
            "year_quarter": 20131,
            "year": 2013,
            "quarter": 1,
            "eps": 0,
            "eps_growth_year": -100,
            "eps_4q": 0,
            "eps_4q_growth_year": null,
            "roe": 0.07,
            "roe_4q": 1.0299999999999998,
            "gross_profit": 41954,
            "gross_margin": 4.34,
            "gross_margin_4q_avg": 2.43,
            "net_income": 2554,
            "net_income_4q": null,
            "revenue": 967096,
            "revenue_4q": null,
            "common_shares": 3178746,
            "book_valuer_per_share": 13.31,
            "book_valuer_per_share_4q_avg": 13.31,
            "equity": 3738450,
            "current_ratio": 95.88,
            "debt_ratio": 53.33,
            "inventory_turnover_ratio": 1.27,
            "account_receivable_turnover_ratio": 1.78,
            "reinvestment_rate": 2542.52,
            "research_to_sale_ratio": null,
            "price_fair": 31.58,
            "eps_avg_yearly": 0.9,
            "eps_latest_yearly": 0.56,
            "eps_growth_yearly": 1347
        },
        "20132": {
            "year_quarter": 20132,
            "year": 2013,
            "quarter": 2,
            "eps": 0.01,
            "eps_growth_year": -92.68,
            "eps_4q": -0.13,
            "eps_4q_growth_year": null,
            "roe": 0.06,
            "roe_4q": -0.86,
            "gross_profit": 41929,
            "gross_margin": 3.35,
            "gross_margin_4q_avg": 2.08,
            "net_income": 2402,
            "net_income_4q": null,
            "revenue": 1251145,
            "revenue_4q": null,
            "common_shares": 3178746,
            "book_valuer_per_share": 13.38,
            "book_valuer_per_share_4q_avg": 13.33,
            "equity": 3703002,
            "current_ratio": 93.56,
            "debt_ratio": 53.33,
            "inventory_turnover_ratio": 1.91,
            "account_receivable_turnover_ratio": 2.05,
            "reinvestment_rate": 2652.17,
            "research_to_sale_ratio": null,
            "price_fair": 35.18,
            "eps_avg_yearly": 1.01,
            "eps_latest_yearly": 0.56,
            "eps_growth_yearly": 1548.71
        },
        "20133": {
            "year_quarter": 20133,
            "year": 2013,
            "quarter": 3,
            "eps": 0.29,
            "eps_growth_year": null,
            "eps_4q": 0.26,
            "eps_4q_growth_year": null,
            "roe": 2.03,
            "roe_4q": 1.5299999999999998,
            "gross_profit": 12420,
            "gross_margin": 1.21,
            "gross_margin_4q_avg": 2.36,
            "net_income": 76051,
            "net_income_4q": null,
            "revenue": 1027439,
            "revenue_4q": null,
            "common_shares": 3178746,
            "book_valuer_per_share": 13.69,
            "book_valuer_per_share_4q_avg": 13.42,
            "equity": 3780075,
            "current_ratio": 106.81,
            "debt_ratio": 50.48,
            "inventory_turnover_ratio": 1.74,
            "account_receivable_turnover_ratio": 1.59,
            "reinvestment_rate": 958.25,
            "research_to_sale_ratio": null,
            "price_fair": 38.85,
            "eps_avg_yearly": 1.11,
            "eps_latest_yearly": 1.16,
            "eps_growth_yearly": 2798.71
        },
        "20134": {
            "year_quarter": 20134,
            "year": 2013,
            "quarter": 4,
            "eps": 0.41,
            "eps_growth_year": null,
            "eps_4q": 0.72,
            "eps_4q_growth_year": 3849.72,
            "roe": 2.66,
            "roe_4q": 4.819999999999999,
            "gross_profit": 18947,
            "gross_margin": 1.62,
            "gross_margin_4q_avg": 2.63,
            "net_income": 101784,
            "net_income_4q": null,
            "revenue": 1171197,
            "revenue_4q": null,
            "common_shares": 3178746,
            "book_valuer_per_share": 14.11,
            "book_valuer_per_share_4q_avg": 13.62,
            "equity": 3887263,
            "current_ratio": 88.15,
            "debt_ratio": 50.99,
            "inventory_turnover_ratio": 2.07,
            "account_receivable_turnover_ratio": 1.85,
            "reinvestment_rate": 775.73,
            "research_to_sale_ratio": null,
            "price_fair": 45.85,
            "eps_avg_yearly": 1.31,
            "eps_latest_yearly": 1.64,
            "eps_growth_yearly": 2863.15
        },
        "20141": {
            "year_quarter": 20141,
            "year": 2014,
            "quarter": 1,
            "eps": 0.05,
            "eps_growth_year": null,
            "eps_4q": 0.77,
            "eps_4q_growth_year": 18608.01,
            "roe": 0.54,
            "roe_4q": 5.29,
            "gross_profit": 53370,
            "gross_margin": 4.78,
            "gross_margin_4q_avg": 2.74,
            "net_income": 22655,
            "net_income_4q": null,
            "revenue": 1116079,
            "revenue_4q": null,
            "common_shares": 3178746,
            "book_valuer_per_share": 14.15,
            "book_valuer_per_share_4q_avg": 13.83,
            "equity": 4540842,
            "current_ratio": 89.89,
            "debt_ratio": 47.25,
            "inventory_turnover_ratio": 1.93,
            "account_receivable_turnover_ratio": 1.69,
            "reinvestment_rate": 1162.81,
            "research_to_sale_ratio": null,
            "price_fair": 42.7,
            "eps_avg_yearly": 1.22,
            "eps_latest_yearly": 0.2,
            "eps_growth_yearly": 1719.24
        },
        "20142": {
            "year_quarter": 20142,
            "year": 2014,
            "quarter": 2,
            "eps": 0.18,
            "eps_growth_year": 1700,
            "eps_4q": 0.89,
            "eps_4q_growth_year": null,
            "roe": 2.01,
            "roe_4q": 7.24,
            "gross_profit": 66842,
            "gross_margin": 5.34,
            "gross_margin_4q_avg": 3.24,
            "net_income": 91345,
            "net_income_4q": null,
            "revenue": 1251262,
            "revenue_4q": null,
            "common_shares": 3224490,
            "book_valuer_per_share": 14.24,
            "book_valuer_per_share_4q_avg": 14.05,
            "equity": 4558029,
            "current_ratio": 92.5,
            "debt_ratio": 47.01,
            "inventory_turnover_ratio": 2.21,
            "account_receivable_turnover_ratio": 1.7,
            "reinvestment_rate": 930.95,
            "research_to_sale_ratio": null,
            "price_fair": 41.48,
            "eps_avg_yearly": 1.19,
            "eps_latest_yearly": 0.72,
            "eps_growth_yearly": 1844.9
        },
        "20143": {
            "year_quarter": 20143,
            "year": 2014,
            "quarter": 3,
            "eps": 0.09,
            "eps_growth_year": -68.97,
            "eps_4q": 0.7,
            "eps_4q_growth_year": 165.82,
            "roe": 0.66,
            "roe_4q": 5.87,
            "gross_profit": 87110,
            "gross_margin": 7.91,
            "gross_margin_4q_avg": 4.91,
            "net_income": 30048,
            "net_income_4q": null,
            "revenue": 1101331,
            "revenue_4q": null,
            "common_shares": 3351640,
            "book_valuer_per_share": 13.84,
            "book_valuer_per_share_4q_avg": 14.09,
            "equity": 4596450,
            "current_ratio": 128.11,
            "debt_ratio": 45.99,
            "inventory_turnover_ratio": 2.19,
            "account_receivable_turnover_ratio": 1.44,
            "reinvestment_rate": 1381.16,
            "research_to_sale_ratio": null,
            "price_fair": 35.35,
            "eps_avg_yearly": 1.01,
            "eps_latest_yearly": 0.36,
            "eps_growth_yearly": 1781.9
        },
        "20144": {
            "year_quarter": 20144,
            "year": 2014,
            "quarter": 4,
            "eps": 0.03,
            "eps_growth_year": -93.37,
            "eps_4q": 0.34,
            "eps_4q_growth_year": -53.25,
            "roe": -0.91,
            "roe_4q": 2.3,
            "gross_profit": 99719,
            "gross_margin": 10.5,
            "gross_margin_4q_avg": 7.13,
            "net_income": -41590,
            "net_income_4q": null,
            "revenue": 949386,
            "revenue_4q": null,
            "common_shares": 3351640,
            "book_valuer_per_share": 13.9,
            "book_valuer_per_share_4q_avg": 14.03,
            "equity": 4562432,
            "current_ratio": 144.72,
            "debt_ratio": 46.23,
            "inventory_turnover_ratio": 2.14,
            "account_receivable_turnover_ratio": 1.27,
            "reinvestment_rate": 1986.99,
            "research_to_sale_ratio": null,
            "price_fair": 28.53,
            "eps_avg_yearly": 0.82,
            "eps_latest_yearly": 0.12,
            "eps_growth_yearly": 1750.83
        },
        "20151": {
            "year_quarter": 20151,
            "year": 2015,
            "quarter": 1,
            "eps": 0.42,
            "eps_growth_year": 740,
            "eps_4q": 0.7,
            "eps_4q_growth_year": -8,
            "roe": 2.48,
            "roe_4q": 4.24,
            "gross_profit": 108075,
            "gross_margin": 13.76,
            "gross_margin_4q_avg": 9.38,
            "net_income": 114575,
            "net_income_4q": null,
            "revenue": 785432,
            "revenue_4q": null,
            "common_shares": 3351640,
            "book_valuer_per_share": 14.3,
            "book_valuer_per_share_4q_avg": 14.07,
            "equity": 4670968,
            "current_ratio": 143.04,
            "debt_ratio": 43.93,
            "inventory_turnover_ratio": 1.84,
            "account_receivable_turnover_ratio": 1.06,
            "reinvestment_rate": 990,
            "research_to_sale_ratio": null,
            "price_fair": 28.18,
            "eps_avg_yearly": 0.81,
            "eps_latest_yearly": 1.68,
            "eps_growth_yearly": 2398.45
        },
        "20152": {
            "year_quarter": 20152,
            "year": 2015,
            "quarter": 2,
            "eps": 1.16,
            "eps_growth_year": 544.44,
            "eps_4q": 1.7,
            "eps_4q_growth_year": 90.12,
            "roe": 7.08,
            "roe_4q": 9.31,
            "gross_profit": 89168,
            "gross_margin": 8.82,
            "gross_margin_4q_avg": 10.25,
            "net_income": 391242,
            "net_income_4q": null,
            "revenue": 1011041,
            "revenue_4q": null,
            "common_shares": 3351640,
            "book_valuer_per_share": 15.13,
            "book_valuer_per_share_4q_avg": 14.29,
            "equity": 6380070,
            "current_ratio": 90.48,
            "debt_ratio": 47.37,
            "inventory_turnover_ratio": 1.29,
            "account_receivable_turnover_ratio": 1.33,
            "reinvestment_rate": 577.87,
            "research_to_sale_ratio": null,
            "price_fair": 43.09,
            "eps_avg_yearly": 1.23,
            "eps_latest_yearly": 4.64,
            "eps_growth_yearly": 2210.27
        },
        "20153": {
            "year_quarter": 20153,
            "year": 2015,
            "quarter": 3,
            "eps": 0.13,
            "eps_growth_year": 44.44,
            "eps_4q": 1.74,
            "eps_4q_growth_year": 148.8,
            "roe": -0.24,
            "roe_4q": 8.41,
            "gross_profit": 58401,
            "gross_margin": 4.57,
            "gross_margin_4q_avg": 9.41,
            "net_income": -15546,
            "net_income_4q": null,
            "revenue": 1277089,
            "revenue_4q": null,
            "common_shares": 3351640,
            "book_valuer_per_share": 15.29,
            "book_valuer_per_share_4q_avg": 14.66,
            "equity": 6393302,
            "current_ratio": 85.85,
            "debt_ratio": 47.43,
            "inventory_turnover_ratio": 1.16,
            "account_receivable_turnover_ratio": 1.42,
            "reinvestment_rate": 371.47,
            "research_to_sale_ratio": null,
            "price_fair": 40.6,
            "eps_avg_yearly": 1.16,
            "eps_latest_yearly": 0.52,
            "eps_growth_yearly": 1953.72
        },
        "20154": {
            "year_quarter": 20154,
            "year": 2015,
            "quarter": 4,
            "eps": -0,
            "eps_growth_year": -117.85,
            "eps_4q": 1.71,
            "eps_4q_growth_year": 409.9,
            "roe": 0.63,
            "roe_4q": 9.95,
            "gross_profit": 53010,
            "gross_margin": 3.86,
            "gross_margin_4q_avg": 7.75,
            "net_income": 40051,
            "net_income_4q": null,
            "revenue": 1371904,
            "revenue_4q": null,
            "common_shares": 3351640,
            "book_valuer_per_share": 15.18,
            "book_valuer_per_share_4q_avg": 14.98,
            "equity": 6401307,
            "current_ratio": 111.17,
            "debt_ratio": 46.36,
            "inventory_turnover_ratio": 1.29,
            "account_receivable_turnover_ratio": 1.54,
            "reinvestment_rate": 371.18,
            "research_to_sale_ratio": null,
            "price_fair": 40.6,
            "eps_avg_yearly": 1.16,
            "eps_latest_yearly": 0.52,
            "eps_growth_yearly": 1953.72
        },
        "20161": {
            "year_quarter": 20161,
            "year": 2016,
            "quarter": 1,
            "eps": 0.13,
            "eps_growth_year": -69.05,
            "eps_4q": 1.42,
            "eps_4q_growth_year": 101.39,
            "roe": 0.63,
            "roe_4q": 8.1,
            "gross_profit": 91925,
            "gross_margin": 7.75,
            "gross_margin_4q_avg": 6.25,
            "net_income": 40533,
            "net_income_4q": null,
            "revenue": 1186632,
            "revenue_4q": null,
            "common_shares": 3351640,
            "book_valuer_per_share": 15.3,
            "book_valuer_per_share_4q_avg": 15.23,
            "equity": 6439822,
            "current_ratio": 113.44,
            "debt_ratio": 46.08,
            "inventory_turnover_ratio": 1.12,
            "account_receivable_turnover_ratio": 1.53,
            "reinvestment_rate": 278.52,
            "research_to_sale_ratio": null,
            "price_fair": 40.6,
            "eps_avg_yearly": 1.16,
            "eps_latest_yearly": 0.52,
            "eps_growth_yearly": 1953.72
        },
        "20162": {
            "year_quarter": 20162,
            "year": 2016,
            "quarter": 2,
            "eps": 0.15,
            "eps_growth_year": -87.07,
            "eps_4q": 0.41,
            "eps_4q_growth_year": -75.83,
            "roe": 0.56,
            "roe_4q": 1.5799999999999998,
            "gross_profit": 83918,
            "gross_margin": 7.39,
            "gross_margin_4q_avg": 5.89,
            "net_income": 35876,
            "net_income_4q": null,
            "revenue": 1134966,
            "revenue_4q": null,
            "common_shares": 3351640,
            "book_valuer_per_share": 14.7,
            "book_valuer_per_share_4q_avg": 15.12,
            "equity": 6458300,
            "current_ratio": 99.01,
            "debt_ratio": 45.77,
            "inventory_turnover_ratio": 1.07,
            "account_receivable_turnover_ratio": 1.59,
            "reinvestment_rate": 238.28,
            "research_to_sale_ratio": null,
            "price_fair": 40.74,
            "eps_avg_yearly": 1.16,
            "eps_latest_yearly": 0.6,
            "eps_growth_yearly": 1719.88
        },
        "20163": {
            "year_quarter": 20163,
            "year": 2016,
            "quarter": 3,
            "eps": 0.03,
            "eps_growth_year": -76.92,
            "eps_4q": 0.31,
            "eps_4q_growth_year": -82.05,
            "roe": -0.15,
            "roe_4q": 1.67,
            "gross_profit": 70603,
            "gross_margin": 6.53,
            "gross_margin_4q_avg": 6.38,
            "net_income": -9815,
            "net_income_4q": null,
            "revenue": 1081932,
            "revenue_4q": null,
            "common_shares": 3351640,
            "book_valuer_per_share": 14.7,
            "book_valuer_per_share_4q_avg": 14.97,
            "equity": 6433573,
            "current_ratio": 129.06,
            "debt_ratio": 44.26,
            "inventory_turnover_ratio": 1.08,
            "account_receivable_turnover_ratio": 1.68,
            "reinvestment_rate": 210.62,
            "research_to_sale_ratio": null,
            "price_fair": 37.42,
            "eps_avg_yearly": 1.07,
            "eps_latest_yearly": 0.12,
            "eps_growth_yearly": 1534.43
        },
        "20164": {
            "year_quarter": 20164,
            "year": 2016,
            "quarter": 4,
            "eps": -0.06,
            "eps_growth_year": null,
            "eps_4q": 0.26,
            "eps_4q_growth_year": -84.73,
            "roe": -0.51,
            "roe_4q": 0.53,
            "gross_profit": 43419,
            "gross_margin": 3.68,
            "gross_margin_4q_avg": 6.34,
            "net_income": -32662,
            "net_income_4q": null,
            "revenue": 1178969,
            "revenue_4q": null,
            "common_shares": 3351640,
            "book_valuer_per_share": 14.62,
            "book_valuer_per_share_4q_avg": 14.83,
            "equity": 6393804,
            "current_ratio": 131.55,
            "debt_ratio": 43.89,
            "inventory_turnover_ratio": 1.29,
            "account_receivable_turnover_ratio": 1.88,
            "reinvestment_rate": 144.26,
            "research_to_sale_ratio": null,
            "price_fair": 37.42,
            "eps_avg_yearly": 1.07,
            "eps_latest_yearly": 0.12,
            "eps_growth_yearly": 1534.43
        },
        "20171": {
            "year_quarter": 20171,
            "year": 2017,
            "quarter": 1,
            "eps": 0.06,
            "eps_growth_year": -53.85,
            "eps_4q": 0.21,
            "eps_4q_growth_year": -84.95,
            "roe": 0.21,
            "roe_4q": 0.10999999999999999,
            "gross_profit": 129626,
            "gross_margin": 10.73,
            "gross_margin_4q_avg": 7.08,
            "net_income": 13113,
            "net_income_4q": null,
            "revenue": 1207682,
            "revenue_4q": null,
            "common_shares": 3016476,
            "book_valuer_per_share": 14.97,
            "book_valuer_per_share_4q_avg": 14.75,
            "equity": 6073862,
            "current_ratio": 137.7,
            "debt_ratio": 46.7,
            "inventory_turnover_ratio": 1.24,
            "account_receivable_turnover_ratio": 2.03,
            "reinvestment_rate": 61.49,
            "research_to_sale_ratio": null,
            "price_fair": 37.42,
            "eps_avg_yearly": 1.07,
            "eps_latest_yearly": 0.12,
            "eps_growth_yearly": 1534.43
        },
        "20172": {
            "year_quarter": 20172,
            "year": 2017,
            "quarter": 2,
            "eps": 0.03,
            "eps_growth_year": -80,
            "eps_4q": 0.07,
            "eps_4q_growth_year": -82.41,
            "roe": 0.75,
            "roe_4q": 0.29999999999999993,
            "gross_profit": 125879,
            "gross_margin": 9.89,
            "gross_margin_4q_avg": 7.71,
            "net_income": 45319,
            "net_income_4q": null,
            "revenue": 1272606,
            "revenue_4q": null,
            "common_shares": 3016476,
            "book_valuer_per_share": 14.48,
            "book_valuer_per_share_4q_avg": 14.69,
            "equity": 5981716,
            "current_ratio": 128.5,
            "debt_ratio": 47.26,
            "inventory_turnover_ratio": 1.4,
            "account_receivable_turnover_ratio": 2.26,
            "reinvestment_rate": 62.16,
            "research_to_sale_ratio": null,
            "price_fair": 34.65,
            "eps_avg_yearly": 0.99,
            "eps_latest_yearly": 0.12,
            "eps_growth_yearly": 1389.9
        },
        "20173": {
            "year_quarter": 20173,
            "year": 2017,
            "quarter": 3,
            "eps": 0.83,
            "eps_growth_year": 2666.67,
            "eps_4q": 0.87,
            "eps_4q_growth_year": 177.01,
            "roe": 3.76,
            "roe_4q": 4.21,
            "gross_profit": 151308,
            "gross_margin": 12.06,
            "gross_margin_4q_avg": 9.09,
            "net_income": 231717,
            "net_income_4q": null,
            "revenue": 1254768,
            "revenue_4q": null,
            "common_shares": 3016476,
            "book_valuer_per_share": 15.33,
            "book_valuer_per_share_4q_avg": 14.85,
            "equity": 6343117,
            "current_ratio": 129.91,
            "debt_ratio": 45.97,
            "inventory_turnover_ratio": 1.39,
            "account_receivable_turnover_ratio": 2.23,
            "reinvestment_rate": 143.71,
            "research_to_sale_ratio": null,
            "price_fair": 40.95,
            "eps_avg_yearly": 1.17,
            "eps_latest_yearly": 3.32,
            "eps_growth_yearly": 1345.45
        },
        "20174": {
            "year_quarter": 20174,
            "year": 2017,
            "quarter": 4,
            "eps": 1.64,
            "eps_growth_year": null,
            "eps_4q": 2.57,
            "eps_4q_growth_year": 884.18,
            "roe": 6.43,
            "roe_4q": 11.15,
            "gross_profit": 141554,
            "gross_margin": 10.72,
            "gross_margin_4q_avg": 10.85,
            "net_income": 418851,
            "net_income_4q": null,
            "revenue": 1320883,
            "revenue_4q": null,
            "common_shares": 3016476,
            "book_valuer_per_share": 16.66,
            "book_valuer_per_share_4q_avg": 15.36,
            "equity": 6682323,
            "current_ratio": 112.96,
            "debt_ratio": 50.81,
            "inventory_turnover_ratio": 1.46,
            "account_receivable_turnover_ratio": 2.34,
            "reinvestment_rate": 68.72,
            "research_to_sale_ratio": null,
            "price_fair": 55.3,
            "eps_avg_yearly": 1.58,
            "eps_latest_yearly": 6.56,
            "eps_growth_yearly": 1364.19
        },
        "20181": {
            "year_quarter": 20181,
            "year": 2018,
            "quarter": 1,
            "eps": 1.58,
            "eps_growth_year": 2533.33,
            "eps_4q": 4.08,
            "eps_4q_growth_year": 1810.38,
            "roe": 5.88,
            "roe_4q": 16.82,
            "gross_profit": 172792,
            "gross_margin": 12.23,
            "gross_margin_4q_avg": 11.23,
            "net_income": 411314,
            "net_income_4q": null,
            "revenue": 1412619,
            "revenue_4q": null,
            "common_shares": 3016476,
            "book_valuer_per_share": 18.85,
            "book_valuer_per_share_4q_avg": 16.33,
            "equity": 7309939,
            "current_ratio": 124.86,
            "debt_ratio": 51.95,
            "inventory_turnover_ratio": 1.59,
            "account_receivable_turnover_ratio": 2.54,
            "reinvestment_rate": -65.03,
            "research_to_sale_ratio": null,
            "price_fair": 73.15,
            "eps_avg_yearly": 2.09,
            "eps_latest_yearly": 6.32,
            "eps_growth_yearly": 1392.24
        },
        "20182": {
            "year_quarter": 20182,
            "year": 2018,
            "quarter": 2,
            "eps": 0.18,
            "eps_growth_year": 500,
            "eps_4q": 4.26,
            "eps_4q_growth_year": 5804.46,
            "roe": 1.58,
            "roe_4q": 17.65,
            "gross_profit": 169107,
            "gross_margin": 12.7,
            "gross_margin_4q_avg": 11.93,
            "net_income": 114554,
            "net_income_4q": null,
            "revenue": 1331715,
            "revenue_4q": null,
            "common_shares": 3016476,
            "book_valuer_per_share": 18.23,
            "book_valuer_per_share_4q_avg": 17.27,
            "equity": 7196079,
            "current_ratio": 94.2,
            "debt_ratio": 53.52,
            "inventory_turnover_ratio": 1.44,
            "account_receivable_turnover_ratio": 2.52,
            "reinvestment_rate": -24.33,
            "research_to_sale_ratio": null,
            "price_fair": 73.15,
            "eps_avg_yearly": 2.09,
            "eps_latest_yearly": 0.72,
            "eps_growth_yearly": 1276.04
        },
        "20183": {
            "year_quarter": 20183,
            "year": 2018,
            "quarter": 3,
            "eps": 0.19,
            "eps_growth_year": -77.11,
            "eps_4q": 3.7,
            "eps_4q_growth_year": 326.97,
            "roe": 1.23,
            "roe_4q": 15.12,
            "gross_profit": 177267,
            "gross_margin": 12.19,
            "gross_margin_4q_avg": 11.96,
            "net_income": 88348,
            "net_income_4q": null,
            "revenue": 1453688,
            "revenue_4q": null,
            "common_shares": 3016476,
            "book_valuer_per_share": 18.58,
            "book_valuer_per_share_4q_avg": 18.08,
            "equity": 7128752,
            "current_ratio": 84,
            "debt_ratio": 56.15,
            "inventory_turnover_ratio": 1.49,
            "account_receivable_turnover_ratio": 2.71,
            "reinvestment_rate": -26.36,
            "research_to_sale_ratio": null,
            "price_fair": 74.32,
            "eps_avg_yearly": 2.12,
            "eps_latest_yearly": 0.76,
            "eps_growth_yearly": 1294.55
        },
        "20184": {
            "year_quarter": 20184,
            "year": 2018,
            "quarter": 4,
            "eps": 0.17,
            "eps_growth_year": -89.64,
            "eps_4q": 2.18,
            "eps_4q_growth_year": -15.3,
            "roe": 1.27,
            "roe_4q": 9.96,
            "gross_profit": 178527,
            "gross_margin": 12.32,
            "gross_margin_4q_avg": 12.36,
            "net_income": 90760,
            "net_income_4q": null,
            "revenue": 1448960,
            "revenue_4q": null,
            "common_shares": 3016476,
            "book_valuer_per_share": 18.77,
            "book_valuer_per_share_4q_avg": 18.61,
            "equity": 7217445,
            "current_ratio": 96.9,
            "debt_ratio": 56.15,
            "inventory_turnover_ratio": 1.41,
            "account_receivable_turnover_ratio": 2.34,
            "reinvestment_rate": 3.46,
            "research_to_sale_ratio": null,
            "price_fair": 75.95,
            "eps_avg_yearly": 2.17,
            "eps_latest_yearly": 0.68,
            "eps_growth_yearly": 1313.27
        },
        "20191": {
            "year_quarter": 20191,
            "year": 2019,
            "quarter": 1,
            "eps": 1.08,
            "eps_growth_year": -31.65,
            "eps_4q": 1.63,
            "eps_4q_growth_year": -60.09,
            "roe": 5.71,
            "roe_4q": 9.790000000000001,
            "gross_profit": 152152,
            "gross_margin": 11.15,
            "gross_margin_4q_avg": 12.09,
            "net_income": 423941,
            "net_income_4q": null,
            "revenue": 1364436,
            "revenue_4q": null,
            "common_shares": 3016476,
            "book_valuer_per_share": 19.62,
            "book_valuer_per_share_4q_avg": 18.8,
            "equity": 7626943,
            "current_ratio": 110.7,
            "debt_ratio": 54.74,
            "inventory_turnover_ratio": 1.26,
            "account_receivable_turnover_ratio": 2.05,
            "reinvestment_rate": -3.4,
            "research_to_sale_ratio": null,
            "price_fair": 83.65,
            "eps_avg_yearly": 2.39,
            "eps_latest_yearly": 4.32,
            "eps_growth_yearly": 1058.37
        },
        "20192": {
            "year_quarter": 20192,
            "year": 2019,
            "quarter": 2,
            "eps": -0.05,
            "eps_growth_year": -127.78,
            "eps_4q": 1.4,
            "eps_4q_growth_year": -67.15,
            "roe": 0.56,
            "roe_4q": 8.77,
            "gross_profit": 163439,
            "gross_margin": 12.7,
            "gross_margin_4q_avg": 12.09,
            "net_income": 42330,
            "net_income_4q": null,
            "revenue": 1287082,
            "revenue_4q": null,
            "common_shares": 3016476,
            "book_valuer_per_share": 18.96,
            "book_valuer_per_share_4q_avg": 18.98,
            "equity": 7542932,
            "current_ratio": 98.39,
            "debt_ratio": 55.91,
            "inventory_turnover_ratio": 1.16,
            "account_receivable_turnover_ratio": 2.16,
            "reinvestment_rate": -193.45,
            "research_to_sale_ratio": null,
            "price_fair": 76.49,
            "eps_avg_yearly": 2.19,
            "eps_latest_yearly": 4.32,
            "eps_growth_yearly": 1090.51
        },
        "20193": {
            "year_quarter": 20193,
            "year": 2019,
            "quarter": 3,
            "eps": 0.21,
            "eps_growth_year": 10.53,
            "eps_4q": 1.44,
            "eps_4q_growth_year": -61.09,
            "roe": 0.9,
            "roe_4q": 8.44,
            "gross_profit": 132516,
            "gross_margin": 11.18,
            "gross_margin_4q_avg": 11.84,
            "net_income": 67737,
            "net_income_4q": null,
            "revenue": 1184983,
            "revenue_4q": null,
            "common_shares": 3016476,
            "book_valuer_per_share": 18.91,
            "book_valuer_per_share_4q_avg": 19.07,
            "equity": 7456444,
            "current_ratio": 99.23,
            "debt_ratio": 56.75,
            "inventory_turnover_ratio": 1.14,
            "account_receivable_turnover_ratio": 2.12,
            "reinvestment_rate": -223.19,
            "research_to_sale_ratio": null,
            "price_fair": 82.32,
            "eps_avg_yearly": 2.35,
            "eps_latest_yearly": 4.32,
            "eps_growth_yearly": 1235.08
        },
        "20194": {
            "year_quarter": 20194,
            "year": 2019,
            "quarter": 4,
            "eps": -0.23,
            "eps_growth_year": -237.86,
            "eps_4q": 1.03,
            "eps_4q_growth_year": -52.61,
            "roe": 0.49,
            "roe_4q": 7.66,
            "gross_profit": 107101,
            "gross_margin": 45.58,
            "gross_margin_4q_avg": 20.15,
            "net_income": 36677,
            "net_income_4q": null,
            "revenue": 234972,
            "revenue_4q": null,
            "common_shares": 3016476,
            "book_valuer_per_share": 18.51,
            "book_valuer_per_share_4q_avg": 19,
            "equity": 7409422,
            "current_ratio": 102.87,
            "debt_ratio": 59.33,
            "inventory_turnover_ratio": 0.14,
            "account_receivable_turnover_ratio": 0.4,
            "reinvestment_rate": -208.07,
            "research_to_sale_ratio": null,
            "price_fair": 82.32,
            "eps_avg_yearly": 2.35,
            "eps_latest_yearly": 4.32,
            "eps_growth_yearly": 1235.08
        },
        "20201": {
            "year_quarter": 20201,
            "year": 2020,
            "quarter": 1,
            "eps": -0.19,
            "eps_growth_year": -117.59,
            "eps_4q": -0.27,
            "eps_4q_growth_year": -116.43,
            "roe": -1.16,
            "roe_4q": 0.7900000000000001,
            "gross_profit": 83067,
            "gross_margin": 10,
            "gross_margin_4q_avg": 19.87,
            "net_income": -85060,
            "net_income_4q": null,
            "revenue": 830525,
            "revenue_4q": null,
            "common_shares": 3016476,
            "book_valuer_per_share": 18.19,
            "book_valuer_per_share_4q_avg": 18.64,
            "equity": 7287160,
            "current_ratio": 90.46,
            "debt_ratio": 61.62,
            "inventory_turnover_ratio": 0.85,
            "account_receivable_turnover_ratio": 1.55,
            "reinvestment_rate": -214.47,
            "research_to_sale_ratio": null,
            "price_fair": 82.32,
            "eps_avg_yearly": 2.35,
            "eps_latest_yearly": 4.32,
            "eps_growth_yearly": 1235.08
        },
        "20202": {
            "year_quarter": 20202,
            "year": 2020,
            "quarter": 2,
            "eps": 2.46,
            "eps_growth_year": null,
            "eps_4q": 2.24,
            "eps_4q_growth_year": 60.1,
            "roe": 6.94,
            "roe_4q": 7.170000000000001,
            "gross_profit": -14170,
            "gross_margin": -3.15,
            "gross_margin_4q_avg": 15.9,
            "net_income": 517439,
            "net_income_4q": null,
            "revenue": 449347,
            "revenue_4q": null,
            "common_shares": 3016476,
            "book_valuer_per_share": 20.09,
            "book_valuer_per_share_4q_avg": 18.93,
            "equity": 7614519,
            "current_ratio": 118.31,
            "debt_ratio": 53.59,
            "inventory_turnover_ratio": 0.58,
            "account_receivable_turnover_ratio": 1.17,
            "reinvestment_rate": -148.97,
            "research_to_sale_ratio": null,
            "price_fair": 89.13,
            "eps_avg_yearly": 2.55,
            "eps_latest_yearly": 4.32,
            "eps_growth_yearly": 1365.47
        },
        "20203": {
            "year_quarter": 20203,
            "year": 2020,
            "quarter": 3,
            "eps": 0.79,
            "eps_growth_year": 276.19,
            "eps_4q": 2.82,
            "eps_4q_growth_year": 96.15,
            "roe": 2.09,
            "roe_4q": 8.360000000000001,
            "gross_profit": 30965,
            "gross_margin": 5.48,
            "gross_margin_4q_avg": 14.48,
            "net_income": 159795,
            "net_income_4q": null,
            "revenue": 565213,
            "revenue_4q": null,
            "common_shares": 3016476,
            "book_valuer_per_share": 20.41,
            "book_valuer_per_share_4q_avg": 19.3,
            "equity": 7672244,
            "current_ratio": 124.57,
            "debt_ratio": 53.91,
            "inventory_turnover_ratio": 0.72,
            "account_receivable_turnover_ratio": 1.78,
            "reinvestment_rate": -134.46,
            "research_to_sale_ratio": null,
            "price_fair": 100.96,
            "eps_avg_yearly": 2.88,
            "eps_latest_yearly": 3.16,
            "eps_growth_yearly": 1370.86
        },
        "20204": {
            "year_quarter": 20204,
            "year": 2020,
            "quarter": 4,
            "eps": -0.17,
            "eps_growth_year": null,
            "eps_4q": 2.89,
            "eps_4q_growth_year": 179.94,
            "roe": -0.46,
            "roe_4q": 7.41,
            "gross_profit": 105479,
            "gross_margin": 12.23,
            "gross_margin_4q_avg": 6.14,
            "net_income": -35488,
            "net_income_4q": null,
            "revenue": 862130,
            "revenue_4q": null,
            "common_shares": 3016476,
            "book_valuer_per_share": 20.68,
            "book_valuer_per_share_4q_avg": 19.84,
            "equity": 7763198,
            "current_ratio": 115.63,
            "debt_ratio": 56.34,
            "inventory_turnover_ratio": 1.1,
            "account_receivable_turnover_ratio": 2.06,
            "reinvestment_rate": -141.39,
            "research_to_sale_ratio": null,
            "price_fair": 100.96,
            "eps_avg_yearly": 2.88,
            "eps_latest_yearly": 3.16,
            "eps_growth_yearly": 1370.86
        },
        "20211": {
            "year_quarter": 20211,
            "year": 2021,
            "quarter": 1,
            "eps": 0.31,
            "eps_growth_year": null,
            "eps_4q": 3.39,
            "eps_4q_growth_year": null,
            "roe": 1.44,
            "roe_4q": 10.01,
            "gross_profit": 123767,
            "gross_margin": 13.01,
            "gross_margin_4q_avg": 6.89,
            "net_income": 113097,
            "net_income_4q": null,
            "revenue": 951136,
            "revenue_4q": null,
            "common_shares": 3016476,
            "book_valuer_per_share": 21.08,
            "book_valuer_per_share_4q_avg": 20.57,
            "equity": 7894585,
            "current_ratio": 112.84,
            "debt_ratio": 55.51,
            "inventory_turnover_ratio": 1.19,
            "account_receivable_turnover_ratio": 1.97,
            "reinvestment_rate": -69.54,
            "research_to_sale_ratio": null,
            "price_fair": 100.96,
            "eps_avg_yearly": 2.88,
            "eps_latest_yearly": 3.16,
            "eps_growth_yearly": 1370.86
        },
        "20212": {
            "year_quarter": 20212,
            "year": 2021,
            "quarter": 2,
            "eps": 0.49,
            "eps_growth_year": -80.08,
            "eps_4q": 1.43,
            "eps_4q_growth_year": -36.14,
            "roe": 2.36,
            "roe_4q": 5.43,
            "gross_profit": 158878,
            "gross_margin": 14.4,
            "gross_margin_4q_avg": 11.28,
            "net_income": 185206,
            "net_income_4q": null,
            "revenue": 1103089,
            "revenue_4q": null,
            "common_shares": 3016476,
            "book_valuer_per_share": 20.35,
            "book_valuer_per_share_4q_avg": 20.63,
            "equity": 7803535,
            "current_ratio": 98.28,
            "debt_ratio": 57.28,
            "inventory_turnover_ratio": 1.27,
            "account_receivable_turnover_ratio": 2.13,
            "reinvestment_rate": -64.31,
            "research_to_sale_ratio": null,
            "price_fair": 108.11,
            "eps_avg_yearly": 3.09,
            "eps_latest_yearly": 1.96,
            "eps_growth_yearly": 1418.89
        },
        "20213": {
            "year_quarter": 20213,
            "year": 2021,
            "quarter": 3,
            "eps": 0.14,
            "eps_growth_year": -82.28,
            "eps_4q": 0.78,
            "eps_4q_growth_year": -72.43,
            "roe": 0.75,
            "roe_4q": 4.09,
            "gross_profit": 135815,
            "gross_margin": 13.16,
            "gross_margin_4q_avg": 13.2,
            "net_income": 58286,
            "net_income_4q": null,
            "revenue": 1032158,
            "revenue_4q": null,
            "common_shares": 3016476,
            "book_valuer_per_share": 20.26,
            "book_valuer_per_share_4q_avg": 20.59,
            "equity": 7814588,
            "current_ratio": 98.41,
            "debt_ratio": 57.11,
            "inventory_turnover_ratio": 1.19,
            "account_receivable_turnover_ratio": 2,
            "reinvestment_rate": -84.34,
            "research_to_sale_ratio": null,
            "price_fair": 97.38,
            "eps_avg_yearly": 2.78,
            "eps_latest_yearly": 0.56,
            "eps_growth_yearly": 201.95
        },
        "20214": {
            "year_quarter": 20214,
            "year": 2021,
            "quarter": 4,
            "eps": -0.05,
            "eps_growth_year": null,
            "eps_4q": 0.9,
            "eps_4q_growth_year": -68.85,
            "roe": 0.12,
            "roe_4q": 4.67,
            "gross_profit": 137490,
            "gross_margin": 12.97,
            "gross_margin_4q_avg": 13.39,
            "net_income": 9543,
            "net_income_4q": null,
            "revenue": 1059796,
            "revenue_4q": null,
            "common_shares": 3016476,
            "book_valuer_per_share": 20.55,
            "book_valuer_per_share_4q_avg": 20.56,
            "equity": 7894184,
            "current_ratio": 133.38,
            "debt_ratio": 57.37,
            "inventory_turnover_ratio": 1.21,
            "account_receivable_turnover_ratio": 2.49,
            "reinvestment_rate": -112.39,
            "research_to_sale_ratio": null,
            "price_fair": 80.85,
            "eps_avg_yearly": 2.31,
            "eps_latest_yearly": 0.56,
            "eps_growth_yearly": 178.4
        },
        "20221": {
            "year_quarter": 20221,
            "year": 2022,
            "quarter": 1,
            "eps": 4.31,
            "eps_growth_year": 1290.32,
            "eps_4q": 4.9,
            "eps_4q_growth_year": 44.49,
            "roe": 23.09,
            "roe_4q": 26.32,
            "gross_profit": 175454,
            "gross_margin": 14.59,
            "gross_margin_4q_avg": 13.78,
            "net_income": 2013941,
            "net_income_4q": null,
            "revenue": 1202593,
            "revenue_4q": null,
            "common_shares": 3016476,
            "book_valuer_per_share": 23.2,
            "book_valuer_per_share_4q_avg": 21.09,
            "equity": 9549291,
            "current_ratio": 148.74,
            "debt_ratio": 52.81,
            "inventory_turnover_ratio": 1.25,
            "account_receivable_turnover_ratio": 2.82,
            "reinvestment_rate": -21.21,
            "research_to_sale_ratio": null,
            "price_fair": 60.8,
            "eps_avg_yearly": 1.74,
            "eps_latest_yearly": 0.56,
            "eps_growth_yearly": 205.98
        },
        "20222": {
            "year_quarter": 20222,
            "year": 2022,
            "quarter": 2,
            "eps": 0.02,
            "eps_growth_year": -95.92,
            "eps_4q": 4.43,
            "eps_4q_growth_year": 209.68,
            "roe": -0.03,
            "roe_4q": 23.93,
            "gross_profit": 184541,
            "gross_margin": 15.68,
            "gross_margin_4q_avg": 14.1,
            "net_income": -2790,
            "net_income_4q": null,
            "revenue": 1176611,
            "revenue_4q": null,
            "common_shares": 3016476,
            "book_valuer_per_share": 22.88,
            "book_valuer_per_share_4q_avg": 21.72,
            "equity": 9012194,
            "current_ratio": 121.45,
            "debt_ratio": 54.83,
            "inventory_turnover_ratio": 1.17,
            "account_receivable_turnover_ratio": 2.48,
            "reinvestment_rate": -21.27,
            "research_to_sale_ratio": null,
            "price_fair": 57.6,
            "eps_avg_yearly": 1.65,
            "eps_latest_yearly": 0.08,
            "eps_growth_yearly": 199.74
        },
        "20223": {
            "year_quarter": 20223,
            "year": 2022,
            "quarter": 3,
            "eps": 0.16,
            "eps_growth_year": 14.29,
            "eps_4q": 4.44,
            "eps_4q_growth_year": 471.21,
            "roe": 0.2,
            "roe_4q": 23.380000000000003,
            "gross_profit": 112793,
            "gross_margin": 11.06,
            "gross_margin_4q_avg": 13.58,
            "net_income": 17647,
            "net_income_4q": null,
            "revenue": 1019808,
            "revenue_4q": null,
            "common_shares": 3016476,
            "book_valuer_per_share": 23.09,
            "book_valuer_per_share_4q_avg": 22.43,
            "equity": 9039950,
            "current_ratio": 121.78,
            "debt_ratio": 54.96,
            "inventory_turnover_ratio": 1.12,
            "account_receivable_turnover_ratio": 2.1,
            "reinvestment_rate": -20.21,
            "research_to_sale_ratio": null,
            "price_fair": 57,
            "eps_avg_yearly": 1.63,
            "eps_latest_yearly": 0.64,
            "eps_growth_yearly": 596.56
        },
        "20224": {
            "year_quarter": 20224,
            "year": 2022,
            "quarter": 4,
            "eps": 0.05,
            "eps_growth_year": null,
            "eps_4q": 4.55,
            "eps_4q_growth_year": 405.45,
            "roe": 0.01,
            "roe_4q": 23.27,
            "gross_profit": 100386,
            "gross_margin": 10.72,
            "gross_margin_4q_avg": 13.01,
            "net_income": 1340,
            "net_income_4q": null,
            "revenue": 936370,
            "revenue_4q": null,
            "common_shares": 3016476,
            "book_valuer_per_share": 23.11,
            "book_valuer_per_share_4q_avg": 23.07,
            "equity": 9032065,
            "current_ratio": 114.94,
            "debt_ratio": 54.7,
            "inventory_turnover_ratio": 1.09,
            "account_receivable_turnover_ratio": 1.85,
            "reinvestment_rate": -21.08,
            "research_to_sale_ratio": null,
            "price_fair": 54.6,
            "eps_avg_yearly": 1.56,
            "eps_latest_yearly": 0.2,
            "eps_growth_yearly": 563.29
        },
        "20231": {
            "year_quarter": 20231,
            "year": 2023,
            "quarter": 1,
            "eps": 0.11,
            "eps_growth_year": -97.45,
            "eps_4q": 0.34,
            "eps_4q_growth_year": -93.09,
            "roe": 0.09,
            "roe_4q": 0.27,
            "gross_profit": 36481,
            "gross_margin": 5.06,
            "gross_margin_4q_avg": 10.63,
            "net_income": 8159,
            "net_income_4q": null,
            "revenue": 720460,
            "revenue_4q": null,
            "common_shares": 3016476,
            "book_valuer_per_share": 22.09,
            "book_valuer_per_share_4q_avg": 22.79,
            "equity": 8806049,
            "current_ratio": 101.65,
            "debt_ratio": 56.61,
            "inventory_turnover_ratio": 0.88,
            "account_receivable_turnover_ratio": 1.62,
            "reinvestment_rate": -18.18,
            "research_to_sale_ratio": null,
            "price_fair": 35.2,
            "eps_avg_yearly": 1.01,
            "eps_latest_yearly": 0.44,
            "eps_growth_yearly": 325.98
        },
        "20232": {
            "year_quarter": 20232,
            "year": 2023,
            "quarter": 2,
            "eps": -0.19,
            "eps_growth_year": -1050,
            "eps_4q": 0.13,
            "eps_4q_growth_year": -97.03,
            "roe": -1.32,
            "roe_4q": -1.02,
            "gross_profit": 37576,
            "gross_margin": 5.18,
            "gross_margin_4q_avg": 8.01,
            "net_income": -114126,
            "net_income_4q": null,
            "revenue": 725572,
            "revenue_4q": null,
            "common_shares": 3016476,
            "book_valuer_per_share": 21.83,
            "book_valuer_per_share_4q_avg": 22.53,
            "equity": 8461843,
            "current_ratio": 103.24,
            "debt_ratio": 57.59,
            "inventory_turnover_ratio": 0.94,
            "account_receivable_turnover_ratio": 1.83,
            "reinvestment_rate": -21.2,
            "research_to_sale_ratio": null,
            "price_fair": 35.2,
            "eps_avg_yearly": 1.01,
            "eps_latest_yearly": 0.44,
            "eps_growth_yearly": 325.98
        }
    },
    "months": {
        "2001-06": {
            "month": "2001-06",
            "price": "3.25",
            "revenue": 293331
        },
        "2001-07": {
            "month": "2001-07",
            "price": "3.01",
            "revenue": 284138
        },
        "2001-08": {
            "month": "2001-08",
            "price": "3.58",
            "revenue": 320767
        },
        "2001-09": {
            "month": "2001-09",
            "price": "3.88",
            "revenue": 257479
        },
        "2001-10": {
            "month": "2001-10",
            "price": "3.33",
            "revenue": 267191
        },
        "2001-11": {
            "month": "2001-11",
            "price": "3.46",
            "revenue": 253502
        },
        "2001-12": {
            "month": "2001-12",
            "price": "3.84",
            "revenue": 276140
        },
        "2002-01": {
            "month": "2002-01",
            "price": "4.70",
            "revenue": 254458
        },
        "2002-02": {
            "month": "2002-02",
            "price": "4.94",
            "revenue": 232222
        },
        "2002-03": {
            "month": "2002-03",
            "price": "6.67",
            "revenue": 337370
        },
        "2002-04": {
            "month": "2002-04",
            "price": "7.18",
            "revenue": 343483
        },
        "2002-05": {
            "month": "2002-05",
            "price": "6.38",
            "revenue": 341439
        },
        "2002-06": {
            "month": "2002-06",
            "price": "6.10",
            "revenue": 281177
        },
        "2002-07": {
            "month": "2002-07",
            "price": "5.84",
            "revenue": 294525
        },
        "2002-08": {
            "month": "2002-08",
            "price": "5.75",
            "revenue": 354231
        },
        "2002-09": {
            "month": "2002-09",
            "price": "4.78",
            "revenue": 343729
        },
        "2002-10": {
            "month": "2002-10",
            "price": "4.06",
            "revenue": 333203
        },
        "2002-11": {
            "month": "2002-11",
            "price": "5.04",
            "revenue": 275961
        },
        "2002-12": {
            "month": "2002-12",
            "price": "6.04",
            "revenue": 346239
        },
        "2003-01": {
            "month": "2003-01",
            "price": "8.27",
            "revenue": 314603
        },
        "2003-02": {
            "month": "2003-02",
            "price": "6.94",
            "revenue": 337255
        },
        "2003-03": {
            "month": "2003-03",
            "price": "6.05",
            "revenue": 300704
        },
        "2003-04": {
            "month": "2003-04",
            "price": "5.82",
            "revenue": 280831
        },
        "2003-05": {
            "month": "2003-05",
            "price": "4.66",
            "revenue": 269631
        },
        "2003-06": {
            "month": "2003-06",
            "price": "5.65",
            "revenue": 367458
        },
        "2003-07": {
            "month": "2003-07",
            "price": "6.30",
            "revenue": 305193
        },
        "2003-08": {
            "month": "2003-08",
            "price": "6.60",
            "revenue": 322806
        },
        "2003-09": {
            "month": "2003-09",
            "price": "6.57",
            "revenue": 339680
        },
        "2003-10": {
            "month": "2003-10",
            "price": "7.22",
            "revenue": 354223
        },
        "2003-11": {
            "month": "2003-11",
            "price": "7.70",
            "revenue": 414099
        },
        "2003-12": {
            "month": "2003-12",
            "price": "7.64",
            "revenue": 326388
        },
        "2004-01": {
            "month": "2004-01",
            "price": "8.08",
            "revenue": 332972
        },
        "2004-02": {
            "month": "2004-02",
            "price": "8.34",
            "revenue": 385908
        },
        "2004-03": {
            "month": "2004-03",
            "price": "7.57",
            "revenue": 302929
        },
        "2004-04": {
            "month": "2004-04",
            "price": "7.01",
            "revenue": 345653
        },
        "2004-05": {
            "month": "2004-05",
            "price": "5.82",
            "revenue": 361713
        },
        "2004-06": {
            "month": "2004-06",
            "price": "5.60",
            "revenue": 409560
        },
        "2004-07": {
            "month": "2004-07",
            "price": "5.33",
            "revenue": 446790
        },
        "2004-08": {
            "month": "2004-08",
            "price": "5.25",
            "revenue": 492030
        },
        "2004-09": {
            "month": "2004-09",
            "price": "6.36",
            "revenue": 435761
        },
        "2004-10": {
            "month": "2004-10",
            "price": "6.48",
            "revenue": 359059
        },
        "2004-11": {
            "month": "2004-11",
            "price": "6.26",
            "revenue": 342217
        },
        "2004-12": {
            "month": "2004-12",
            "price": "6.42",
            "revenue": 241755
        },
        "2005-01": {
            "month": "2005-01",
            "price": "6.26",
            "revenue": 368821
        },
        "2005-02": {
            "month": "2005-02",
            "price": "5.63",
            "revenue": 309159
        },
        "2005-03": {
            "month": "2005-03",
            "price": "5.25",
            "revenue": 337005
        },
        "2005-04": {
            "month": "2005-04",
            "price": "4.29",
            "revenue": 264649
        },
        "2005-05": {
            "month": "2005-05",
            "price": "3.79",
            "revenue": 248920
        },
        "2005-06": {
            "month": "2005-06",
            "price": "4.03",
            "revenue": 329260
        },
        "2005-07": {
            "month": "2005-07",
            "price": "3.90",
            "revenue": 351142
        },
        "2005-08": {
            "month": "2005-08",
            "price": "3.61",
            "revenue": 319734
        },
        "2005-09": {
            "month": "2005-09",
            "price": "3.29",
            "revenue": 336693
        },
        "2005-10": {
            "month": "2005-10",
            "price": "3.39",
            "revenue": 379983
        },
        "2005-11": {
            "month": "2005-11",
            "price": "3.32",
            "revenue": 270009
        },
        "2005-12": {
            "month": "2005-12",
            "price": "3.77",
            "revenue": 375906
        },
        "2006-01": {
            "month": "2006-01",
            "price": "3.86",
            "revenue": 281637
        },
        "2006-02": {
            "month": "2006-02",
            "price": "3.50",
            "revenue": 263454
        },
        "2006-03": {
            "month": "2006-03",
            "price": "3.02",
            "revenue": 282408
        },
        "2006-04": {
            "month": "2006-04",
            "price": "3.06",
            "revenue": 371236
        },
        "2006-05": {
            "month": "2006-05",
            "price": "3.32",
            "revenue": 296210
        },
        "2006-06": {
            "month": "2006-06",
            "price": "2.95",
            "revenue": 306880
        },
        "2006-07": {
            "month": "2006-07",
            "price": "2.90",
            "revenue": 299067
        },
        "2006-08": {
            "month": "2006-08",
            "price": "2.75",
            "revenue": 318985
        },
        "2006-09": {
            "month": "2006-09",
            "price": "2.59",
            "revenue": 201348
        },
        "2006-10": {
            "month": "2006-10",
            "price": "2.90",
            "revenue": 242522
        },
        "2006-11": {
            "month": "2006-11",
            "price": "3.25",
            "revenue": 325574
        },
        "2006-12": {
            "month": "2006-12",
            "price": "4.22",
            "revenue": 347748
        },
        "2007-01": {
            "month": "2007-01",
            "price": "4.25",
            "revenue": 305218
        },
        "2007-02": {
            "month": "2007-02",
            "price": "4.10",
            "revenue": 283579
        },
        "2007-03": {
            "month": "2007-03",
            "price": "4.09",
            "revenue": 364077
        },
        "2007-04": {
            "month": "2007-04",
            "price": "4.93",
            "revenue": 339138
        },
        "2007-05": {
            "month": "2007-05",
            "price": "4.94",
            "revenue": 370727
        },
        "2007-06": {
            "month": "2007-06",
            "price": "5.50",
            "revenue": 337946
        },
        "2007-07": {
            "month": "2007-07",
            "price": "6.65",
            "revenue": 374938
        },
        "2007-08": {
            "month": "2007-08",
            "price": "6.66",
            "revenue": 342726
        },
        "2007-09": {
            "month": "2007-09",
            "price": "6.83",
            "revenue": 368779
        },
        "2007-10": {
            "month": "2007-10",
            "price": "6.84",
            "revenue": 435526
        },
        "2007-11": {
            "month": "2007-11",
            "price": "5.62",
            "revenue": 377985
        },
        "2007-12": {
            "month": "2007-12",
            "price": "5.04",
            "revenue": 294093
        },
        "2008-01": {
            "month": "2008-01",
            "price": "4.84",
            "revenue": 303723
        },
        "2008-02": {
            "month": "2008-02",
            "price": "4.67",
            "revenue": 345817
        },
        "2008-03": {
            "month": "2008-03",
            "price": "4.98",
            "revenue": 433447
        },
        "2008-04": {
            "month": "2008-04",
            "price": "5.87",
            "revenue": 334053
        },
        "2008-05": {
            "month": "2008-05",
            "price": "7.39",
            "revenue": 377934
        },
        "2008-06": {
            "month": "2008-06",
            "price": "6.43",
            "revenue": 358870
        },
        "2008-07": {
            "month": "2008-07",
            "price": "5.12",
            "revenue": 291796
        },
        "2008-08": {
            "month": "2008-08",
            "price": "5.74",
            "revenue": 242627
        },
        "2008-09": {
            "month": "2008-09",
            "price": "5.30",
            "revenue": 278764
        },
        "2008-10": {
            "month": "2008-10",
            "price": "4.04",
            "revenue": 214679
        },
        "2008-11": {
            "month": "2008-11",
            "price": "3.75",
            "revenue": 186368
        },
        "2008-12": {
            "month": "2008-12",
            "price": "3.51",
            "revenue": 219409
        },
        "2009-01": {
            "month": "2009-01",
            "price": "3.35",
            "revenue": 158614
        },
        "2009-02": {
            "month": "2009-02",
            "price": "3.15",
            "revenue": 224883
        },
        "2009-03": {
            "month": "2009-03",
            "price": "3.71",
            "revenue": 237596
        },
        "2009-04": {
            "month": "2009-04",
            "price": "4.50",
            "revenue": 285089
        },
        "2009-05": {
            "month": "2009-05",
            "price": "4.85",
            "revenue": 269759
        },
        "2009-06": {
            "month": "2009-06",
            "price": "4.46",
            "revenue": 244947
        },
        "2009-07": {
            "month": "2009-07",
            "price": "4.57",
            "revenue": 275236
        },
        "2009-08": {
            "month": "2009-08",
            "price": "4.95",
            "revenue": 306120
        },
        "2009-09": {
            "month": "2009-09",
            "price": "4.99",
            "revenue": 283165
        },
        "2009-10": {
            "month": "2009-10",
            "price": "5.68",
            "revenue": 343216
        },
        "2009-11": {
            "month": "2009-11",
            "price": "6.41",
            "revenue": 317114
        },
        "2009-12": {
            "month": "2009-12",
            "price": "7.23",
            "revenue": 337945
        },
        "2010-01": {
            "month": "2010-01",
            "price": "8.10",
            "revenue": 332904
        },
        "2010-02": {
            "month": "2010-02",
            "price": "7.66",
            "revenue": 248559
        },
        "2010-03": {
            "month": "2010-03",
            "price": "8.09",
            "revenue": 384355
        },
        "2010-04": {
            "month": "2010-04",
            "price": "8.99",
            "revenue": 387186
        },
        "2010-05": {
            "month": "2010-05",
            "price": "8.64",
            "revenue": 320991
        },
        "2010-06": {
            "month": "2010-06",
            "price": "8.35",
            "revenue": 326032
        },
        "2010-07": {
            "month": "2010-07",
            "price": "8.38",
            "revenue": 329078
        },
        "2010-08": {
            "month": "2010-08",
            "price": "9.19",
            "revenue": 321688
        },
        "2010-09": {
            "month": "2010-09",
            "price": "9.58",
            "revenue": 338516
        },
        "2010-10": {
            "month": "2010-10",
            "price": "12.38",
            "revenue": 435101
        },
        "2010-11": {
            "month": "2010-11",
            "price": "12.15",
            "revenue": 506866
        },
        "2010-12": {
            "month": "2010-12",
            "price": "12.54",
            "revenue": 369908
        },
        "2011-01": {
            "month": "2011-01",
            "price": "13.62",
            "revenue": 480506
        },
        "2011-02": {
            "month": "2011-02",
            "price": "13.33",
            "revenue": 474761
        },
        "2011-03": {
            "month": "2011-03",
            "price": "12.03",
            "revenue": 704200
        },
        "2011-04": {
            "month": "2011-04",
            "price": "12.47",
            "revenue": 626926
        },
        "2011-05": {
            "month": "2011-05",
            "price": "10.99",
            "revenue": 486418
        },
        "2011-06": {
            "month": "2011-06",
            "price": "9.83",
            "revenue": 459665
        },
        "2011-07": {
            "month": "2011-07",
            "price": "9.78",
            "revenue": 518639
        },
        "2011-08": {
            "month": "2011-08",
            "price": "9.67",
            "revenue": 494580
        },
        "2011-09": {
            "month": "2011-09",
            "price": "8.44",
            "revenue": 493022
        },
        "2011-10": {
            "month": "2011-10",
            "price": "8.08",
            "revenue": 455307
        },
        "2011-11": {
            "month": "2011-11",
            "price": "7.66",
            "revenue": 398858
        },
        "2011-12": {
            "month": "2011-12",
            "price": "6.82",
            "revenue": 440208
        },
        "2012-01": {
            "month": "2012-01",
            "price": "7.44",
            "revenue": 424104
        },
        "2012-02": {
            "month": "2012-02",
            "price": "8.04",
            "revenue": 451818
        },
        "2012-03": {
            "month": "2012-03",
            "price": "7.99",
            "revenue": 455736
        },
        "2012-04": {
            "month": "2012-04",
            "price": "6.85",
            "revenue": 428431
        },
        "2012-05": {
            "month": "2012-05",
            "price": "6.59",
            "revenue": 397176
        },
        "2012-06": {
            "month": "2012-06",
            "price": "6.08",
            "revenue": 338385
        },
        "2012-07": {
            "month": "2012-07",
            "price": "6.01",
            "revenue": 345503
        },
        "2012-08": {
            "month": "2012-08",
            "price": "6.36",
            "revenue": 441490
        },
        "2012-09": {
            "month": "2012-09",
            "price": "7.08",
            "revenue": 358566
        },
        "2012-10": {
            "month": "2012-10",
            "price": "7.21",
            "revenue": 376808
        },
        "2012-11": {
            "month": "2012-11",
            "price": "7.17",
            "revenue": 349946
        },
        "2012-12": {
            "month": "2012-12",
            "price": "8.09",
            "revenue": 366780
        },
        "2013-01": {
            "month": "2013-01",
            "price": "7.78",
            "revenue": 344576
        },
        "2013-02": {
            "month": "2013-02",
            "price": "7.36",
            "revenue": 253321
        },
        "2013-03": {
            "month": "2013-03",
            "price": "7.31",
            "revenue": 369199
        },
        "2013-04": {
            "month": "2013-04",
            "price": "7.29",
            "revenue": 396243
        },
        "2013-05": {
            "month": "2013-05",
            "price": "7.46",
            "revenue": 394801
        },
        "2013-06": {
            "month": "2013-06",
            "price": "7.39",
            "revenue": 460100
        },
        "2013-07": {
            "month": "2013-07",
            "price": "7.43",
            "revenue": 329562
        },
        "2013-08": {
            "month": "2013-08",
            "price": "7.39",
            "revenue": 336634
        },
        "2013-09": {
            "month": "2013-09",
            "price": "7.41",
            "revenue": 360909
        },
        "2013-10": {
            "month": "2013-10",
            "price": "8.01",
            "revenue": 429235
        },
        "2013-11": {
            "month": "2013-11",
            "price": "7.97",
            "revenue": 379293
        },
        "2013-12": {
            "month": "2013-12",
            "price": "8.08",
            "revenue": 363002
        },
        "2014-01": {
            "month": "2014-01",
            "price": "8.02",
            "revenue": 358098
        },
        "2014-02": {
            "month": "2014-02",
            "price": "7.88",
            "revenue": 352071
        },
        "2014-03": {
            "month": "2014-03",
            "price": "8.01",
            "revenue": 405846
        },
        "2014-04": {
            "month": "2014-04",
            "price": "8.80",
            "revenue": 422207
        },
        "2014-05": {
            "month": "2014-05",
            "price": "8.52",
            "revenue": 448604
        },
        "2014-06": {
            "month": "2014-06",
            "price": "8.56",
            "revenue": 380328
        },
        "2014-07": {
            "month": "2014-07",
            "price": "8.46",
            "revenue": 391258
        },
        "2014-08": {
            "month": "2014-08",
            "price": "8.31",
            "revenue": 364327
        },
        "2014-09": {
            "month": "2014-09",
            "price": "8.68",
            "revenue": 345290
        },
        "2014-10": {
            "month": "2014-10",
            "price": "7.96",
            "revenue": 339998
        },
        "2014-11": {
            "month": "2014-11",
            "price": "7.77",
            "revenue": 331440
        },
        "2014-12": {
            "month": "2014-12",
            "price": "7.95",
            "revenue": 351340
        },
        "2015-01": {
            "month": "2015-01",
            "price": "8.12",
            "revenue": 266630
        },
        "2015-02": {
            "month": "2015-02",
            "price": "8.12",
            "revenue": 219305
        },
        "2015-03": {
            "month": "2015-03",
            "price": "8.66",
            "revenue": 308204
        },
        "2015-04": {
            "month": "2015-04",
            "price": "9.70",
            "revenue": 312759
        },
        "2015-05": {
            "month": "2015-05",
            "price": "10.56",
            "revenue": 249855
        },
        "2015-06": {
            "month": "2015-06",
            "price": "12.87",
            "revenue": 443383
        },
        "2015-07": {
            "month": "2015-07",
            "price": "13.08",
            "revenue": 443843
        },
        "2015-08": {
            "month": "2015-08",
            "price": "12.51",
            "revenue": 394059
        },
        "2015-09": {
            "month": "2015-09",
            "price": "14.02",
            "revenue": 447656
        },
        "2015-10": {
            "month": "2015-10",
            "price": "14.07",
            "revenue": 474314
        },
        "2015-11": {
            "month": "2015-11",
            "price": "12.59",
            "revenue": 433524
        },
        "2015-12": {
            "month": "2015-12",
            "price": "11.26",
            "revenue": 466319
        },
        "2016-01": {
            "month": "2016-01",
            "price": "11.16",
            "revenue": 431571
        },
        "2016-02": {
            "month": "2016-02",
            "price": "11.74",
            "revenue": 286213
        },
        "2016-03": {
            "month": "2016-03",
            "price": "12.16",
            "revenue": 474615
        },
        "2016-04": {
            "month": "2016-04",
            "price": "12.05",
            "revenue": 385337
        },
        "2016-05": {
            "month": "2016-05",
            "price": "10.49",
            "revenue": 410136
        },
        "2016-06": {
            "month": "2016-06",
            "price": "10.16",
            "revenue": 375548
        },
        "2016-07": {
            "month": "2016-07",
            "price": "10.30",
            "revenue": 344741
        },
        "2016-08": {
            "month": "2016-08",
            "price": "10.27",
            "revenue": 384991
        },
        "2016-09": {
            "month": "2016-09",
            "price": "10.07",
            "revenue": 347954
        },
        "2016-10": {
            "month": "2016-10",
            "price": "10.10",
            "revenue": 313926
        },
        "2016-11": {
            "month": "2016-11",
            "price": "10.04",
            "revenue": 371465
        },
        "2016-12": {
            "month": "2016-12",
            "price": "10.30",
            "revenue": 467336
        },
        "2017-01": {
            "month": "2017-01",
            "price": "10.21",
            "revenue": 328621
        },
        "2017-02": {
            "month": "2017-02",
            "price": "10.79",
            "revenue": 368323
        },
        "2017-03": {
            "month": "2017-03",
            "price": "11.57",
            "revenue": 510415
        },
        "2017-04": {
            "month": "2017-04",
            "price": "10.60",
            "revenue": 398411
        },
        "2017-05": {
            "month": "2017-05",
            "price": "10.25",
            "revenue": 456152
        },
        "2017-06": {
            "month": "2017-06",
            "price": "10.58",
            "revenue": 430255
        },
        "2017-07": {
            "month": "2017-07",
            "price": "11.13",
            "revenue": 394908
        },
        "2017-08": {
            "month": "2017-08",
            "price": "10.80",
            "revenue": 443978
        },
        "2017-09": {
            "month": "2017-09",
            "price": "10.79",
            "revenue": 412032
        },
        "2017-10": {
            "month": "2017-10",
            "price": "12.14",
            "revenue": 407744
        },
        "2017-11": {
            "month": "2017-11",
            "price": "13.31",
            "revenue": 427134
        },
        "2017-12": {
            "month": "2017-12",
            "price": "14.12",
            "revenue": 470494
        },
        "2018-01": {
            "month": "2018-01",
            "price": "14.23",
            "revenue": 562837
        },
        "2018-02": {
            "month": "2018-02",
            "price": "13.42",
            "revenue": 386352
        },
        "2018-03": {
            "month": "2018-03",
            "price": "13.92",
            "revenue": 466464
        },
        "2018-04": {
            "month": "2018-04",
            "price": "14.17",
            "revenue": 424864
        },
        "2018-05": {
            "month": "2018-05",
            "price": "14.42",
            "revenue": 469712
        },
        "2018-06": {
            "month": "2018-06",
            "price": "14.68",
            "revenue": 447374
        },
        "2018-07": {
            "month": "2018-07",
            "price": "13.85",
            "revenue": 478332
        },
        "2018-08": {
            "month": "2018-08",
            "price": "13.77",
            "revenue": 496673
        },
        "2018-09": {
            "month": "2018-09",
            "price": "13.54",
            "revenue": 505552
        },
        "2018-10": {
            "month": "2018-10",
            "price": "12.78",
            "revenue": 516295
        },
        "2018-11": {
            "month": "2018-11",
            "price": "12.30",
            "revenue": 474451
        },
        "2018-12": {
            "month": "2018-12",
            "price": "12.68",
            "revenue": 461474
        },
        "2019-01": {
            "month": "2019-01",
            "price": "12.69",
            "revenue": 522335
        },
        "2019-02": {
            "month": "2019-02",
            "price": "12.86",
            "revenue": 373380
        },
        "2019-03": {
            "month": "2019-03",
            "price": "13.17",
            "revenue": 471442
        },
        "2019-04": {
            "month": "2019-04",
            "price": "13.86",
            "revenue": 483979
        },
        "2019-05": {
            "month": "2019-05",
            "price": "14.45",
            "revenue": 488601
        },
        "2019-06": {
            "month": "2019-06",
            "price": "14.60",
            "revenue": 318007
        },
        "2019-07": {
            "month": "2019-07",
            "price": "13.85",
            "revenue": 427458
        },
        "2019-08": {
            "month": "2019-08",
            "price": "13.89",
            "revenue": 394054
        },
        "2019-09": {
            "month": "2019-09",
            "price": "13.92",
            "revenue": 366155
        },
        "2019-10": {
            "month": "2019-10",
            "price": "14.05",
            "revenue": 373712
        },
        "2019-11": {
            "month": "2019-11",
            "price": "14.10",
            "revenue": 295760
        },
        "2019-12": {
            "month": "2019-12",
            "price": "14.16",
            "revenue": 354395
        },
        "2020-01": {
            "month": "2020-01",
            "price": "14.16",
            "revenue": 296309
        },
        "2020-02": {
            "month": "2020-02",
            "price": "13.75",
            "revenue": 294650
        },
        "2020-03": {
            "month": "2020-03",
            "price": "11.76",
            "revenue": 299830
        },
        "2020-04": {
            "month": "2020-04",
            "price": "11.46",
            "revenue": 160102
        },
        "2020-05": {
            "month": "2020-05",
            "price": "11.94",
            "revenue": 150806
        },
        "2020-06": {
            "month": "2020-06",
            "price": "12.51",
            "revenue": 170335
        },
        "2020-07": {
            "month": "2020-07",
            "price": "13.00",
            "revenue": 171135
        },
        "2020-08": {
            "month": "2020-08",
            "price": "13.49",
            "revenue": 193402
        },
        "2020-09": {
            "month": "2020-09",
            "price": "13.67",
            "revenue": 241966
        },
        "2020-10": {
            "month": "2020-10",
            "price": "13.86",
            "revenue": 249542
        },
        "2020-11": {
            "month": "2020-11",
            "price": "14.43",
            "revenue": 286100
        },
        "2020-12": {
            "month": "2020-12",
            "price": "15.08",
            "revenue": 313004
        },
        "2021-01": {
            "month": "2021-01",
            "price": "14.72",
            "revenue": 317026
        },
        "2021-02": {
            "month": "2021-02",
            "price": "14.85",
            "revenue": 257456
        },
        "2021-03": {
            "month": "2021-03",
            "price": "16.42",
            "revenue": 362143
        },
        "2021-04": {
            "month": "2021-04",
            "price": "19.75",
            "revenue": 371454
        },
        "2021-05": {
            "month": "2021-05",
            "price": "17.80",
            "revenue": 374574
        },
        "2021-06": {
            "month": "2021-06",
            "price": "18.78",
            "revenue": 381444
        },
        "2021-07": {
            "month": "2021-07",
            "price": "18.52",
            "revenue": 350585
        },
        "2021-08": {
            "month": "2021-08",
            "price": "17.27",
            "revenue": 356213
        },
        "2021-09": {
            "month": "2021-09",
            "price": "17.17",
            "revenue": 325191
        },
        "2021-10": {
            "month": "2021-10",
            "price": "17.22",
            "revenue": 374414
        },
        "2021-11": {
            "month": "2021-11",
            "price": "17.82",
            "revenue": 358065
        },
        "2021-12": {
            "month": "2021-12",
            "price": "18.44",
            "revenue": 342682
        },
        "2022-01": {
            "month": "2022-01",
            "price": "18.81",
            "revenue": 384718
        },
        "2022-02": {
            "month": "2022-02",
            "price": "18.91",
            "revenue": 370055
        },
        "2022-03": {
            "month": "2022-03",
            "price": "18.92",
            "revenue": 451942
        },
        "2022-04": {
            "month": "2022-04",
            "price": "18.35",
            "revenue": 418944
        },
        "2022-05": {
            "month": "2022-05",
            "price": "18.74",
            "revenue": 408417
        },
        "2022-06": {
            "month": "2022-06",
            "price": "18.99",
            "revenue": 353383
        },
        "2022-07": {
            "month": "2022-07",
            "price": "17.07",
            "revenue": 309944
        },
        "2022-08": {
            "month": "2022-08",
            "price": "17.69",
            "revenue": 365255
        },
        "2022-09": {
            "month": "2022-09",
            "price": "18.06",
            "revenue": 348821
        },
        "2022-10": {
            "month": "2022-10",
            "price": "18.16",
            "revenue": 359933
        },
        "2022-11": {
            "month": "2022-11",
            "price": "18.50",
            "revenue": 281242
        },
        "2022-12": {
            "month": "2022-12",
            "price": "18.82",
            "revenue": 299367
        },
        "2023-01": {
            "month": "2023-01",
            "price": "18.70",
            "revenue": 211612
        },
        "2023-02": {
            "month": "2023-02",
            "price": "19.01",
            "revenue": 258240
        },
        "2023-03": {
            "month": "2023-03",
            "price": "19.00",
            "revenue": 254789
        },
        "2023-04": {
            "month": "2023-04",
            "price": "18.65",
            "revenue": 256306
        },
        "2023-05": {
            "month": "2023-05",
            "price": "18.63",
            "revenue": 245153
        },
        "2023-06": {
            "month": "2023-06",
            "price": "18.32",
            "revenue": 228303
        },
        "2023-07": {
            "month": "2023-07",
            "price": "17.48",
            "revenue": 217794
        },
        "2023-08": {
            "month": "2023-08",
            "price": "17.44",
            "revenue": 315028
        },
        "2023-09": {
            "month": "2023-09",
            "price": "17.63",
            "revenue": 313769
        }
    }
}
