{
    "summary": {
        "stock_name": "聯發",
        "stock_id": "1459",
        "category": "紡織纖維",
        "main_business": "各種棉麻毛及合成纖維、化學纖維織品之針織加工製造買賣業務。<br>各種針織布、梭織布、染整、染紗、紡紗及紗之買賣。<br>各種合成纖維及其原料及其加工品及化學纖維紗之製造加工及買賣。",
        "website_url": "http://www.lanfa.com.tw",
        "ceo": "王豐岳",
        "pe_ratio": 100,
        "report_year_from": 2001,
        "report_year_to": 2023,
        "age": 23,
        "eps_negative_percentage": 35,
        "eps_growth_avg": {
            "last_all": -20.61,
            "last_2y": -100,
            "last_4y": -100,
            "last_8y": -67.41,
            "last_12y": -60.64,
            "last_16y": -32.45,
            "last_20y": -24.96,
            "at_2006_last_3y": 0,
            "at_2007_last_3y": 33.33,
            "at_2008_last_3y": -33.33,
            "at_2009_last_3y": 0,
            "at_2010_last_3y": 33.33,
            "at_2011_last_3y": -18.28,
            "at_2012_last_3y": -18.28,
            "at_2013_last_3y": -18.28,
            "at_2014_last_3y": -51.61,
            "at_2015_last_3y": -23.21,
            "at_2016_last_3y": -23.21,
            "at_2017_last_3y": -23.21,
            "at_2018_last_3y": -56.55,
            "at_2019_last_3y": -100,
            "at_2020_last_3y": -100,
            "at_2021_last_3y": -100,
            "at_2022_last_3y": -100,
            "at_2023_last_3y": -100,
            "at_2024_last_3y": -100,
            "at_2006_last_all": 9,
            "at_2007_last_all": 27.2,
            "at_2008_last_all": 6,
            "at_2009_last_all": 6,
            "at_2010_last_all": 19.43,
            "at_2011_last_all": 10.15,
            "at_2012_last_all": -2.09,
            "at_2013_last_all": -2.09,
            "at_2014_last_all": -1.88,
            "at_2015_last_all": 1.05,
            "at_2016_last_all": -7.37,
            "at_2017_last_all": -7.37,
            "at_2018_last_all": -14.5,
            "at_2019_last_all": -14.5,
            "at_2020_last_all": -14.5,
            "at_2021_last_all": -14.5,
            "at_2022_last_all": -20.61,
            "at_2023_last_all": -20.61,
            "at_2024_last_all": -20.61
        },
        "latest_eps": 0.07,
        "latest_price": 9.77,
        "latest_roe": 0.84,
        "latest_gross_margin": -3.87,
        "latest_equity": 2792357,
        "latest_revenue": 438502,
        "latest_gross_profit": -16961,
        "latest_net_income": -60357,
        "latest_debt_ratio": 39.17,
        "latest_current_ratio": 115.65,
        "latest_account_receivable_turnover_ratio": 3.68,
        "latest_inventory_turnover_ratio": 2.56,
        "latest_reinvestment_rate": null,
        "latest_research_to_sale_ratio": null
    },
    "eps_dividends": {
        "1993": {
            "cash": 0,
            "stock": 0.13,
            "eps": 0
        },
        "1994": {
            "cash": 0,
            "stock": 0.17,
            "eps": 0
        },
        "1998": {
            "cash": 0,
            "stock": 2,
            "eps": 0
        },
        "1999": {
            "cash": 0,
            "stock": 1.2,
            "eps": 0
        },
        "2001": {
            "cash": 0,
            "stock": 0,
            "eps": 0.25
        },
        "2002": {
            "cash": 0,
            "stock": 0.3,
            "eps": 0.34
        },
        "2003": {
            "cash": 0.2,
            "stock": 0.3,
            "eps": 0.34
        },
        "2004": {
            "cash": 0.25,
            "stock": 0.25,
            "eps": 0.85
        },
        "2005": {
            "cash": 0.5,
            "stock": 0.15,
            "eps": -0.64
        },
        "2006": {
            "cash": 0,
            "stock": 0.1,
            "eps": 0.23
        },
        "2007": {
            "cash": 0.18,
            "stock": 0.1,
            "eps": 0.96
        },
        "2008": {
            "cash": 0.55,
            "stock": 0.25,
            "eps": -1.56
        },
        "2009": {
            "cash": 0,
            "stock": 0,
            "eps": 0.67
        },
        "2010": {
            "cash": 0,
            "stock": 0.3,
            "eps": 2.17
        },
        "2011": {
            "cash": 1.17,
            "stock": 0.8,
            "eps": 0.98
        },
        "2012": {
            "cash": 0,
            "stock": 0,
            "eps": -0.14
        },
        "2013": {
            "cash": 0.1,
            "stock": 0,
            "eps": 0.56
        },
        "2014": {
            "cash": 0.35,
            "stock": 0,
            "eps": 0.56
        },
        "2015": {
            "cash": 0.55,
            "stock": 0,
            "eps": 0.73
        },
        "2016": {
            "cash": 0.2,
            "stock": 0,
            "eps": -1.38
        },
        "2017": {
            "cash": 0,
            "stock": 0,
            "eps": 0.3
        },
        "2018": {
            "cash": 0.1,
            "stock": 0,
            "eps": -1.18
        },
        "2019": {
            "cash": 0,
            "stock": 0,
            "eps": -0.27
        },
        "2020": {
            "cash": 0,
            "stock": 0,
            "eps": -0.59
        },
        "2021": {
            "cash": 0,
            "stock": 0,
            "eps": 2.01
        },
        "2022": {
            "cash": 0.2,
            "stock": 0,
            "eps": -1.67
        },
        "2023": {
            "cash": 0,
            "stock": 0,
            "eps": 0.07
        }
    },
    "dividends": {
        "1993-06-04": {
            "cash": 0,
            "stock": 0.13
        },
        "1994-03-22": {
            "cash": 0,
            "stock": 0.17
        },
        "1998-04-28": {
            "cash": 0,
            "stock": 2
        },
        "1999-05-27": {
            "cash": 0,
            "stock": 1.2
        },
        "2002-06-12": {
            "cash": 0,
            "stock": 0.3
        },
        "2003-03-24": {
            "cash": 0.2,
            "stock": 0.3
        },
        "2004-03-23": {
            "cash": 0.25,
            "stock": 0.25
        },
        "2005-06-10": {
            "cash": 0.5,
            "stock": 0.15
        },
        "2006-03-20": {
            "cash": 0,
            "stock": 0.1
        },
        "2007-03-13": {
            "cash": 0.18,
            "stock": 0.1
        },
        "2008-03-21": {
            "cash": 0.55,
            "stock": 0.25
        },
        "2010-04-02": {
            "cash": 0,
            "stock": 0.3
        },
        "2011-01-01": {
            "cash": 0.47,
            "stock": 0
        },
        "2011-02-15": {
            "cash": 0.7,
            "stock": 0.8
        },
        "2013-03-22": {
            "cash": 0.1,
            "stock": 0
        },
        "2014-08-06": {
            "cash": 0.35,
            "stock": 0
        },
        "2015-08-11": {
            "cash": 0.55,
            "stock": 0
        },
        "2016-08-05": {
            "cash": 0.2,
            "stock": 0
        },
        "2018-08-16": {
            "cash": 0.1,
            "stock": 0
        },
        "2022-08-16": {
            "cash": 0.2,
            "stock": 0
        }
    },
    "prices": {
        "200101": "7.77",
        "200102": "9.19",
        "200103": "9.19",
        "200104": "8.78",
        "200105": "6.51",
        "200106": "6.22",
        "200107": "5.89",
        "200108": "7.21",
        "200109": "8.02",
        "200110": "6.44",
        "200111": "7.48",
        "200112": "8.73",
        "200201": "9.42",
        "200202": "10.34",
        "200203": "13.27",
        "200204": "13.93",
        "200205": "12.81",
        "200206": "11.22",
        "200207": "10.22",
        "200208": "11.41",
        "200209": "10.01",
        "200210": "8.46",
        "200211": "9.85",
        "200212": "10.77",
        "200301": "13.44",
        "200302": "11.45",
        "200303": "10.10",
        "200304": "9.31",
        "200305": "8.13",
        "200306": "9.87",
        "200307": "9.66",
        "200308": "9.17",
        "200309": "8.79",
        "200310": "9.80",
        "200311": "10.84",
        "200312": "10.70",
        "200401": "11.48",
        "200402": "11.27",
        "200403": "10.68",
        "200404": "11.09",
        "200405": "10.12",
        "200406": "9.19",
        "200407": "8.41",
        "200408": "8.47",
        "200409": "10.32",
        "200410": "10.33",
        "200411": "10.15",
        "200412": "10.27",
        "200501": "10.15",
        "200502": "9.63",
        "200503": "9.02",
        "200504": "8.12",
        "200505": "7.31",
        "200506": "7.91",
        "200507": "7.66",
        "200508": "6.72",
        "200509": "5.67",
        "200510": "5.67",
        "200511": "5.97",
        "200512": "6.51",
        "200601": "6.34",
        "200602": "5.88",
        "200603": "5.07",
        "200604": "5.24",
        "200605": "5.68",
        "200606": "5.50",
        "200607": "5.28",
        "200608": "5.21",
        "200609": "5.16",
        "200610": "5.65",
        "200611": "6.78",
        "200612": "8.14",
        "200701": "8.14",
        "200702": "8.08",
        "200703": "8.74",
        "200704": "10.36",
        "200705": "10.08",
        "200706": "10.48",
        "200707": "12.41",
        "200708": "13.53",
        "200709": "13.32",
        "200710": "14.05",
        "200711": "12.33",
        "200712": "12.99",
        "200801": "12.46",
        "200802": "11.14",
        "200803": "11.68",
        "200804": "11.84",
        "200805": "10.78",
        "200806": "8.78",
        "200807": "7.16",
        "200808": "5.91",
        "200809": "5.27",
        "200810": "5.04",
        "200811": "5.06",
        "200812": "4.98",
        "200901": "4.90",
        "200902": "4.88",
        "200903": "5.36",
        "200904": "6.29",
        "200905": "8.17",
        "200906": "7.56",
        "200907": "8.04",
        "200908": "9.27",
        "200909": "8.26",
        "200910": "8.98",
        "200911": "8.88",
        "200912": "9.17",
        "201001": "9.49",
        "201002": "8.66",
        "201003": "9.09",
        "201004": "10.40",
        "201005": "10.43",
        "201006": "9.52",
        "201007": "9.99",
        "201008": "11.92",
        "201009": "12.59",
        "201010": "15.74",
        "201011": "15.18",
        "201012": "16.65",
        "201101": "17.54",
        "201102": "18.98",
        "201103": "17.55",
        "201104": "17.82",
        "201105": "15.87",
        "201106": "15.08",
        "201107": "13.76",
        "201108": "13.43",
        "201109": "12.53",
        "201110": "11.25",
        "201111": "10.55",
        "201112": "9.59",
        "201201": "10.39",
        "201202": "11.34",
        "201203": "11.22",
        "201204": "9.91",
        "201205": "9.19",
        "201206": "8.59",
        "201207": "8.70",
        "201208": "9.12",
        "201209": "9.22",
        "201210": "8.66",
        "201211": "7.79",
        "201212": "8.40",
        "201301": "8.79",
        "201302": "8.60",
        "201303": "8.33",
        "201304": "8.05",
        "201305": "8.15",
        "201306": "8.22",
        "201307": "8.32",
        "201308": "8.27",
        "201309": "8.26",
        "201310": "9.43",
        "201311": "9.39",
        "201312": "9.51",
        "201401": "9.40",
        "201402": "9.11",
        "201403": "9.14",
        "201404": "9.58",
        "201405": "9.46",
        "201406": "9.66",
        "201407": "11.44",
        "201408": "10.38",
        "201409": "10.00",
        "201410": "9.66",
        "201411": "9.45",
        "201412": "9.62",
        "201501": "9.81",
        "201502": "9.84",
        "201503": "11.45",
        "201504": "13.23",
        "201505": "14.07",
        "201506": "14.40",
        "201507": "12.69",
        "201508": "13.10",
        "201509": "13.48",
        "201510": "13.10",
        "201511": "11.05",
        "201512": "9.74",
        "201601": "9.80",
        "201602": "10.11",
        "201603": "10.38",
        "201604": "9.62",
        "201605": "8.63",
        "201606": "8.18",
        "201607": "8.37",
        "201608": "8.57",
        "201609": "8.24",
        "201610": "8.20",
        "201611": "8.15",
        "201612": "8.76",
        "201701": "8.58",
        "201702": "8.79",
        "201703": "8.74",
        "201704": "7.92",
        "201705": "7.83",
        "201706": "8.24",
        "201707": "8.39",
        "201708": "8.25",
        "201709": "8.21",
        "201710": "8.58",
        "201711": "8.74",
        "201712": "9.60",
        "201801": "9.66",
        "201802": "8.72",
        "201803": "8.62",
        "201804": "8.99",
        "201805": "8.61",
        "201806": "9.06",
        "201807": "8.60",
        "201808": "9.10",
        "201809": "9.59",
        "201810": "8.51",
        "201811": "8.13",
        "201812": "8.12",
        "201901": "8.05",
        "201902": "8.08",
        "201903": "8.11",
        "201904": "7.89",
        "201905": "7.67",
        "201906": "7.79",
        "201907": "7.74",
        "201908": "7.17",
        "201909": "7.04",
        "201910": "6.85",
        "201911": "6.88",
        "201912": "7.05",
        "202001": "7.21",
        "202002": "6.86",
        "202003": "6.07",
        "202004": "5.94",
        "202005": "6.96",
        "202006": "8.05",
        "202007": "7.70",
        "202008": "7.48",
        "202009": "8.45",
        "202010": "8.21",
        "202011": "8.25",
        "202012": "8.54",
        "202101": "8.45",
        "202102": "8.23",
        "202103": "8.46",
        "202104": "10.63",
        "202105": "14.45",
        "202106": "14.49",
        "202107": "14.05",
        "202108": "12.78",
        "202109": "11.93",
        "202110": "12.10",
        "202111": "13.12",
        "202112": "13.03",
        "202201": "12.24",
        "202202": "11.90",
        "202203": "11.66",
        "202204": "10.90",
        "202205": "10.00",
        "202206": "10.63",
        "202207": "9.35",
        "202208": "9.34",
        "202209": "9.08",
        "202210": "8.24",
        "202211": "8.24",
        "202212": "8.46",
        "202301": "8.32",
        "202302": "8.56",
        "202303": "8.82",
        "202304": "9.03",
        "202305": "9.03",
        "202306": "9.08",
        "202307": "9.57",
        "202308": "9.37",
        "202309": "9.72",
        "202310": "9.81",
        "202311": "10.03",
        "202312": "10.04",
        "202401": "9.60",
        "202402": "9.73",
        "202403": "9.63",
        "202404": "無"
    },
    "quarters": {
        "20011": {
            "year_quarter": 20011,
            "year": 2001,
            "quarter": 1,
            "eps": 0.06,
            "eps_growth_year": -68.42,
            "eps_4q": -0.13,
            "eps_4q_growth_year": -116.73,
            "roe": 0.52,
            "roe_4q": 0.52,
            "gross_profit": 56584,
            "gross_margin": 9.6,
            "gross_margin_4q_avg": 9.6,
            "net_income": 21553,
            "net_income_4q": null,
            "revenue": 589427,
            "revenue_4q": null,
            "common_shares": 3533776,
            "book_valuer_per_share": 11.94,
            "book_valuer_per_share_4q_avg": 11.94,
            "equity": 4219657,
            "current_ratio": 134.31,
            "debt_ratio": 36.11,
            "inventory_turnover_ratio": 2.31,
            "account_receivable_turnover_ratio": null,
            "reinvestment_rate": null,
            "research_to_sale_ratio": null,
            "price_fair": 0,
            "eps_avg_yearly": 0,
            "eps_latest_yearly": 0,
            "eps_growth_yearly": 0
        },
        "20012": {
            "year_quarter": 20012,
            "year": 2001,
            "quarter": 2,
            "eps": -0.03,
            "eps_growth_year": null,
            "eps_4q": -0.14,
            "eps_4q_growth_year": -136.16,
            "roe": -0.22,
            "roe_4q": 0.30000000000000004,
            "gross_profit": 60353,
            "gross_margin": 8.88,
            "gross_margin_4q_avg": 9.24,
            "net_income": -8951,
            "net_income_4q": null,
            "revenue": 679968,
            "revenue_4q": null,
            "common_shares": 3533776,
            "book_valuer_per_share": 11.6,
            "book_valuer_per_share_4q_avg": 11.77,
            "equity": 4097670,
            "current_ratio": 139.9,
            "debt_ratio": 43.27,
            "inventory_turnover_ratio": 3.04,
            "account_receivable_turnover_ratio": null,
            "reinvestment_rate": null,
            "research_to_sale_ratio": null,
            "price_fair": 0,
            "eps_avg_yearly": 0,
            "eps_latest_yearly": 0,
            "eps_growth_yearly": 0
        },
        "20013": {
            "year_quarter": 20013,
            "year": 2001,
            "quarter": 3,
            "eps": 0.19,
            "eps_growth_year": null,
            "eps_4q": 0.19,
            "eps_4q_growth_year": -32.73,
            "roe": 1.63,
            "roe_4q": 1.93,
            "gross_profit": 60257,
            "gross_margin": 9.24,
            "gross_margin_4q_avg": 9.24,
            "net_income": 67977,
            "net_income_4q": null,
            "revenue": 652164,
            "revenue_4q": null,
            "common_shares": 3533776,
            "book_valuer_per_share": 11.97,
            "book_valuer_per_share_4q_avg": 11.84,
            "equity": 4231429,
            "current_ratio": 167.68,
            "debt_ratio": 34.21,
            "inventory_turnover_ratio": 2.66,
            "account_receivable_turnover_ratio": null,
            "reinvestment_rate": null,
            "research_to_sale_ratio": null,
            "price_fair": 0,
            "eps_avg_yearly": 0,
            "eps_latest_yearly": 0,
            "eps_growth_yearly": 0
        },
        "20014": {
            "year_quarter": 20014,
            "year": 2001,
            "quarter": 4,
            "eps": 0.03,
            "eps_growth_year": null,
            "eps_4q": 0.26,
            "eps_4q_growth_year": 2517.49,
            "roe": 0.25,
            "roe_4q": 2.1799999999999997,
            "gross_profit": 56697,
            "gross_margin": 10.04,
            "gross_margin_4q_avg": 9.44,
            "net_income": 10431,
            "net_income_4q": null,
            "revenue": 564641,
            "revenue_4q": null,
            "common_shares": 3533776,
            "book_valuer_per_share": 11.42,
            "book_valuer_per_share_4q_avg": 11.73,
            "equity": 4235549,
            "current_ratio": 79.36,
            "debt_ratio": 34.75,
            "inventory_turnover_ratio": 1.67,
            "account_receivable_turnover_ratio": null,
            "reinvestment_rate": null,
            "research_to_sale_ratio": null,
            "price_fair": 0,
            "eps_avg_yearly": 0,
            "eps_latest_yearly": 0,
            "eps_growth_yearly": 0
        },
        "20021": {
            "year_quarter": 20021,
            "year": 2002,
            "quarter": 1,
            "eps": 0.22,
            "eps_growth_year": 266.67,
            "eps_4q": 0.46,
            "eps_4q_growth_year": null,
            "roe": 1.56,
            "roe_4q": 3.2199999999999998,
            "gross_profit": 67461,
            "gross_margin": 10.39,
            "gross_margin_4q_avg": 9.64,
            "net_income": 63809,
            "net_income_4q": null,
            "revenue": 649132,
            "revenue_4q": null,
            "common_shares": 3357096,
            "book_valuer_per_share": 11.8,
            "book_valuer_per_share_4q_avg": 11.7,
            "equity": 3962220,
            "current_ratio": 50.24,
            "debt_ratio": 34.4,
            "inventory_turnover_ratio": 1.77,
            "account_receivable_turnover_ratio": null,
            "reinvestment_rate": null,
            "research_to_sale_ratio": null,
            "price_fair": 30.8,
            "eps_avg_yearly": 0.88,
            "eps_latest_yearly": 0.88,
            "eps_growth_yearly": 2533.33
        },
        "20022": {
            "year_quarter": 20022,
            "year": 2002,
            "quarter": 2,
            "eps": 0.22,
            "eps_growth_year": null,
            "eps_4q": 0.68,
            "eps_4q_growth_year": null,
            "roe": 1.7,
            "roe_4q": 5.14,
            "gross_profit": 119544,
            "gross_margin": 16.11,
            "gross_margin_4q_avg": 11.45,
            "net_income": 68286,
            "net_income_4q": null,
            "revenue": 742115,
            "revenue_4q": null,
            "common_shares": 3357096,
            "book_valuer_per_share": 12.12,
            "book_valuer_per_share_4q_avg": 11.83,
            "equity": 4069116,
            "current_ratio": 97.56,
            "debt_ratio": 33.37,
            "inventory_turnover_ratio": 1.75,
            "account_receivable_turnover_ratio": null,
            "reinvestment_rate": null,
            "research_to_sale_ratio": null,
            "price_fair": 30.8,
            "eps_avg_yearly": 0.88,
            "eps_latest_yearly": 0.88,
            "eps_growth_yearly": 1266.67
        },
        "20023": {
            "year_quarter": 20023,
            "year": 2002,
            "quarter": 3,
            "eps": -0.1,
            "eps_growth_year": -152.63,
            "eps_4q": 0.33,
            "eps_4q_growth_year": 73.6,
            "roe": -0.75,
            "roe_4q": 2.76,
            "gross_profit": 37674,
            "gross_margin": 5.49,
            "gross_margin_4q_avg": 10.51,
            "net_income": -30094,
            "net_income_4q": null,
            "revenue": 685794,
            "revenue_4q": null,
            "common_shares": 3457809,
            "book_valuer_per_share": 11.54,
            "book_valuer_per_share_4q_avg": 11.72,
            "equity": 3989762,
            "current_ratio": 83.64,
            "debt_ratio": 34.21,
            "inventory_turnover_ratio": 1.57,
            "account_receivable_turnover_ratio": null,
            "reinvestment_rate": null,
            "research_to_sale_ratio": null,
            "price_fair": 30.8,
            "eps_avg_yearly": 0.88,
            "eps_latest_yearly": 0.88,
            "eps_growth_yearly": 1266.67
        },
        "20024": {
            "year_quarter": 20024,
            "year": 2002,
            "quarter": 4,
            "eps": 0,
            "eps_growth_year": -100,
            "eps_4q": 0.34,
            "eps_4q_growth_year": 28.58,
            "roe": -0,
            "roe_4q": 2.51,
            "gross_profit": 73320,
            "gross_margin": 9.78,
            "gross_margin_4q_avg": 10.44,
            "net_income": -114,
            "net_income_4q": null,
            "revenue": 749636,
            "revenue_4q": null,
            "common_shares": 3457809,
            "book_valuer_per_share": 11.69,
            "book_valuer_per_share_4q_avg": 11.79,
            "equity": 4217151,
            "current_ratio": 104.46,
            "debt_ratio": 34.53,
            "inventory_turnover_ratio": 1.27,
            "account_receivable_turnover_ratio": null,
            "reinvestment_rate": 199.35,
            "research_to_sale_ratio": null,
            "price_fair": 30.8,
            "eps_avg_yearly": 0.88,
            "eps_latest_yearly": 0.88,
            "eps_growth_yearly": 1266.67
        },
        "20031": {
            "year_quarter": 20031,
            "year": 2003,
            "quarter": 1,
            "eps": 0.35,
            "eps_growth_year": 59.09,
            "eps_4q": 0.47,
            "eps_4q_growth_year": 2.8,
            "roe": 2.61,
            "roe_4q": 3.5599999999999996,
            "gross_profit": 134603,
            "gross_margin": 15.54,
            "gross_margin_4q_avg": 11.73,
            "net_income": 108934,
            "net_income_4q": null,
            "revenue": 865933,
            "revenue_4q": null,
            "common_shares": 3457809,
            "book_valuer_per_share": 11.94,
            "book_valuer_per_share_4q_avg": 11.82,
            "equity": 4128453,
            "current_ratio": 108.03,
            "debt_ratio": 31.99,
            "inventory_turnover_ratio": 1.22,
            "account_receivable_turnover_ratio": null,
            "reinvestment_rate": 112.74,
            "research_to_sale_ratio": null,
            "price_fair": 30.8,
            "eps_avg_yearly": 0.88,
            "eps_latest_yearly": 0.88,
            "eps_growth_yearly": 1266.67
        },
        "20032": {
            "year_quarter": 20032,
            "year": 2003,
            "quarter": 2,
            "eps": 0.02,
            "eps_growth_year": -90.91,
            "eps_4q": 0.28,
            "eps_4q_growth_year": -58.82,
            "roe": 0.15,
            "roe_4q": 2.01,
            "gross_profit": 46379,
            "gross_margin": 6.22,
            "gross_margin_4q_avg": 9.26,
            "net_income": 6073,
            "net_income_4q": null,
            "revenue": 745188,
            "revenue_4q": null,
            "common_shares": 3457809,
            "book_valuer_per_share": 11.76,
            "book_valuer_per_share_4q_avg": 11.73,
            "equity": 4066324,
            "current_ratio": 108.6,
            "debt_ratio": 28.8,
            "inventory_turnover_ratio": 1.53,
            "account_receivable_turnover_ratio": null,
            "reinvestment_rate": 58.98,
            "research_to_sale_ratio": null,
            "price_fair": 21.47,
            "eps_avg_yearly": 0.61,
            "eps_latest_yearly": 0.08,
            "eps_growth_yearly": 718.73
        },
        "20033": {
            "year_quarter": 20033,
            "year": 2003,
            "quarter": 3,
            "eps": -0.03,
            "eps_growth_year": null,
            "eps_4q": 0.3,
            "eps_4q_growth_year": -8.02,
            "roe": -0.21,
            "roe_4q": 2.55,
            "gross_profit": 17886,
            "gross_margin": 2.32,
            "gross_margin_4q_avg": 8.47,
            "net_income": -8381,
            "net_income_4q": null,
            "revenue": 772590,
            "revenue_4q": null,
            "common_shares": 3561543,
            "book_valuer_per_share": 11.39,
            "book_valuer_per_share_4q_avg": 11.7,
            "equity": 4057878,
            "current_ratio": 111.31,
            "debt_ratio": 30.94,
            "inventory_turnover_ratio": 2.09,
            "account_receivable_turnover_ratio": null,
            "reinvestment_rate": 47.73,
            "research_to_sale_ratio": null,
            "price_fair": 21.47,
            "eps_avg_yearly": 0.61,
            "eps_latest_yearly": 0.08,
            "eps_growth_yearly": 718.73
        },
        "20034": {
            "year_quarter": 20034,
            "year": 2003,
            "quarter": 4,
            "eps": 0,
            "eps_growth_year": null,
            "eps_4q": 0.33,
            "eps_4q_growth_year": -0.6,
            "roe": 0.01,
            "roe_4q": 2.56,
            "gross_profit": 59766,
            "gross_margin": 9.08,
            "gross_margin_4q_avg": 8.29,
            "net_income": 419,
            "net_income_4q": null,
            "revenue": 657886,
            "revenue_4q": null,
            "common_shares": 3561543,
            "book_valuer_per_share": 11.49,
            "book_valuer_per_share_4q_avg": 11.65,
            "equity": 4266745,
            "current_ratio": 270.72,
            "debt_ratio": 31.41,
            "inventory_turnover_ratio": 1.34,
            "account_receivable_turnover_ratio": null,
            "reinvestment_rate": 73.04,
            "research_to_sale_ratio": null,
            "price_fair": 21.47,
            "eps_avg_yearly": 0.61,
            "eps_latest_yearly": 0.08,
            "eps_growth_yearly": 718.73
        },
        "20041": {
            "year_quarter": 20041,
            "year": 2004,
            "quarter": 1,
            "eps": 0.48,
            "eps_growth_year": 37.14,
            "eps_4q": 0.47,
            "eps_4q_growth_year": 0.35,
            "roe": 3.53,
            "roe_4q": 3.4799999999999995,
            "gross_profit": 99308,
            "gross_margin": 12.64,
            "gross_margin_4q_avg": 7.57,
            "net_income": 150575,
            "net_income_4q": null,
            "revenue": 785852,
            "revenue_4q": null,
            "common_shares": 3561543,
            "book_valuer_per_share": 11.96,
            "book_valuer_per_share_4q_avg": 11.65,
            "equity": 4259567,
            "current_ratio": 328.73,
            "debt_ratio": 29.62,
            "inventory_turnover_ratio": 1.19,
            "account_receivable_turnover_ratio": null,
            "reinvestment_rate": 25.16,
            "research_to_sale_ratio": null,
            "price_fair": 21.47,
            "eps_avg_yearly": 0.61,
            "eps_latest_yearly": 0.08,
            "eps_growth_yearly": 718.73
        },
        "20042": {
            "year_quarter": 20042,
            "year": 2004,
            "quarter": 2,
            "eps": 0.15,
            "eps_growth_year": 650,
            "eps_4q": 0.58,
            "eps_4q_growth_year": 106.81,
            "roe": 1.2,
            "roe_4q": 4.529999999999999,
            "gross_profit": 70096,
            "gross_margin": 7.3,
            "gross_margin_4q_avg": 7.84,
            "net_income": 50035,
            "net_income_4q": null,
            "revenue": 960279,
            "revenue_4q": null,
            "common_shares": 3561543,
            "book_valuer_per_share": 11.54,
            "book_valuer_per_share_4q_avg": 11.6,
            "equity": 4111103,
            "current_ratio": 122.11,
            "debt_ratio": 37.23,
            "inventory_turnover_ratio": 1.73,
            "account_receivable_turnover_ratio": null,
            "reinvestment_rate": 98.04,
            "research_to_sale_ratio": null,
            "price_fair": 21.35,
            "eps_avg_yearly": 0.61,
            "eps_latest_yearly": 0.6,
            "eps_growth_yearly": 470.3
        },
        "20043": {
            "year_quarter": 20043,
            "year": 2004,
            "quarter": 3,
            "eps": 0.31,
            "eps_growth_year": null,
            "eps_4q": 0.94,
            "eps_4q_growth_year": 213.09,
            "roe": 2.37,
            "roe_4q": 7.109999999999999,
            "gross_profit": 28336,
            "gross_margin": 3.2,
            "gross_margin_4q_avg": 8.06,
            "net_income": 99497,
            "net_income_4q": null,
            "revenue": 885522,
            "revenue_4q": null,
            "common_shares": 3650582,
            "book_valuer_per_share": 11.73,
            "book_valuer_per_share_4q_avg": 11.68,
            "equity": 4282353,
            "current_ratio": 206.28,
            "debt_ratio": 31.58,
            "inventory_turnover_ratio": 2.23,
            "account_receivable_turnover_ratio": null,
            "reinvestment_rate": 83.91,
            "research_to_sale_ratio": null,
            "price_fair": 25.76,
            "eps_avg_yearly": 0.74,
            "eps_latest_yearly": 1.24,
            "eps_growth_yearly": 461.57
        },
        "20044": {
            "year_quarter": 20044,
            "year": 2004,
            "quarter": 4,
            "eps": -0.09,
            "eps_growth_year": null,
            "eps_4q": 0.83,
            "eps_4q_growth_year": 146.83,
            "roe": -0.69,
            "roe_4q": 6.41,
            "gross_profit": 64075,
            "gross_margin": 10.38,
            "gross_margin_4q_avg": 8.38,
            "net_income": -30039,
            "net_income_4q": null,
            "revenue": 617224,
            "revenue_4q": null,
            "common_shares": 3650582,
            "book_valuer_per_share": 11.67,
            "book_valuer_per_share_4q_avg": 11.73,
            "equity": 4396256,
            "current_ratio": 245.92,
            "debt_ratio": 31.02,
            "inventory_turnover_ratio": 1.06,
            "account_receivable_turnover_ratio": null,
            "reinvestment_rate": 95.12,
            "research_to_sale_ratio": null,
            "price_fair": 25.76,
            "eps_avg_yearly": 0.74,
            "eps_latest_yearly": 1.24,
            "eps_growth_yearly": 461.57
        },
        "20051": {
            "year_quarter": 20051,
            "year": 2005,
            "quarter": 1,
            "eps": 0.01,
            "eps_growth_year": -97.92,
            "eps_4q": 0.64,
            "eps_4q_growth_year": 35.08,
            "roe": 0.04,
            "roe_4q": 2.92,
            "gross_profit": 35488,
            "gross_margin": 5.21,
            "gross_margin_4q_avg": 6.52,
            "net_income": 1896,
            "net_income_4q": null,
            "revenue": 681221,
            "revenue_4q": null,
            "common_shares": 3650582,
            "book_valuer_per_share": 11.63,
            "book_valuer_per_share_4q_avg": 11.64,
            "equity": 4244682,
            "current_ratio": 139.08,
            "debt_ratio": 35.83,
            "inventory_turnover_ratio": 0.85,
            "account_receivable_turnover_ratio": null,
            "reinvestment_rate": 70.56,
            "research_to_sale_ratio": null,
            "price_fair": 25.76,
            "eps_avg_yearly": 0.74,
            "eps_latest_yearly": 1.24,
            "eps_growth_yearly": 461.57
        },
        "20052": {
            "year_quarter": 20052,
            "year": 2005,
            "quarter": 2,
            "eps": -0.47,
            "eps_growth_year": -413.33,
            "eps_4q": -0.23,
            "eps_4q_growth_year": -139.68,
            "roe": -3.83,
            "roe_4q": -2.1100000000000003,
            "gross_profit": -31063,
            "gross_margin": -4.34,
            "gross_margin_4q_avg": 3.61,
            "net_income": -155004,
            "net_income_4q": null,
            "revenue": 716500,
            "revenue_4q": null,
            "common_shares": 3650582,
            "book_valuer_per_share": 10.54,
            "book_valuer_per_share_4q_avg": 11.39,
            "equity": 3845992,
            "current_ratio": 85.1,
            "debt_ratio": 37.06,
            "inventory_turnover_ratio": 1.13,
            "account_receivable_turnover_ratio": null,
            "reinvestment_rate": 15.61,
            "research_to_sale_ratio": null,
            "price_fair": 25.76,
            "eps_avg_yearly": 0.74,
            "eps_latest_yearly": 1.24,
            "eps_growth_yearly": 461.57
        },
        "20053": {
            "year_quarter": 20053,
            "year": 2005,
            "quarter": 3,
            "eps": 0,
            "eps_growth_year": -100,
            "eps_4q": -0.5,
            "eps_4q_growth_year": -153.05,
            "roe": -0.02,
            "roe_4q": -4.5,
            "gross_profit": -54054,
            "gross_margin": -7.45,
            "gross_margin_4q_avg": 0.95,
            "net_income": -918,
            "net_income_4q": null,
            "revenue": 725216,
            "revenue_4q": null,
            "common_shares": 3705340,
            "book_valuer_per_share": 10.3,
            "book_valuer_per_share_4q_avg": 11.04,
            "equity": 3817754,
            "current_ratio": 90.33,
            "debt_ratio": 36.86,
            "inventory_turnover_ratio": 1.73,
            "account_receivable_turnover_ratio": null,
            "reinvestment_rate": -12.62,
            "research_to_sale_ratio": null,
            "price_fair": 25.76,
            "eps_avg_yearly": 0.74,
            "eps_latest_yearly": 1.24,
            "eps_growth_yearly": 461.57
        },
        "20054": {
            "year_quarter": 20054,
            "year": 2005,
            "quarter": 4,
            "eps": -0.18,
            "eps_growth_year": null,
            "eps_4q": -0.65,
            "eps_4q_growth_year": -178.72,
            "roe": -1.54,
            "roe_4q": -5.3500000000000005,
            "gross_profit": 2209,
            "gross_margin": 0.35,
            "gross_margin_4q_avg": -1.56,
            "net_income": -58712,
            "net_income_4q": null,
            "revenue": 628948,
            "revenue_4q": null,
            "common_shares": 3705340,
            "book_valuer_per_share": 9.93,
            "book_valuer_per_share_4q_avg": 10.6,
            "equity": 3812575,
            "current_ratio": 87.86,
            "debt_ratio": 41.95,
            "inventory_turnover_ratio": 1.64,
            "account_receivable_turnover_ratio": null,
            "reinvestment_rate": -168.67,
            "research_to_sale_ratio": null,
            "price_fair": 25.76,
            "eps_avg_yearly": 0.74,
            "eps_latest_yearly": 1.24,
            "eps_growth_yearly": 461.57
        },
        "20061": {
            "year_quarter": 20061,
            "year": 2006,
            "quarter": 1,
            "eps": -0.11,
            "eps_growth_year": -1200,
            "eps_4q": -0.76,
            "eps_4q_growth_year": -218.31,
            "roe": -0.97,
            "roe_4q": -6.359999999999999,
            "gross_profit": 456,
            "gross_margin": 0.06,
            "gross_margin_4q_avg": -2.85,
            "net_income": -36464,
            "net_income_4q": null,
            "revenue": 743352,
            "revenue_4q": null,
            "common_shares": 3560960,
            "book_valuer_per_share": 10.3,
            "book_valuer_per_share_4q_avg": 10.27,
            "equity": 3667655,
            "current_ratio": 157.39,
            "debt_ratio": 37.71,
            "inventory_turnover_ratio": 2.22,
            "account_receivable_turnover_ratio": null,
            "reinvestment_rate": -334.59,
            "research_to_sale_ratio": null,
            "price_fair": 2.1,
            "eps_avg_yearly": 0.7,
            "eps_latest_yearly": 1.24,
            "eps_growth_yearly": -56.37
        },
        "20062": {
            "year_quarter": 20062,
            "year": 2006,
            "quarter": 2,
            "eps": 0.1,
            "eps_growth_year": null,
            "eps_4q": -0.18,
            "eps_4q_growth_year": null,
            "roe": 0.92,
            "roe_4q": -1.6099999999999999,
            "gross_profit": 48077,
            "gross_margin": 5.85,
            "gross_margin_4q_avg": -0.3,
            "net_income": 33977,
            "net_income_4q": null,
            "revenue": 821642,
            "revenue_4q": null,
            "common_shares": 3560960,
            "book_valuer_per_share": 10.48,
            "book_valuer_per_share_4q_avg": 10.25,
            "equity": 3733595,
            "current_ratio": 131.26,
            "debt_ratio": 35.35,
            "inventory_turnover_ratio": 2.5,
            "account_receivable_turnover_ratio": null,
            "reinvestment_rate": -431.97,
            "research_to_sale_ratio": null,
            "price_fair": 1.92,
            "eps_avg_yearly": 0.64,
            "eps_latest_yearly": 1.24,
            "eps_growth_yearly": -75.16
        },
        "20063": {
            "year_quarter": 20063,
            "year": 2006,
            "quarter": 3,
            "eps": 0.08,
            "eps_growth_year": null,
            "eps_4q": -0.11,
            "eps_4q_growth_year": null,
            "roe": 0.7,
            "roe_4q": -0.8899999999999999,
            "gross_profit": 33913,
            "gross_margin": 4.62,
            "gross_margin_4q_avg": 2.72,
            "net_income": 26048,
            "net_income_4q": null,
            "revenue": 733613,
            "revenue_4q": null,
            "common_shares": 3596570,
            "book_valuer_per_share": 10.46,
            "book_valuer_per_share_4q_avg": 10.29,
            "equity": 3761810,
            "current_ratio": 136.97,
            "debt_ratio": 34.53,
            "inventory_turnover_ratio": 1.9,
            "account_receivable_turnover_ratio": null,
            "reinvestment_rate": -308.28,
            "research_to_sale_ratio": null,
            "price_fair": 1.68,
            "eps_avg_yearly": 0.56,
            "eps_latest_yearly": 0.32,
            "eps_growth_yearly": -76.37
        },
        "20064": {
            "year_quarter": 20064,
            "year": 2006,
            "quarter": 4,
            "eps": 0.16,
            "eps_growth_year": null,
            "eps_4q": 0.23,
            "eps_4q_growth_year": null,
            "roe": 1.37,
            "roe_4q": 2.0200000000000005,
            "gross_profit": 41221,
            "gross_margin": 5.46,
            "gross_margin_4q_avg": 4,
            "net_income": 52406,
            "net_income_4q": null,
            "revenue": 754687,
            "revenue_4q": null,
            "common_shares": 3596570,
            "book_valuer_per_share": 10.42,
            "book_valuer_per_share_4q_avg": 10.42,
            "equity": 3878926,
            "current_ratio": 116.34,
            "debt_ratio": 42.27,
            "inventory_turnover_ratio": 1.44,
            "account_receivable_turnover_ratio": null,
            "reinvestment_rate": -214.73,
            "research_to_sale_ratio": null,
            "price_fair": 16.65,
            "eps_avg_yearly": 0.58,
            "eps_latest_yearly": 0.64,
            "eps_growth_yearly": 18.9
        },
        "20071": {
            "year_quarter": 20071,
            "year": 2007,
            "quarter": 1,
            "eps": 0.32,
            "eps_growth_year": null,
            "eps_4q": 0.68,
            "eps_4q_growth_year": null,
            "roe": 2.56,
            "roe_4q": 5.55,
            "gross_profit": 67054,
            "gross_margin": 6.94,
            "gross_margin_4q_avg": 5.72,
            "net_income": 98674,
            "net_income_4q": null,
            "revenue": 966724,
            "revenue_4q": null,
            "common_shares": 3396570,
            "book_valuer_per_share": 11.25,
            "book_valuer_per_share_4q_avg": 10.65,
            "equity": 3822541,
            "current_ratio": 161.2,
            "debt_ratio": 39.32,
            "inventory_turnover_ratio": 1.82,
            "account_receivable_turnover_ratio": null,
            "reinvestment_rate": -258.31,
            "research_to_sale_ratio": null,
            "price_fair": 24.27,
            "eps_avg_yearly": 0.69,
            "eps_latest_yearly": 1.28,
            "eps_growth_yearly": 82.42
        },
        "20072": {
            "year_quarter": 20072,
            "year": 2007,
            "quarter": 2,
            "eps": 0.38,
            "eps_growth_year": 280,
            "eps_4q": 0.94,
            "eps_4q_growth_year": null,
            "roe": 3.1,
            "roe_4q": 7.73,
            "gross_profit": 108111,
            "gross_margin": 9.46,
            "gross_margin_4q_avg": 6.62,
            "net_income": 120716,
            "net_income_4q": null,
            "revenue": 1142354,
            "revenue_4q": null,
            "common_shares": 3396570,
            "book_valuer_per_share": 11.7,
            "book_valuer_per_share_4q_avg": 10.96,
            "equity": 3972327,
            "current_ratio": 204.97,
            "debt_ratio": 37.18,
            "inventory_turnover_ratio": 2.82,
            "account_receivable_turnover_ratio": null,
            "reinvestment_rate": -168.78,
            "research_to_sale_ratio": null,
            "price_fair": 32.67,
            "eps_avg_yearly": 0.93,
            "eps_latest_yearly": 1.52,
            "eps_growth_yearly": 157.78
        },
        "20073": {
            "year_quarter": 20073,
            "year": 2007,
            "quarter": 3,
            "eps": 0.53,
            "eps_growth_year": 562.5,
            "eps_4q": 1.39,
            "eps_4q_growth_year": null,
            "roe": 4.15,
            "roe_4q": 11.18,
            "gross_profit": 23939,
            "gross_margin": 2.87,
            "gross_margin_4q_avg": 6.18,
            "net_income": 167385,
            "net_income_4q": null,
            "revenue": 834980,
            "revenue_4q": null,
            "common_shares": 3430536,
            "book_valuer_per_share": 11.92,
            "book_valuer_per_share_4q_avg": 11.32,
            "equity": 4089614,
            "current_ratio": 248.48,
            "debt_ratio": 38.46,
            "inventory_turnover_ratio": 3.26,
            "account_receivable_turnover_ratio": null,
            "reinvestment_rate": -258.02,
            "research_to_sale_ratio": null,
            "price_fair": 38.6,
            "eps_avg_yearly": 1.1,
            "eps_latest_yearly": 2.12,
            "eps_growth_yearly": 157.79
        },
        "20074": {
            "year_quarter": 20074,
            "year": 2007,
            "quarter": 4,
            "eps": -0.27,
            "eps_growth_year": -268.75,
            "eps_4q": 0.94,
            "eps_4q_growth_year": 304.13,
            "roe": -2.16,
            "roe_4q": 7.65,
            "gross_profit": 58114,
            "gross_margin": 9.32,
            "gross_margin_4q_avg": 7.15,
            "net_income": -86756,
            "net_income_4q": null,
            "revenue": 623359,
            "revenue_4q": null,
            "common_shares": 3430536,
            "book_valuer_per_share": 11.12,
            "book_valuer_per_share_4q_avg": 11.5,
            "equity": 3947213,
            "current_ratio": 107.42,
            "debt_ratio": 47.28,
            "inventory_turnover_ratio": 2.22,
            "account_receivable_turnover_ratio": null,
            "reinvestment_rate": -14.06,
            "research_to_sale_ratio": null,
            "price_fair": 38.6,
            "eps_avg_yearly": 1.1,
            "eps_latest_yearly": 2.12,
            "eps_growth_yearly": 157.79
        },
        "20081": {
            "year_quarter": 20081,
            "year": 2008,
            "quarter": 1,
            "eps": -0.06,
            "eps_growth_year": -118.75,
            "eps_4q": 0.62,
            "eps_4q_growth_year": -9.79,
            "roe": -0.47,
            "roe_4q": 4.620000000000001,
            "gross_profit": 54818,
            "gross_margin": 8.11,
            "gross_margin_4q_avg": 7.44,
            "net_income": -17838,
            "net_income_4q": null,
            "revenue": 676138,
            "revenue_4q": null,
            "common_shares": 3230536,
            "book_valuer_per_share": 11.05,
            "book_valuer_per_share_4q_avg": 11.45,
            "equity": 3702135,
            "current_ratio": 115.38,
            "debt_ratio": 51.9,
            "inventory_turnover_ratio": 1.83,
            "account_receivable_turnover_ratio": null,
            "reinvestment_rate": 54.68,
            "research_to_sale_ratio": null,
            "price_fair": 38.6,
            "eps_avg_yearly": 1.1,
            "eps_latest_yearly": 2.12,
            "eps_growth_yearly": 157.79
        },
        "20082": {
            "year_quarter": 20082,
            "year": 2008,
            "quarter": 2,
            "eps": -0.45,
            "eps_growth_year": -218.42,
            "eps_4q": -0.23,
            "eps_4q_growth_year": -124.45,
            "roe": -3.87,
            "roe_4q": -2.3499999999999996,
            "gross_profit": 38220,
            "gross_margin": 5.07,
            "gross_margin_4q_avg": 6.34,
            "net_income": -137072,
            "net_income_4q": null,
            "revenue": 753513,
            "revenue_4q": null,
            "common_shares": 3230536,
            "book_valuer_per_share": 10.06,
            "book_valuer_per_share_4q_avg": 11.04,
            "equity": 3381390,
            "current_ratio": 90.42,
            "debt_ratio": 57.02,
            "inventory_turnover_ratio": 1.66,
            "account_receivable_turnover_ratio": null,
            "reinvestment_rate": 89.22,
            "research_to_sale_ratio": null,
            "price_fair": 41.53,
            "eps_avg_yearly": 1.19,
            "eps_latest_yearly": 2.12,
            "eps_growth_yearly": 229.93
        },
        "20083": {
            "year_quarter": 20083,
            "year": 2008,
            "quarter": 3,
            "eps": 0.01,
            "eps_growth_year": -98.11,
            "eps_4q": -0.72,
            "eps_4q_growth_year": -152.08,
            "roe": 0.11,
            "roe_4q": -6.390000000000001,
            "gross_profit": 38401,
            "gross_margin": 5.41,
            "gross_margin_4q_avg": 6.98,
            "net_income": 3503,
            "net_income_4q": null,
            "revenue": 710259,
            "revenue_4q": null,
            "common_shares": 3311299,
            "book_valuer_per_share": 9.2,
            "book_valuer_per_share_4q_avg": 10.36,
            "equity": 3181028,
            "current_ratio": 79.86,
            "debt_ratio": 59.06,
            "inventory_turnover_ratio": 1.09,
            "account_receivable_turnover_ratio": null,
            "reinvestment_rate": null,
            "research_to_sale_ratio": null,
            "price_fair": 41.16,
            "eps_avg_yearly": 1.18,
            "eps_latest_yearly": 2.12,
            "eps_growth_yearly": 190.58
        },
        "20084": {
            "year_quarter": 20084,
            "year": 2008,
            "quarter": 4,
            "eps": -1.06,
            "eps_growth_year": null,
            "eps_4q": -1.6,
            "eps_4q_growth_year": -270.2,
            "roe": -10.44,
            "roe_4q": -14.67,
            "gross_profit": -181744,
            "gross_margin": -30.36,
            "gross_margin_4q_avg": -2.94,
            "net_income": -306905,
            "net_income_4q": null,
            "revenue": 598701,
            "revenue_4q": null,
            "common_shares": 3311299,
            "book_valuer_per_share": 7.75,
            "book_valuer_per_share_4q_avg": 9.52,
            "equity": 2698084,
            "current_ratio": 97.4,
            "debt_ratio": 59.69,
            "inventory_turnover_ratio": 1.71,
            "account_receivable_turnover_ratio": 5.74,
            "reinvestment_rate": null,
            "research_to_sale_ratio": null,
            "price_fair": 41.16,
            "eps_avg_yearly": 1.18,
            "eps_latest_yearly": 2.12,
            "eps_growth_yearly": 190.58
        },
        "20091": {
            "year_quarter": 20091,
            "year": 2009,
            "quarter": 1,
            "eps": 0.52,
            "eps_growth_year": null,
            "eps_4q": -1.01,
            "eps_4q_growth_year": -263.87,
            "roe": 5.34,
            "roe_4q": -8.86,
            "gross_profit": 84186,
            "gross_margin": 14.05,
            "gross_margin_4q_avg": -1.46,
            "net_income": 150060,
            "net_income_4q": null,
            "revenue": 599265,
            "revenue_4q": null,
            "common_shares": 3311299,
            "book_valuer_per_share": 8.44,
            "book_valuer_per_share_4q_avg": 8.86,
            "equity": 2925454,
            "current_ratio": 99.03,
            "debt_ratio": 57.34,
            "inventory_turnover_ratio": 2.37,
            "account_receivable_turnover_ratio": 2.64,
            "reinvestment_rate": null,
            "research_to_sale_ratio": null,
            "price_fair": 41.16,
            "eps_avg_yearly": 1.18,
            "eps_latest_yearly": 2.12,
            "eps_growth_yearly": 190.58
        },
        "20092": {
            "year_quarter": 20092,
            "year": 2009,
            "quarter": 2,
            "eps": 0.07,
            "eps_growth_year": null,
            "eps_4q": -0.5,
            "eps_4q_growth_year": null,
            "roe": 0.63,
            "roe_4q": -4.359999999999999,
            "gross_profit": 47658,
            "gross_margin": 6.52,
            "gross_margin_4q_avg": -1.1,
            "net_income": 18968,
            "net_income_4q": null,
            "revenue": 730713,
            "revenue_4q": null,
            "common_shares": 3311299,
            "book_valuer_per_share": 8.87,
            "book_valuer_per_share_4q_avg": 8.57,
            "equity": 3067993,
            "current_ratio": 112.86,
            "debt_ratio": 56.85,
            "inventory_turnover_ratio": 2.69,
            "account_receivable_turnover_ratio": 3.2,
            "reinvestment_rate": 1083.35,
            "research_to_sale_ratio": null,
            "price_fair": 35.93,
            "eps_avg_yearly": 1.03,
            "eps_latest_yearly": 0.28,
            "eps_growth_yearly": 101.12
        },
        "20093": {
            "year_quarter": 20093,
            "year": 2009,
            "quarter": 3,
            "eps": 0.03,
            "eps_growth_year": 200,
            "eps_4q": -0.51,
            "eps_4q_growth_year": null,
            "roe": 0.24,
            "roe_4q": -4.2299999999999995,
            "gross_profit": 21237,
            "gross_margin": 2.55,
            "gross_margin_4q_avg": -1.81,
            "net_income": 7571,
            "net_income_4q": null,
            "revenue": 834072,
            "revenue_4q": null,
            "common_shares": 3311299,
            "book_valuer_per_share": 9.53,
            "book_valuer_per_share_4q_avg": 8.65,
            "equity": 3289929,
            "current_ratio": 111.08,
            "debt_ratio": 54.74,
            "inventory_turnover_ratio": 2.97,
            "account_receivable_turnover_ratio": 3.93,
            "reinvestment_rate": 859.02,
            "research_to_sale_ratio": null,
            "price_fair": 31.4,
            "eps_avg_yearly": 0.9,
            "eps_latest_yearly": 0.12,
            "eps_growth_yearly": 54.02
        },
        "20094": {
            "year_quarter": 20094,
            "year": 2009,
            "quarter": 4,
            "eps": 0.05,
            "eps_growth_year": null,
            "eps_4q": 0.66,
            "eps_4q_growth_year": null,
            "roe": 0.39,
            "roe_4q": 6.6,
            "gross_profit": 62537,
            "gross_margin": 6.74,
            "gross_margin_4q_avg": 7.47,
            "net_income": 13189,
            "net_income_4q": null,
            "revenue": 927211,
            "revenue_4q": null,
            "common_shares": 3311299,
            "book_valuer_per_share": 11.77,
            "book_valuer_per_share_4q_avg": 9.65,
            "equity": 3517841,
            "current_ratio": 125.85,
            "debt_ratio": 54.26,
            "inventory_turnover_ratio": 2.38,
            "account_receivable_turnover_ratio": 5.03,
            "reinvestment_rate": 2872.08,
            "research_to_sale_ratio": null,
            "price_fair": 28.35,
            "eps_avg_yearly": 0.81,
            "eps_latest_yearly": 0.2,
            "eps_growth_yearly": 80.6
        },
        "20101": {
            "year_quarter": 20101,
            "year": 2010,
            "quarter": 1,
            "eps": 0.22,
            "eps_growth_year": -57.69,
            "eps_4q": 0.36,
            "eps_4q_growth_year": null,
            "roe": 1.72,
            "roe_4q": 2.9799999999999995,
            "gross_profit": 100802,
            "gross_margin": 10.48,
            "gross_margin_4q_avg": 6.57,
            "net_income": 61808,
            "net_income_4q": null,
            "revenue": 961984,
            "revenue_4q": null,
            "common_shares": 3311299,
            "book_valuer_per_share": 12.25,
            "book_valuer_per_share_4q_avg": 10.61,
            "equity": 3653303,
            "current_ratio": 126.93,
            "debt_ratio": 53.88,
            "inventory_turnover_ratio": 2.13,
            "account_receivable_turnover_ratio": 2.4,
            "reinvestment_rate": 1602.33,
            "research_to_sale_ratio": null,
            "price_fair": 28.62,
            "eps_avg_yearly": 0.82,
            "eps_latest_yearly": 0.88,
            "eps_growth_yearly": 222.76
        },
        "20102": {
            "year_quarter": 20102,
            "year": 2010,
            "quarter": 2,
            "eps": 0.41,
            "eps_growth_year": 486.94,
            "eps_4q": 0.69,
            "eps_4q_growth_year": null,
            "roe": 3.37,
            "roe_4q": 5.72,
            "gross_profit": 90210,
            "gross_margin": 8.27,
            "gross_margin_4q_avg": 7.01,
            "net_income": 122211,
            "net_income_4q": null,
            "revenue": 1090524,
            "revenue_4q": null,
            "common_shares": 3311299,
            "book_valuer_per_share": 12.07,
            "book_valuer_per_share_4q_avg": 11.41,
            "equity": 3603853,
            "current_ratio": 114.5,
            "debt_ratio": 54.55,
            "inventory_turnover_ratio": 2.46,
            "account_receivable_turnover_ratio": 2.46,
            "reinvestment_rate": 1143.35,
            "research_to_sale_ratio": null,
            "price_fair": 31.5,
            "eps_avg_yearly": 0.9,
            "eps_latest_yearly": 1.64,
            "eps_growth_yearly": 235.03
        },
        "20103": {
            "year_quarter": 20103,
            "year": 2010,
            "quarter": 3,
            "eps": 0.65,
            "eps_growth_year": 2051.56,
            "eps_4q": 1.33,
            "eps_4q_growth_year": null,
            "roe": 5.08,
            "roe_4q": 10.56,
            "gross_profit": 102222,
            "gross_margin": 7.89,
            "gross_margin_4q_avg": 8.35,
            "net_income": 185433,
            "net_income_4q": null,
            "revenue": 1296366,
            "revenue_4q": null,
            "common_shares": 3410638,
            "book_valuer_per_share": 12.42,
            "book_valuer_per_share_4q_avg": 12.13,
            "equity": 3699767,
            "current_ratio": 120.16,
            "debt_ratio": 54.54,
            "inventory_turnover_ratio": 3.03,
            "account_receivable_turnover_ratio": 2.39,
            "reinvestment_rate": 740.1,
            "research_to_sale_ratio": null,
            "price_fair": 39.48,
            "eps_avg_yearly": 1.13,
            "eps_latest_yearly": 2.6,
            "eps_growth_yearly": 266.44
        },
        "20104": {
            "year_quarter": 20104,
            "year": 2010,
            "quarter": 4,
            "eps": 0.89,
            "eps_growth_year": 1671.24,
            "eps_4q": 2.16,
            "eps_4q_growth_year": 225.59,
            "roe": 6.81,
            "roe_4q": 16.98,
            "gross_profit": 184289,
            "gross_margin": 13.53,
            "gross_margin_4q_avg": 10.04,
            "net_income": 263237,
            "net_income_4q": null,
            "revenue": 1361823,
            "revenue_4q": null,
            "common_shares": 3320638,
            "book_valuer_per_share": 13.36,
            "book_valuer_per_share_4q_avg": 12.53,
            "equity": 4034733,
            "current_ratio": 139.53,
            "debt_ratio": 50.06,
            "inventory_turnover_ratio": 2.8,
            "account_receivable_turnover_ratio": 2.05,
            "reinvestment_rate": 503.95,
            "research_to_sale_ratio": null,
            "price_fair": 49.7,
            "eps_avg_yearly": 1.42,
            "eps_latest_yearly": 3.56,
            "eps_growth_yearly": 241.21
        },
        "20111": {
            "year_quarter": 20111,
            "year": 2011,
            "quarter": 1,
            "eps": 0.95,
            "eps_growth_year": 331.82,
            "eps_4q": 2.88,
            "eps_4q_growth_year": 708.79,
            "roe": 6.7,
            "roe_4q": 21.96,
            "gross_profit": 169902,
            "gross_margin": 12.93,
            "gross_margin_4q_avg": 10.66,
            "net_income": 279980,
            "net_income_4q": null,
            "revenue": 1313951,
            "revenue_4q": null,
            "common_shares": 3320638,
            "book_valuer_per_share": 14.23,
            "book_valuer_per_share_4q_avg": 13.02,
            "equity": 4317093,
            "current_ratio": 134.01,
            "debt_ratio": 50.17,
            "inventory_turnover_ratio": 2,
            "account_receivable_turnover_ratio": 1.91,
            "reinvestment_rate": 415.79,
            "research_to_sale_ratio": null,
            "price_fair": 58.52,
            "eps_avg_yearly": 1.67,
            "eps_latest_yearly": 3.8,
            "eps_growth_yearly": 203.91
        },
        "20112": {
            "year_quarter": 20112,
            "year": 2011,
            "quarter": 2,
            "eps": -0.08,
            "eps_growth_year": -119.21,
            "eps_4q": 2.18,
            "eps_4q_growth_year": 215.31,
            "roe": -0.6,
            "roe_4q": 17.990000000000002,
            "gross_profit": -65003,
            "gross_margin": -7.26,
            "gross_margin_4q_avg": 6.77,
            "net_income": -25133,
            "net_income_4q": null,
            "revenue": 895861,
            "revenue_4q": null,
            "common_shares": 3320638,
            "book_valuer_per_share": 13.34,
            "book_valuer_per_share_4q_avg": 13.34,
            "equity": 4051985,
            "current_ratio": 132.98,
            "debt_ratio": 47.36,
            "inventory_turnover_ratio": 1.51,
            "account_receivable_turnover_ratio": 1.29,
            "reinvestment_rate": 489.18,
            "research_to_sale_ratio": null,
            "price_fair": 59.11,
            "eps_avg_yearly": 1.69,
            "eps_latest_yearly": 3.8,
            "eps_growth_yearly": 218.23
        },
        "20113": {
            "year_quarter": 20113,
            "year": 2011,
            "quarter": 3,
            "eps": 0.21,
            "eps_growth_year": -68.01,
            "eps_4q": 1.82,
            "eps_4q_growth_year": 36.29,
            "roe": 1.64,
            "roe_4q": 14.55,
            "gross_profit": 21176,
            "gross_margin": 1.87,
            "gross_margin_4q_avg": 5.27,
            "net_income": 66567,
            "net_income_4q": null,
            "revenue": 1135030,
            "revenue_4q": null,
            "common_shares": 3586289,
            "book_valuer_per_share": 12.45,
            "book_valuer_per_share_4q_avg": 13.35,
            "equity": 4084132,
            "current_ratio": 121.11,
            "debt_ratio": 52.12,
            "inventory_turnover_ratio": 1.67,
            "account_receivable_turnover_ratio": 1.18,
            "reinvestment_rate": 741.38,
            "research_to_sale_ratio": null,
            "price_fair": 57.23,
            "eps_avg_yearly": 1.64,
            "eps_latest_yearly": 3.8,
            "eps_growth_yearly": 225.78
        },
        "20114": {
            "year_quarter": 20114,
            "year": 2011,
            "quarter": 4,
            "eps": -0.1,
            "eps_growth_year": -111.03,
            "eps_4q": 0.9,
            "eps_4q_growth_year": -58.07,
            "roe": -0.76,
            "roe_4q": 6.98,
            "gross_profit": -90987,
            "gross_margin": -8.37,
            "gross_margin_4q_avg": -0.21,
            "net_income": -30814,
            "net_income_4q": null,
            "revenue": 1087114,
            "revenue_4q": null,
            "common_shares": 3586289,
            "book_valuer_per_share": 12.33,
            "book_valuer_per_share_4q_avg": 13.09,
            "equity": 4045307,
            "current_ratio": 123.72,
            "debt_ratio": 46.93,
            "inventory_turnover_ratio": 1.96,
            "account_receivable_turnover_ratio": 1.04,
            "reinvestment_rate": 463.67,
            "research_to_sale_ratio": null,
            "price_fair": 57.23,
            "eps_avg_yearly": 1.64,
            "eps_latest_yearly": 3.8,
            "eps_growth_yearly": 225.78
        },
        "20121": {
            "year_quarter": 20121,
            "year": 2012,
            "quarter": 1,
            "eps": -0.09,
            "eps_growth_year": -109.47,
            "eps_4q": -0.06,
            "eps_4q_growth_year": -102.11,
            "roe": -0.7,
            "roe_4q": -0.42000000000000004,
            "gross_profit": 18060,
            "gross_margin": 1.84,
            "gross_margin_4q_avg": -2.98,
            "net_income": -28282,
            "net_income_4q": null,
            "revenue": 981890,
            "revenue_4q": null,
            "common_shares": 3586289,
            "book_valuer_per_share": 12.3,
            "book_valuer_per_share_4q_avg": 12.61,
            "equity": 4037230,
            "current_ratio": 108.95,
            "debt_ratio": 47.85,
            "inventory_turnover_ratio": 2.17,
            "account_receivable_turnover_ratio": 1.22,
            "reinvestment_rate": 439.28,
            "research_to_sale_ratio": null,
            "price_fair": 57.23,
            "eps_avg_yearly": 1.64,
            "eps_latest_yearly": 3.8,
            "eps_growth_yearly": 225.78
        },
        "20122": {
            "year_quarter": 20122,
            "year": 2012,
            "quarter": 2,
            "eps": -0.08,
            "eps_growth_year": null,
            "eps_4q": -0.06,
            "eps_4q_growth_year": -102.88,
            "roe": -0.66,
            "roe_4q": -0.4800000000000002,
            "gross_profit": 20000,
            "gross_margin": 1.97,
            "gross_margin_4q_avg": -0.67,
            "net_income": -25876,
            "net_income_4q": null,
            "revenue": 1015458,
            "revenue_4q": null,
            "common_shares": 3586289,
            "book_valuer_per_share": 11.44,
            "book_valuer_per_share_4q_avg": 12.13,
            "equity": 3761811,
            "current_ratio": 111.61,
            "debt_ratio": 49.72,
            "inventory_turnover_ratio": 2.82,
            "account_receivable_turnover_ratio": 1.58,
            "reinvestment_rate": 322.47,
            "research_to_sale_ratio": null,
            "price_fair": 57.23,
            "eps_avg_yearly": 1.64,
            "eps_latest_yearly": 3.8,
            "eps_growth_yearly": 225.78
        },
        "20123": {
            "year_quarter": 20123,
            "year": 2012,
            "quarter": 3,
            "eps": 0.01,
            "eps_growth_year": -94,
            "eps_4q": -0.26,
            "eps_4q_growth_year": -114.12,
            "roe": 0.13,
            "roe_4q": -1.99,
            "gross_profit": 8134,
            "gross_margin": 0.8,
            "gross_margin_4q_avg": -0.94,
            "net_income": 4951,
            "net_income_4q": null,
            "revenue": 1011272,
            "revenue_4q": null,
            "common_shares": 3586289,
            "book_valuer_per_share": 11.56,
            "book_valuer_per_share_4q_avg": 11.91,
            "equity": 3800674,
            "current_ratio": 106.47,
            "debt_ratio": 47.62,
            "inventory_turnover_ratio": 3.4,
            "account_receivable_turnover_ratio": 1.7,
            "reinvestment_rate": 283.07,
            "research_to_sale_ratio": null,
            "price_fair": 57.23,
            "eps_avg_yearly": 1.64,
            "eps_latest_yearly": 3.8,
            "eps_growth_yearly": 225.78
        },
        "20124": {
            "year_quarter": 20124,
            "year": 2012,
            "quarter": 4,
            "eps": 0.02,
            "eps_growth_year": null,
            "eps_4q": -0.14,
            "eps_4q_growth_year": -115.36,
            "roe": 0.17,
            "roe_4q": -1.06,
            "gross_profit": 35395,
            "gross_margin": 3.75,
            "gross_margin_4q_avg": 2.09,
            "net_income": 6352,
            "net_income_4q": null,
            "revenue": 944826,
            "revenue_4q": null,
            "common_shares": 3586289,
            "book_valuer_per_share": 11.5,
            "book_valuer_per_share_4q_avg": 11.7,
            "equity": 3782503,
            "current_ratio": 112.47,
            "debt_ratio": 48.78,
            "inventory_turnover_ratio": 2.73,
            "account_receivable_turnover_ratio": 1.6,
            "reinvestment_rate": 192.35,
            "research_to_sale_ratio": null,
            "price_fair": 51.18,
            "eps_avg_yearly": 1.46,
            "eps_latest_yearly": 0.08,
            "eps_growth_yearly": 245.13
        },
        "20131": {
            "year_quarter": 20131,
            "year": 2013,
            "quarter": 1,
            "eps": -0.03,
            "eps_growth_year": null,
            "eps_4q": -0.08,
            "eps_4q_growth_year": null,
            "roe": -0.29,
            "roe_4q": -0.65,
            "gross_profit": 32385,
            "gross_margin": 3.61,
            "gross_margin_4q_avg": 2.53,
            "net_income": -11143,
            "net_income_4q": null,
            "revenue": 897470,
            "revenue_4q": null,
            "common_shares": 3586289,
            "book_valuer_per_share": 11.58,
            "book_valuer_per_share_4q_avg": 11.52,
            "equity": 3807588,
            "current_ratio": 126.3,
            "debt_ratio": 47.08,
            "inventory_turnover_ratio": 1.95,
            "account_receivable_turnover_ratio": 1.9,
            "reinvestment_rate": -27.99,
            "research_to_sale_ratio": null,
            "price_fair": 51.18,
            "eps_avg_yearly": 1.46,
            "eps_latest_yearly": 0.08,
            "eps_growth_yearly": 245.13
        },
        "20132": {
            "year_quarter": 20132,
            "year": 2013,
            "quarter": 2,
            "eps": -0.03,
            "eps_growth_year": null,
            "eps_4q": -0.03,
            "eps_4q_growth_year": null,
            "roe": -0.23,
            "roe_4q": -0.21999999999999997,
            "gross_profit": 21109,
            "gross_margin": 2.31,
            "gross_margin_4q_avg": 2.62,
            "net_income": -8739,
            "net_income_4q": null,
            "revenue": 914156,
            "revenue_4q": null,
            "common_shares": 3586289,
            "book_valuer_per_share": 11.57,
            "book_valuer_per_share_4q_avg": 11.55,
            "equity": 3801640,
            "current_ratio": 117.11,
            "debt_ratio": 49.57,
            "inventory_turnover_ratio": 1.69,
            "account_receivable_turnover_ratio": 2.15,
            "reinvestment_rate": -22.2,
            "research_to_sale_ratio": null,
            "price_fair": 56.35,
            "eps_avg_yearly": 1.61,
            "eps_latest_yearly": 0.08,
            "eps_growth_yearly": 319.04
        },
        "20133": {
            "year_quarter": 20133,
            "year": 2013,
            "quarter": 3,
            "eps": 0.16,
            "eps_growth_year": 1192.62,
            "eps_4q": 0.12,
            "eps_4q_growth_year": null,
            "roe": 1.34,
            "roe_4q": 0.9900000000000001,
            "gross_profit": 13213,
            "gross_margin": 1.2,
            "gross_margin_4q_avg": 2.72,
            "net_income": 51179,
            "net_income_4q": null,
            "revenue": 1104166,
            "revenue_4q": null,
            "common_shares": 3586289,
            "book_valuer_per_share": 11.68,
            "book_valuer_per_share_4q_avg": 11.58,
            "equity": 3829974,
            "current_ratio": 132.45,
            "debt_ratio": 47.83,
            "inventory_turnover_ratio": 2.08,
            "account_receivable_turnover_ratio": 2.39,
            "reinvestment_rate": -26.05,
            "research_to_sale_ratio": null,
            "price_fair": 63.8,
            "eps_avg_yearly": 1.82,
            "eps_latest_yearly": 0.08,
            "eps_growth_yearly": 397.28
        },
        "20134": {
            "year_quarter": 20134,
            "year": 2013,
            "quarter": 4,
            "eps": 0.46,
            "eps_growth_year": 2186.35,
            "eps_4q": 0.56,
            "eps_4q_growth_year": null,
            "roe": 3.71,
            "roe_4q": 4.529999999999999,
            "gross_profit": 24420,
            "gross_margin": 2.08,
            "gross_margin_4q_avg": 2.3,
            "net_income": 145176,
            "net_income_4q": null,
            "revenue": 1172719,
            "revenue_4q": null,
            "common_shares": 3586289,
            "book_valuer_per_share": 12.2,
            "book_valuer_per_share_4q_avg": 11.76,
            "equity": 3995195,
            "current_ratio": 150.08,
            "debt_ratio": 44.04,
            "inventory_turnover_ratio": 2.58,
            "account_receivable_turnover_ratio": 2.27,
            "reinvestment_rate": -283.44,
            "research_to_sale_ratio": null,
            "price_fair": 72,
            "eps_avg_yearly": 2.06,
            "eps_latest_yearly": 1.84,
            "eps_growth_yearly": 466.32
        },
        "20141": {
            "year_quarter": 20141,
            "year": 2014,
            "quarter": 1,
            "eps": 0.04,
            "eps_growth_year": null,
            "eps_4q": 0.63,
            "eps_4q_growth_year": null,
            "roe": 0.32,
            "roe_4q": 5.14,
            "gross_profit": 56270,
            "gross_margin": 5.56,
            "gross_margin_4q_avg": 2.79,
            "net_income": 12592,
            "net_income_4q": null,
            "revenue": 1011480,
            "revenue_4q": null,
            "common_shares": 3586289,
            "book_valuer_per_share": 12.13,
            "book_valuer_per_share_4q_avg": 11.9,
            "equity": 3972693,
            "current_ratio": 175.52,
            "debt_ratio": 43.08,
            "inventory_turnover_ratio": 2.48,
            "account_receivable_turnover_ratio": 1.88,
            "reinvestment_rate": -300.7,
            "research_to_sale_ratio": null,
            "price_fair": 68.4,
            "eps_avg_yearly": 1.95,
            "eps_latest_yearly": 0.16,
            "eps_growth_yearly": 219.86
        },
        "20142": {
            "year_quarter": 20142,
            "year": 2014,
            "quarter": 2,
            "eps": 0.08,
            "eps_growth_year": null,
            "eps_4q": 0.74,
            "eps_4q_growth_year": null,
            "roe": 0.62,
            "roe_4q": 5.99,
            "gross_profit": 51215,
            "gross_margin": 5.14,
            "gross_margin_4q_avg": 3.5,
            "net_income": 24797,
            "net_income_4q": null,
            "revenue": 995705,
            "revenue_4q": null,
            "common_shares": 3586289,
            "book_valuer_per_share": 12.22,
            "book_valuer_per_share_4q_avg": 12.06,
            "equity": 4000200,
            "current_ratio": 151.06,
            "debt_ratio": 49.07,
            "inventory_turnover_ratio": 2.45,
            "account_receivable_turnover_ratio": 2.25,
            "reinvestment_rate": -340.27,
            "research_to_sale_ratio": null,
            "price_fair": 61.8,
            "eps_avg_yearly": 1.77,
            "eps_latest_yearly": 0.32,
            "eps_growth_yearly": 227.66
        },
        "20143": {
            "year_quarter": 20143,
            "year": 2014,
            "quarter": 3,
            "eps": 0.33,
            "eps_growth_year": 106.25,
            "eps_4q": 0.91,
            "eps_4q_growth_year": 672.52,
            "roe": 2.7,
            "roe_4q": 7.35,
            "gross_profit": 29252,
            "gross_margin": 3.05,
            "gross_margin_4q_avg": 3.96,
            "net_income": 106307,
            "net_income_4q": null,
            "revenue": 957906,
            "revenue_4q": null,
            "common_shares": 3586289,
            "book_valuer_per_share": 11.85,
            "book_valuer_per_share_4q_avg": 12.1,
            "equity": 3885383,
            "current_ratio": 145.96,
            "debt_ratio": 50.19,
            "inventory_turnover_ratio": 2.25,
            "account_receivable_turnover_ratio": 2.5,
            "reinvestment_rate": -366.39,
            "research_to_sale_ratio": null,
            "price_fair": 55.4,
            "eps_avg_yearly": 1.58,
            "eps_latest_yearly": 1.32,
            "eps_growth_yearly": 372.78
        },
        "20144": {
            "year_quarter": 20144,
            "year": 2014,
            "quarter": 4,
            "eps": 0.11,
            "eps_growth_year": -77.11,
            "eps_4q": 0.56,
            "eps_4q_growth_year": -0.14,
            "roe": 0.83,
            "roe_4q": 4.470000000000001,
            "gross_profit": 40363,
            "gross_margin": 3.66,
            "gross_margin_4q_avg": 4.35,
            "net_income": 33381,
            "net_income_4q": null,
            "revenue": 1102927,
            "revenue_4q": null,
            "common_shares": 3586289,
            "book_valuer_per_share": 12.64,
            "book_valuer_per_share_4q_avg": 12.21,
            "equity": 4134772,
            "current_ratio": 163.89,
            "debt_ratio": 47.48,
            "inventory_turnover_ratio": 2.75,
            "account_receivable_turnover_ratio": 2.86,
            "reinvestment_rate": -519.22,
            "research_to_sale_ratio": null,
            "price_fair": 39.8,
            "eps_avg_yearly": 1.14,
            "eps_latest_yearly": 0.44,
            "eps_growth_yearly": 313.58
        },
        "20151": {
            "year_quarter": 20151,
            "year": 2015,
            "quarter": 1,
            "eps": 0.28,
            "eps_growth_year": 600,
            "eps_4q": 0.8,
            "eps_4q_growth_year": 26.18,
            "roe": 2.16,
            "roe_4q": 6.3100000000000005,
            "gross_profit": 110885,
            "gross_margin": 11.05,
            "gross_margin_4q_avg": 5.73,
            "net_income": 88569,
            "net_income_4q": null,
            "revenue": 1003256,
            "revenue_4q": null,
            "common_shares": 3586289,
            "book_valuer_per_share": 12.41,
            "book_valuer_per_share_4q_avg": 12.28,
            "equity": 4062285,
            "current_ratio": 156.41,
            "debt_ratio": 45.14,
            "inventory_turnover_ratio": 2.56,
            "account_receivable_turnover_ratio": 2.74,
            "reinvestment_rate": -763.39,
            "research_to_sale_ratio": null,
            "price_fair": 26.4,
            "eps_avg_yearly": 0.75,
            "eps_latest_yearly": 1.12,
            "eps_growth_yearly": 398.04
        },
        "20152": {
            "year_quarter": 20152,
            "year": 2015,
            "quarter": 2,
            "eps": 0.37,
            "eps_growth_year": 362.5,
            "eps_4q": 1.09,
            "eps_4q_growth_year": 47.51,
            "roe": 3.03,
            "roe_4q": 8.719999999999999,
            "gross_profit": 87184,
            "gross_margin": 8.93,
            "gross_margin_4q_avg": 6.67,
            "net_income": 116931,
            "net_income_4q": null,
            "revenue": 975952,
            "revenue_4q": null,
            "common_shares": 3586289,
            "book_valuer_per_share": 11.11,
            "book_valuer_per_share_4q_avg": 12,
            "equity": 3649813,
            "current_ratio": 131.7,
            "debt_ratio": 50.16,
            "inventory_turnover_ratio": 2.32,
            "account_receivable_turnover_ratio": 2.76,
            "reinvestment_rate": -559.7,
            "research_to_sale_ratio": null,
            "price_fair": 29.58,
            "eps_avg_yearly": 0.85,
            "eps_latest_yearly": 1.48,
            "eps_growth_yearly": 364.36
        },
        "20153": {
            "year_quarter": 20153,
            "year": 2015,
            "quarter": 3,
            "eps": 0.13,
            "eps_growth_year": -60.61,
            "eps_4q": 0.88,
            "eps_4q_growth_year": -4,
            "roe": 1.19,
            "roe_4q": 7.21,
            "gross_profit": 64966,
            "gross_margin": 6.76,
            "gross_margin_4q_avg": 7.6,
            "net_income": 42597,
            "net_income_4q": null,
            "revenue": 961239,
            "revenue_4q": null,
            "common_shares": 3586289,
            "book_valuer_per_share": 10.55,
            "book_valuer_per_share_4q_avg": 11.68,
            "equity": 3499746,
            "current_ratio": 121.76,
            "debt_ratio": 49.57,
            "inventory_turnover_ratio": 2.21,
            "account_receivable_turnover_ratio": 2.65,
            "reinvestment_rate": -619.31,
            "research_to_sale_ratio": null,
            "price_fair": 28.31,
            "eps_avg_yearly": 0.81,
            "eps_latest_yearly": 0.52,
            "eps_growth_yearly": 295.05
        },
        "20154": {
            "year_quarter": 20154,
            "year": 2015,
            "quarter": 4,
            "eps": -0.05,
            "eps_growth_year": -151.92,
            "eps_4q": 0.72,
            "eps_4q_growth_year": 28.42,
            "roe": -0.48,
            "roe_4q": 5.9,
            "gross_profit": 84563,
            "gross_margin": 8.59,
            "gross_margin_4q_avg": 8.83,
            "net_income": -17016,
            "net_income_4q": null,
            "revenue": 984346,
            "revenue_4q": null,
            "common_shares": 3586289,
            "book_valuer_per_share": 10.71,
            "book_valuer_per_share_4q_avg": 11.2,
            "equity": 3554666,
            "current_ratio": 139.3,
            "debt_ratio": 49.12,
            "inventory_turnover_ratio": 2.52,
            "account_receivable_turnover_ratio": 2.74,
            "reinvestment_rate": -592.68,
            "research_to_sale_ratio": null,
            "price_fair": 28.31,
            "eps_avg_yearly": 0.81,
            "eps_latest_yearly": 0.52,
            "eps_growth_yearly": 295.05
        },
        "20161": {
            "year_quarter": 20161,
            "year": 2016,
            "quarter": 1,
            "eps": -0.07,
            "eps_growth_year": -125,
            "eps_4q": 0.37,
            "eps_4q_growth_year": -53.49,
            "roe": -0.58,
            "roe_4q": 3.1599999999999997,
            "gross_profit": 51599,
            "gross_margin": 6.71,
            "gross_margin_4q_avg": 7.75,
            "net_income": -20820,
            "net_income_4q": null,
            "revenue": 769048,
            "revenue_4q": null,
            "common_shares": 3586289,
            "book_valuer_per_share": 10.75,
            "book_valuer_per_share_4q_avg": 10.78,
            "equity": 3566494,
            "current_ratio": 135.99,
            "debt_ratio": 49.81,
            "inventory_turnover_ratio": 2.02,
            "account_receivable_turnover_ratio": 2.3,
            "reinvestment_rate": -571.92,
            "research_to_sale_ratio": null,
            "price_fair": 28.31,
            "eps_avg_yearly": 0.81,
            "eps_latest_yearly": 0.52,
            "eps_growth_yearly": 295.05
        },
        "20162": {
            "year_quarter": 20162,
            "year": 2016,
            "quarter": 2,
            "eps": -0.04,
            "eps_growth_year": -110.81,
            "eps_4q": -0.04,
            "eps_4q_growth_year": -103.68,
            "roe": -0.4,
            "roe_4q": -0.27,
            "gross_profit": 20741,
            "gross_margin": 3.15,
            "gross_margin_4q_avg": 6.3,
            "net_income": -13680,
            "net_income_4q": null,
            "revenue": 658735,
            "revenue_4q": null,
            "common_shares": 3586289,
            "book_valuer_per_share": 10.07,
            "book_valuer_per_share_4q_avg": 10.52,
            "equity": 3347170,
            "current_ratio": 123.94,
            "debt_ratio": 53.19,
            "inventory_turnover_ratio": 1.41,
            "account_receivable_turnover_ratio": 2.42,
            "reinvestment_rate": -551.14,
            "research_to_sale_ratio": null,
            "price_fair": 28.31,
            "eps_avg_yearly": 0.81,
            "eps_latest_yearly": 0.52,
            "eps_growth_yearly": 295.05
        },
        "20163": {
            "year_quarter": 20163,
            "year": 2016,
            "quarter": 3,
            "eps": -0.08,
            "eps_growth_year": -161.54,
            "eps_4q": -0.24,
            "eps_4q_growth_year": -127.65,
            "roe": -0.73,
            "roe_4q": -2.19,
            "gross_profit": -7812,
            "gross_margin": -1.1,
            "gross_margin_4q_avg": 4.34,
            "net_income": -24440,
            "net_income_4q": null,
            "revenue": 713032,
            "revenue_4q": null,
            "common_shares": 3586289,
            "book_valuer_per_share": 10.11,
            "book_valuer_per_share_4q_avg": 10.41,
            "equity": 3359987,
            "current_ratio": 144.6,
            "debt_ratio": 52.77,
            "inventory_turnover_ratio": 1.42,
            "account_receivable_turnover_ratio": 3.12,
            "reinvestment_rate": -570.14,
            "research_to_sale_ratio": null,
            "price_fair": 28.31,
            "eps_avg_yearly": 0.81,
            "eps_latest_yearly": 0.52,
            "eps_growth_yearly": 295.05
        },
        "20164": {
            "year_quarter": 20164,
            "year": 2016,
            "quarter": 4,
            "eps": -1.19,
            "eps_growth_year": null,
            "eps_4q": -1.38,
            "eps_4q_growth_year": -292.69,
            "roe": -11.15,
            "roe_4q": -12.860000000000001,
            "gross_profit": 38029,
            "gross_margin": 4.72,
            "gross_margin_4q_avg": 3.37,
            "net_income": -378357,
            "net_income_4q": null,
            "revenue": 805955,
            "revenue_4q": null,
            "common_shares": 3586289,
            "book_valuer_per_share": 10.31,
            "book_valuer_per_share_4q_avg": 10.31,
            "equity": 3425496,
            "current_ratio": 157.09,
            "debt_ratio": 48.58,
            "inventory_turnover_ratio": 1.52,
            "account_receivable_turnover_ratio": 2.53,
            "reinvestment_rate": -2007.22,
            "research_to_sale_ratio": null,
            "price_fair": 31.5,
            "eps_avg_yearly": 0.9,
            "eps_latest_yearly": 0.52,
            "eps_growth_yearly": 281.93
        },
        "20171": {
            "year_quarter": 20171,
            "year": 2017,
            "quarter": 1,
            "eps": -0.18,
            "eps_growth_year": null,
            "eps_4q": -1.49,
            "eps_4q_growth_year": -501.31,
            "roe": -1.65,
            "roe_4q": -13.930000000000001,
            "gross_profit": 22591,
            "gross_margin": 2.96,
            "gross_margin_4q_avg": 2.43,
            "net_income": -55933,
            "net_income_4q": null,
            "revenue": 764050,
            "revenue_4q": null,
            "common_shares": 3586289,
            "book_valuer_per_share": 10.1,
            "book_valuer_per_share_4q_avg": 10.15,
            "equity": 3359346,
            "current_ratio": 149.04,
            "debt_ratio": 50.97,
            "inventory_turnover_ratio": 1.42,
            "account_receivable_turnover_ratio": 2.31,
            "reinvestment_rate": -685.02,
            "research_to_sale_ratio": null,
            "price_fair": 31.5,
            "eps_avg_yearly": 0.9,
            "eps_latest_yearly": 0.52,
            "eps_growth_yearly": 281.93
        },
        "20172": {
            "year_quarter": 20172,
            "year": 2017,
            "quarter": 2,
            "eps": 0,
            "eps_growth_year": null,
            "eps_4q": -1.45,
            "eps_4q_growth_year": null,
            "roe": 0,
            "roe_4q": -13.530000000000001,
            "gross_profit": 8853,
            "gross_margin": 1.04,
            "gross_margin_4q_avg": 1.91,
            "net_income": 91,
            "net_income_4q": null,
            "revenue": 848451,
            "revenue_4q": null,
            "common_shares": 3586289,
            "book_valuer_per_share": 10.48,
            "book_valuer_per_share_4q_avg": 10.25,
            "equity": 3477684,
            "current_ratio": 139.44,
            "debt_ratio": 55.56,
            "inventory_turnover_ratio": 1.68,
            "account_receivable_turnover_ratio": 2.59,
            "reinvestment_rate": -599.68,
            "research_to_sale_ratio": null,
            "price_fair": 31.5,
            "eps_avg_yearly": 0.9,
            "eps_latest_yearly": 0.52,
            "eps_growth_yearly": 281.93
        },
        "20173": {
            "year_quarter": 20173,
            "year": 2017,
            "quarter": 3,
            "eps": 0.35,
            "eps_growth_year": null,
            "eps_4q": -1.02,
            "eps_4q_growth_year": null,
            "roe": 3.13,
            "roe_4q": -9.67,
            "gross_profit": -5075,
            "gross_margin": -0.6,
            "gross_margin_4q_avg": 2.03,
            "net_income": 109565,
            "net_income_4q": null,
            "revenue": 846501,
            "revenue_4q": null,
            "common_shares": 3586289,
            "book_valuer_per_share": 10.66,
            "book_valuer_per_share_4q_avg": 10.39,
            "equity": 3530736,
            "current_ratio": 144.58,
            "debt_ratio": 50.54,
            "inventory_turnover_ratio": 1.91,
            "account_receivable_turnover_ratio": 2.14,
            "reinvestment_rate": -290.62,
            "research_to_sale_ratio": null,
            "price_fair": 31.5,
            "eps_avg_yearly": 0.9,
            "eps_latest_yearly": 0.52,
            "eps_growth_yearly": 281.93
        },
        "20174": {
            "year_quarter": 20174,
            "year": 2017,
            "quarter": 4,
            "eps": 0.13,
            "eps_growth_year": null,
            "eps_4q": 0.3,
            "eps_4q_growth_year": null,
            "roe": 1.18,
            "roe_4q": 2.6599999999999997,
            "gross_profit": 16701,
            "gross_margin": 1.76,
            "gross_margin_4q_avg": 1.29,
            "net_income": 41996,
            "net_income_4q": null,
            "revenue": 947411,
            "revenue_4q": null,
            "common_shares": 3586289,
            "book_valuer_per_share": 10.89,
            "book_valuer_per_share_4q_avg": 10.53,
            "equity": 3603101,
            "current_ratio": 145.13,
            "debt_ratio": 52.14,
            "inventory_turnover_ratio": 2.34,
            "account_receivable_turnover_ratio": 2.04,
            "reinvestment_rate": -615.75,
            "research_to_sale_ratio": null,
            "price_fair": 25.73,
            "eps_avg_yearly": 0.74,
            "eps_latest_yearly": 0.52,
            "eps_growth_yearly": 156.75
        },
        "20181": {
            "year_quarter": 20181,
            "year": 2018,
            "quarter": 1,
            "eps": 0.07,
            "eps_growth_year": null,
            "eps_4q": 0.55,
            "eps_4q_growth_year": null,
            "roe": 0.63,
            "roe_4q": 4.9399999999999995,
            "gross_profit": 18776,
            "gross_margin": 2.14,
            "gross_margin_4q_avg": 1.09,
            "net_income": 22589,
            "net_income_4q": null,
            "revenue": 876409,
            "revenue_4q": null,
            "common_shares": 3586289,
            "book_valuer_per_share": 10.91,
            "book_valuer_per_share_4q_avg": 10.74,
            "equity": 3610463,
            "current_ratio": 144.39,
            "debt_ratio": 52.04,
            "inventory_turnover_ratio": 1.97,
            "account_receivable_turnover_ratio": 1.85,
            "reinvestment_rate": -981.76,
            "research_to_sale_ratio": null,
            "price_fair": 26.25,
            "eps_avg_yearly": 0.75,
            "eps_latest_yearly": 0.28,
            "eps_growth_yearly": 179.32
        },
        "20182": {
            "year_quarter": 20182,
            "year": 2018,
            "quarter": 2,
            "eps": 0.36,
            "eps_growth_year": null,
            "eps_4q": 0.91,
            "eps_4q_growth_year": null,
            "roe": 3.11,
            "roe_4q": 8.05,
            "gross_profit": 27997,
            "gross_margin": 3.08,
            "gross_margin_4q_avg": 1.6,
            "net_income": 113806,
            "net_income_4q": null,
            "revenue": 908992,
            "revenue_4q": null,
            "common_shares": 3586289,
            "book_valuer_per_share": 11.22,
            "book_valuer_per_share_4q_avg": 10.92,
            "equity": 3707977,
            "current_ratio": 140.34,
            "debt_ratio": 56.5,
            "inventory_turnover_ratio": 1.59,
            "account_receivable_turnover_ratio": 1.95,
            "reinvestment_rate": -431.09,
            "research_to_sale_ratio": null,
            "price_fair": 31.15,
            "eps_avg_yearly": 0.89,
            "eps_latest_yearly": 1.44,
            "eps_growth_yearly": 336.47
        },
        "20183": {
            "year_quarter": 20183,
            "year": 2018,
            "quarter": 3,
            "eps": -0.09,
            "eps_growth_year": -125.71,
            "eps_4q": 0.47,
            "eps_4q_growth_year": null,
            "roe": -0.77,
            "roe_4q": 4.1499999999999995,
            "gross_profit": 4320,
            "gross_margin": 0.5,
            "gross_margin_4q_avg": 1.87,
            "net_income": -28366,
            "net_income_4q": null,
            "revenue": 867054,
            "revenue_4q": null,
            "common_shares": 3586289,
            "book_valuer_per_share": 11.01,
            "book_valuer_per_share_4q_avg": 11.01,
            "equity": 3641113,
            "current_ratio": 130.77,
            "debt_ratio": 55.88,
            "inventory_turnover_ratio": 1.32,
            "account_receivable_turnover_ratio": 1.85,
            "reinvestment_rate": -3083.47,
            "research_to_sale_ratio": null,
            "price_fair": 29,
            "eps_avg_yearly": 0.83,
            "eps_latest_yearly": 1.44,
            "eps_growth_yearly": 205.96
        },
        "20184": {
            "year_quarter": 20184,
            "year": 2018,
            "quarter": 4,
            "eps": -1.52,
            "eps_growth_year": -1250.22,
            "eps_4q": -1.18,
            "eps_4q_growth_year": -492.92,
            "roe": -14.2,
            "roe_4q": -11.229999999999999,
            "gross_profit": -44711,
            "gross_margin": -5.16,
            "gross_margin_4q_avg": 0.14,
            "net_income": -482087,
            "net_income_4q": null,
            "revenue": 866793,
            "revenue_4q": null,
            "common_shares": 3586289,
            "book_valuer_per_share": 9.45,
            "book_valuer_per_share_4q_avg": 10.65,
            "equity": 3147128,
            "current_ratio": 127.22,
            "debt_ratio": 55.45,
            "inventory_turnover_ratio": 1.46,
            "account_receivable_turnover_ratio": 1.99,
            "reinvestment_rate": null,
            "research_to_sale_ratio": null,
            "price_fair": 31.27,
            "eps_avg_yearly": 0.89,
            "eps_latest_yearly": 1.44,
            "eps_growth_yearly": 284.73
        },
        "20191": {
            "year_quarter": 20191,
            "year": 2019,
            "quarter": 1,
            "eps": 0.22,
            "eps_growth_year": 214.29,
            "eps_4q": -1.03,
            "eps_4q_growth_year": -287.9,
            "roe": 2.2,
            "roe_4q": -9.66,
            "gross_profit": 162,
            "gross_margin": 0.02,
            "gross_margin_4q_avg": -0.39,
            "net_income": 70505,
            "net_income_4q": null,
            "revenue": 915518,
            "revenue_4q": null,
            "common_shares": 3586289,
            "book_valuer_per_share": 9.8,
            "book_valuer_per_share_4q_avg": 10.37,
            "equity": 3257820,
            "current_ratio": 125.55,
            "debt_ratio": 54.24,
            "inventory_turnover_ratio": 1.97,
            "account_receivable_turnover_ratio": 2.03,
            "reinvestment_rate": null,
            "research_to_sale_ratio": null,
            "price_fair": 29.68,
            "eps_avg_yearly": 0.85,
            "eps_latest_yearly": 1.44,
            "eps_growth_yearly": 218.04
        },
        "20192": {
            "year_quarter": 20192,
            "year": 2019,
            "quarter": 2,
            "eps": -0.19,
            "eps_growth_year": -152.78,
            "eps_4q": -1.58,
            "eps_4q_growth_year": -274.06,
            "roe": -1.86,
            "roe_4q": -14.629999999999999,
            "gross_profit": 14062,
            "gross_margin": 1.68,
            "gross_margin_4q_avg": -0.74,
            "net_income": -60104,
            "net_income_4q": null,
            "revenue": 835676,
            "revenue_4q": null,
            "common_shares": 3586289,
            "book_valuer_per_share": 9.59,
            "book_valuer_per_share_4q_avg": 9.96,
            "equity": 3192235,
            "current_ratio": 133.84,
            "debt_ratio": 47.99,
            "inventory_turnover_ratio": 2.34,
            "account_receivable_turnover_ratio": 2.16,
            "reinvestment_rate": null,
            "research_to_sale_ratio": null,
            "price_fair": 24.15,
            "eps_avg_yearly": 0.69,
            "eps_latest_yearly": 1.44,
            "eps_growth_yearly": 240.41
        },
        "20193": {
            "year_quarter": 20193,
            "year": 2019,
            "quarter": 3,
            "eps": -0.38,
            "eps_growth_year": null,
            "eps_4q": -1.87,
            "eps_4q_growth_year": -497.17,
            "roe": -3.91,
            "roe_4q": -17.77,
            "gross_profit": -34254,
            "gross_margin": -5.11,
            "gross_margin_4q_avg": -2.14,
            "net_income": -121739,
            "net_income_4q": null,
            "revenue": 670084,
            "revenue_4q": null,
            "common_shares": 3586289,
            "book_valuer_per_share": 9.11,
            "book_valuer_per_share_4q_avg": 9.49,
            "equity": 3039311,
            "current_ratio": 123.92,
            "debt_ratio": 50.49,
            "inventory_turnover_ratio": 2.16,
            "account_receivable_turnover_ratio": 2.22,
            "reinvestment_rate": null,
            "research_to_sale_ratio": null,
            "price_fair": 26.13,
            "eps_avg_yearly": 0.75,
            "eps_latest_yearly": 1.44,
            "eps_growth_yearly": 407.03
        },
        "20194": {
            "year_quarter": 20194,
            "year": 2019,
            "quarter": 4,
            "eps": 0.08,
            "eps_growth_year": null,
            "eps_4q": -0.27,
            "eps_4q_growth_year": null,
            "roe": 0.88,
            "roe_4q": -2.6900000000000004,
            "gross_profit": -15309,
            "gross_margin": -2.18,
            "gross_margin_4q_avg": -1.4,
            "net_income": 26876,
            "net_income_4q": null,
            "revenue": 700946,
            "revenue_4q": null,
            "common_shares": 3586289,
            "book_valuer_per_share": 9.2,
            "book_valuer_per_share_4q_avg": 9.43,
            "equity": 3068552,
            "current_ratio": 139.82,
            "debt_ratio": 49.64,
            "inventory_turnover_ratio": 2.34,
            "account_receivable_turnover_ratio": 2.76,
            "reinvestment_rate": null,
            "research_to_sale_ratio": null,
            "price_fair": 26.13,
            "eps_avg_yearly": 0.75,
            "eps_latest_yearly": 1.44,
            "eps_growth_yearly": 407.03
        },
        "20201": {
            "year_quarter": 20201,
            "year": 2020,
            "quarter": 1,
            "eps": -1.09,
            "eps_growth_year": -595.45,
            "eps_4q": -1.58,
            "eps_4q_growth_year": null,
            "roe": -12.08,
            "roe_4q": -16.97,
            "gross_profit": 1501,
            "gross_margin": 0.27,
            "gross_margin_4q_avg": -1.34,
            "net_income": -345319,
            "net_income_4q": null,
            "revenue": 561247,
            "revenue_4q": null,
            "common_shares": 3586289,
            "book_valuer_per_share": 7.88,
            "book_valuer_per_share_4q_avg": 8.95,
            "equity": 2648400,
            "current_ratio": 97.63,
            "debt_ratio": 57.42,
            "inventory_turnover_ratio": 1.76,
            "account_receivable_turnover_ratio": 2.83,
            "reinvestment_rate": null,
            "research_to_sale_ratio": null,
            "price_fair": 26.13,
            "eps_avg_yearly": 0.75,
            "eps_latest_yearly": 1.44,
            "eps_growth_yearly": 407.03
        },
        "20202": {
            "year_quarter": 20202,
            "year": 2020,
            "quarter": 2,
            "eps": 0.3,
            "eps_growth_year": null,
            "eps_4q": -1.08,
            "eps_4q_growth_year": null,
            "roe": 3.54,
            "roe_4q": -11.57,
            "gross_profit": -71333,
            "gross_margin": -28.88,
            "gross_margin_4q_avg": -8.98,
            "net_income": 96915,
            "net_income_4q": null,
            "revenue": 246992,
            "revenue_4q": null,
            "common_shares": 3586289,
            "book_valuer_per_share": 8.42,
            "book_valuer_per_share_4q_avg": 8.65,
            "equity": 2820580,
            "current_ratio": 97.63,
            "debt_ratio": 56.6,
            "inventory_turnover_ratio": 0.82,
            "account_receivable_turnover_ratio": 2.03,
            "reinvestment_rate": null,
            "research_to_sale_ratio": null,
            "price_fair": 26.13,
            "eps_avg_yearly": 0.75,
            "eps_latest_yearly": 1.44,
            "eps_growth_yearly": 407.03
        },
        "20203": {
            "year_quarter": 20203,
            "year": 2020,
            "quarter": 3,
            "eps": -0.15,
            "eps_growth_year": null,
            "eps_4q": -0.85,
            "eps_4q_growth_year": null,
            "roe": -1.65,
            "roe_4q": -9.309999999999999,
            "gross_profit": -35054,
            "gross_margin": -9.39,
            "gross_margin_4q_avg": -10.05,
            "net_income": -46211,
            "net_income_4q": null,
            "revenue": 373142,
            "revenue_4q": null,
            "common_shares": 3586289,
            "book_valuer_per_share": 8.33,
            "book_valuer_per_share_4q_avg": 8.46,
            "equity": 2790578,
            "current_ratio": 105.15,
            "debt_ratio": 54.27,
            "inventory_turnover_ratio": 1.11,
            "account_receivable_turnover_ratio": 3.53,
            "reinvestment_rate": null,
            "research_to_sale_ratio": null,
            "price_fair": 26.13,
            "eps_avg_yearly": 0.75,
            "eps_latest_yearly": 1.44,
            "eps_growth_yearly": 407.03
        },
        "20204": {
            "year_quarter": 20204,
            "year": 2020,
            "quarter": 4,
            "eps": 0.35,
            "eps_growth_year": 314.39,
            "eps_4q": -0.58,
            "eps_4q_growth_year": null,
            "roe": 3.88,
            "roe_4q": -6.3100000000000005,
            "gross_profit": 18924,
            "gross_margin": 3.14,
            "gross_margin_4q_avg": -8.72,
            "net_income": 110908,
            "net_income_4q": null,
            "revenue": 602353,
            "revenue_4q": null,
            "common_shares": 3586289,
            "book_valuer_per_share": 8.77,
            "book_valuer_per_share_4q_avg": 8.35,
            "equity": 2931160,
            "current_ratio": 138.94,
            "debt_ratio": 51.09,
            "inventory_turnover_ratio": 2.1,
            "account_receivable_turnover_ratio": 3.41,
            "reinvestment_rate": null,
            "research_to_sale_ratio": null,
            "price_fair": 26.13,
            "eps_avg_yearly": 0.75,
            "eps_latest_yearly": 1.44,
            "eps_growth_yearly": 407.03
        },
        "20211": {
            "year_quarter": 20211,
            "year": 2021,
            "quarter": 1,
            "eps": 0.48,
            "eps_growth_year": null,
            "eps_4q": 0.99,
            "eps_4q_growth_year": null,
            "roe": 5.07,
            "roe_4q": 10.84,
            "gross_profit": 53301,
            "gross_margin": 7.9,
            "gross_margin_4q_avg": -6.81,
            "net_income": 152597,
            "net_income_4q": null,
            "revenue": 674591,
            "revenue_4q": null,
            "common_shares": 3586289,
            "book_valuer_per_share": 9.28,
            "book_valuer_per_share_4q_avg": 8.7,
            "equity": 3092916,
            "current_ratio": 137.95,
            "debt_ratio": 51.1,
            "inventory_turnover_ratio": 2.56,
            "account_receivable_turnover_ratio": 2.93,
            "reinvestment_rate": null,
            "research_to_sale_ratio": null,
            "price_fair": 36.4,
            "eps_avg_yearly": 1.04,
            "eps_latest_yearly": 1.92,
            "eps_growth_yearly": 342.42
        },
        "20212": {
            "year_quarter": 20212,
            "year": 2021,
            "quarter": 2,
            "eps": 0.47,
            "eps_growth_year": 56.67,
            "eps_4q": 1.15,
            "eps_4q_growth_year": null,
            "roe": 4.71,
            "roe_4q": 12.01,
            "gross_profit": 38216,
            "gross_margin": 6.38,
            "gross_margin_4q_avg": 2.01,
            "net_income": 149582,
            "net_income_4q": null,
            "revenue": 598869,
            "revenue_4q": null,
            "common_shares": 3586289,
            "book_valuer_per_share": 9.82,
            "book_valuer_per_share_4q_avg": 9.05,
            "equity": 3265228,
            "current_ratio": 144.17,
            "debt_ratio": 49.96,
            "inventory_turnover_ratio": 1.94,
            "account_receivable_turnover_ratio": 2.77,
            "reinvestment_rate": null,
            "research_to_sale_ratio": null,
            "price_fair": 42.28,
            "eps_avg_yearly": 1.21,
            "eps_latest_yearly": 1.88,
            "eps_growth_yearly": 272.27
        },
        "20213": {
            "year_quarter": 20213,
            "year": 2021,
            "quarter": 3,
            "eps": 0.89,
            "eps_growth_year": null,
            "eps_4q": 2.19,
            "eps_4q_growth_year": null,
            "roe": 12.21,
            "roe_4q": 25.87,
            "gross_profit": 5667,
            "gross_margin": 0.93,
            "gross_margin_4q_avg": 4.59,
            "net_income": 405869,
            "net_income_4q": null,
            "revenue": 611127,
            "revenue_4q": null,
            "common_shares": 3586289,
            "book_valuer_per_share": 10.65,
            "book_valuer_per_share_4q_avg": 9.63,
            "equity": 3381302,
            "current_ratio": 164.21,
            "debt_ratio": 49.73,
            "inventory_turnover_ratio": 1.9,
            "account_receivable_turnover_ratio": 3.34,
            "reinvestment_rate": null,
            "research_to_sale_ratio": null,
            "price_fair": 56,
            "eps_avg_yearly": 1.6,
            "eps_latest_yearly": 3.56,
            "eps_growth_yearly": 286.46
        },
        "20214": {
            "year_quarter": 20214,
            "year": 2021,
            "quarter": 4,
            "eps": 0.17,
            "eps_growth_year": -51.76,
            "eps_4q": 2.01,
            "eps_4q_growth_year": null,
            "roe": 1.56,
            "roe_4q": 23.55,
            "gross_profit": 5479,
            "gross_margin": 0.94,
            "gross_margin_4q_avg": 4.04,
            "net_income": 53424,
            "net_income_4q": null,
            "revenue": 584869,
            "revenue_4q": null,
            "common_shares": 3586289,
            "book_valuer_per_share": 10.88,
            "book_valuer_per_share_4q_avg": 10.16,
            "equity": 3453590,
            "current_ratio": 196.89,
            "debt_ratio": 46.87,
            "inventory_turnover_ratio": 1.97,
            "account_receivable_turnover_ratio": 2.97,
            "reinvestment_rate": null,
            "research_to_sale_ratio": null,
            "price_fair": 56.93,
            "eps_avg_yearly": 1.63,
            "eps_latest_yearly": 0.68,
            "eps_growth_yearly": 274.44
        },
        "20221": {
            "year_quarter": 20221,
            "year": 2022,
            "quarter": 1,
            "eps": null,
            "eps_growth_year": null,
            "eps_4q": null,
            "eps_4q_growth_year": null,
            "roe": null,
            "roe_4q": 18.48,
            "gross_profit": null,
            "gross_margin": null,
            "gross_margin_4q_avg": 2.06,
            "net_income": null,
            "net_income_4q": null,
            "revenue": null,
            "revenue_4q": null,
            "common_shares": null,
            "book_valuer_per_share": 11.23,
            "book_valuer_per_share_4q_avg": 10.65,
            "equity": null,
            "current_ratio": null,
            "debt_ratio": null,
            "inventory_turnover_ratio": null,
            "account_receivable_turnover_ratio": null,
            "reinvestment_rate": null,
            "research_to_sale_ratio": null,
            "price_fair": 66.36,
            "eps_avg_yearly": 1.9,
            "eps_latest_yearly": 0.68,
            "eps_growth_yearly": 366.25
        },
        "20222": {
            "year_quarter": 20222,
            "year": 2022,
            "quarter": 2,
            "eps": -1.03,
            "eps_growth_year": -319.15,
            "eps_4q": null,
            "eps_4q_growth_year": null,
            "roe": -10.7,
            "roe_4q": 3.070000000000002,
            "gross_profit": 29987,
            "gross_margin": 5,
            "gross_margin_4q_avg": 1.72,
            "net_income": -326217,
            "net_income_4q": null,
            "revenue": 599914,
            "revenue_4q": null,
            "common_shares": 3586289,
            "book_valuer_per_share": 9.6,
            "book_valuer_per_share_4q_avg": 10.59,
            "equity": 3047828,
            "current_ratio": 153.38,
            "debt_ratio": 49.35,
            "inventory_turnover_ratio": 1.82,
            "account_receivable_turnover_ratio": 6.54,
            "reinvestment_rate": null,
            "research_to_sale_ratio": null,
            "price_fair": 70.35,
            "eps_avg_yearly": 2.01,
            "eps_latest_yearly": 0.68,
            "eps_growth_yearly": 43.52
        },
        "20223": {
            "year_quarter": 20223,
            "year": 2022,
            "quarter": 3,
            "eps": -0.7,
            "eps_growth_year": -178.65,
            "eps_4q": null,
            "eps_4q_growth_year": null,
            "roe": -7.6,
            "roe_4q": -16.74,
            "gross_profit": -25288,
            "gross_margin": -6.26,
            "gross_margin_4q_avg": -0.08,
            "net_income": -221533,
            "net_income_4q": null,
            "revenue": 403821,
            "revenue_4q": null,
            "common_shares": 3586289,
            "book_valuer_per_share": 8.77,
            "book_valuer_per_share_4q_avg": 10.12,
            "equity": 2783493,
            "current_ratio": 134.86,
            "debt_ratio": 49.01,
            "inventory_turnover_ratio": 1.34,
            "account_receivable_turnover_ratio": 2.64,
            "reinvestment_rate": null,
            "research_to_sale_ratio": null,
            "price_fair": 70.35,
            "eps_avg_yearly": 2.01,
            "eps_latest_yearly": 0.68,
            "eps_growth_yearly": 43.52
        },
        "20224": {
            "year_quarter": 20224,
            "year": 2022,
            "quarter": 4,
            "eps": 0.06,
            "eps_growth_year": -65.66,
            "eps_4q": null,
            "eps_4q_growth_year": null,
            "roe": 0.66,
            "roe_4q": -17.64,
            "gross_profit": -24854,
            "gross_margin": -6.97,
            "gross_margin_4q_avg": -2.06,
            "net_income": 18347,
            "net_income_4q": null,
            "revenue": 356587,
            "revenue_4q": null,
            "common_shares": 3586289,
            "book_valuer_per_share": 8.87,
            "book_valuer_per_share_4q_avg": 9.62,
            "equity": 2817443,
            "current_ratio": 148.9,
            "debt_ratio": 48.25,
            "inventory_turnover_ratio": 1.2,
            "account_receivable_turnover_ratio": 2.74,
            "reinvestment_rate": null,
            "research_to_sale_ratio": null,
            "price_fair": 70.35,
            "eps_avg_yearly": 2.01,
            "eps_latest_yearly": 0.68,
            "eps_growth_yearly": 43.52
        },
        "20231": {
            "year_quarter": 20231,
            "year": 2023,
            "quarter": 1,
            "eps": -0.03,
            "eps_growth_year": null,
            "eps_4q": -1.69,
            "eps_4q_growth_year": null,
            "roe": -0.31,
            "roe_4q": -17.95,
            "gross_profit": -44963,
            "gross_margin": -16.96,
            "gross_margin_4q_avg": -6.3,
            "net_income": -8693,
            "net_income_4q": null,
            "revenue": 265156,
            "revenue_4q": null,
            "common_shares": 3586289,
            "book_valuer_per_share": 8.95,
            "book_valuer_per_share_4q_avg": 9.05,
            "equity": 2840951,
            "current_ratio": 150.62,
            "debt_ratio": 42.81,
            "inventory_turnover_ratio": 1.09,
            "account_receivable_turnover_ratio": 2.72,
            "reinvestment_rate": null,
            "research_to_sale_ratio": null,
            "price_fair": 70.35,
            "eps_avg_yearly": 2.01,
            "eps_latest_yearly": 0.68,
            "eps_growth_yearly": 43.52
        },
        "20232": {
            "year_quarter": 20232,
            "year": 2023,
            "quarter": 2,
            "eps": 0.14,
            "eps_growth_year": null,
            "eps_4q": -0.53,
            "eps_4q_growth_year": null,
            "roe": 1.56,
            "roe_4q": -5.6899999999999995,
            "gross_profit": -41544,
            "gross_margin": -18.38,
            "gross_margin_4q_avg": -12.14,
            "net_income": 43954,
            "net_income_4q": null,
            "revenue": 226074,
            "revenue_4q": null,
            "common_shares": 3586289,
            "book_valuer_per_share": 8.78,
            "book_valuer_per_share_4q_avg": 8.84,
            "equity": 2787842,
            "current_ratio": 136.44,
            "debt_ratio": 40.65,
            "inventory_turnover_ratio": 1.11,
            "account_receivable_turnover_ratio": 2.99,
            "reinvestment_rate": null,
            "research_to_sale_ratio": null,
            "price_fair": 70.35,
            "eps_avg_yearly": 2.01,
            "eps_latest_yearly": 0.68,
            "eps_growth_yearly": 43.52
        },
        "20233": {
            "year_quarter": 20233,
            "year": 2023,
            "quarter": 3,
            "eps": 0.15,
            "eps_growth_year": null,
            "eps_4q": 0.32,
            "eps_4q_growth_year": null,
            "roe": 1.74,
            "roe_4q": 3.65,
            "gross_profit": -53320,
            "gross_margin": -19.46,
            "gross_margin_4q_avg": -15.44,
            "net_income": 48631,
            "net_income_4q": null,
            "revenue": 274031,
            "revenue_4q": null,
            "common_shares": 3586289,
            "book_valuer_per_share": 8.84,
            "book_valuer_per_share_4q_avg": 8.86,
            "equity": 2807112,
            "current_ratio": 117.99,
            "debt_ratio": 39.64,
            "inventory_turnover_ratio": 1.6,
            "account_receivable_turnover_ratio": 2.89,
            "reinvestment_rate": null,
            "research_to_sale_ratio": null,
            "price_fair": 60.48,
            "eps_avg_yearly": 1.73,
            "eps_latest_yearly": 0.6,
            "eps_growth_yearly": 40.53
        },
        "20234": {
            "year_quarter": 20234,
            "year": 2023,
            "quarter": 4,
            "eps": -0.19,
            "eps_growth_year": -428.97,
            "eps_4q": 0.07,
            "eps_4q_growth_year": null,
            "roe": -2.16,
            "roe_4q": 0.8299999999999998,
            "gross_profit": -16961,
            "gross_margin": -3.87,
            "gross_margin_4q_avg": -14.67,
            "net_income": -60357,
            "net_income_4q": null,
            "revenue": 438502,
            "revenue_4q": null,
            "common_shares": 3586289,
            "book_valuer_per_share": 8.8,
            "book_valuer_per_share_4q_avg": 8.84,
            "equity": 2792357,
            "current_ratio": 115.65,
            "debt_ratio": 39.17,
            "inventory_turnover_ratio": 2.56,
            "account_receivable_turnover_ratio": 3.68,
            "reinvestment_rate": null,
            "research_to_sale_ratio": null,
            "price_fair": 60.48,
            "eps_avg_yearly": 1.73,
            "eps_latest_yearly": 0.6,
            "eps_growth_yearly": 40.53
        }
    },
    "months": {
        "2001-06": {
            "month": "2001-06",
            "price": "6.22",
            "revenue": 224370
        },
        "2001-07": {
            "month": "2001-07",
            "price": "5.89",
            "revenue": 194993
        },
        "2001-08": {
            "month": "2001-08",
            "price": "7.21",
            "revenue": 248701
        },
        "2001-09": {
            "month": "2001-09",
            "price": "8.02",
            "revenue": 208470
        },
        "2001-10": {
            "month": "2001-10",
            "price": "6.44",
            "revenue": 209343
        },
        "2001-11": {
            "month": "2001-11",
            "price": "7.48",
            "revenue": 194170
        },
        "2001-12": {
            "month": "2001-12",
            "price": "8.73",
            "revenue": 160696
        },
        "2002-01": {
            "month": "2002-01",
            "price": "9.42",
            "revenue": 174289
        },
        "2002-02": {
            "month": "2002-02",
            "price": "10.34",
            "revenue": 167193
        },
        "2002-03": {
            "month": "2002-03",
            "price": "13.27",
            "revenue": 307650
        },
        "2002-04": {
            "month": "2002-04",
            "price": "13.93",
            "revenue": 355057
        },
        "2002-05": {
            "month": "2002-05",
            "price": "12.81",
            "revenue": 173493
        },
        "2002-06": {
            "month": "2002-06",
            "price": "11.22",
            "revenue": 213564
        },
        "2002-07": {
            "month": "2002-07",
            "price": "10.22",
            "revenue": 193893
        },
        "2002-08": {
            "month": "2002-08",
            "price": "11.41",
            "revenue": 263340
        },
        "2002-09": {
            "month": "2002-09",
            "price": "10.01",
            "revenue": 228562
        },
        "2002-10": {
            "month": "2002-10",
            "price": "8.46",
            "revenue": 285521
        },
        "2002-11": {
            "month": "2002-11",
            "price": "9.85",
            "revenue": 237624
        },
        "2002-12": {
            "month": "2002-12",
            "price": "10.77",
            "revenue": 226491
        },
        "2003-01": {
            "month": "2003-01",
            "price": "13.44",
            "revenue": 269165
        },
        "2003-02": {
            "month": "2003-02",
            "price": "11.45",
            "revenue": 294904
        },
        "2003-03": {
            "month": "2003-03",
            "price": "10.10",
            "revenue": 301864
        },
        "2003-04": {
            "month": "2003-04",
            "price": "9.31",
            "revenue": 246957
        },
        "2003-05": {
            "month": "2003-05",
            "price": "8.13",
            "revenue": 260079
        },
        "2003-06": {
            "month": "2003-06",
            "price": "9.87",
            "revenue": 238151
        },
        "2003-07": {
            "month": "2003-07",
            "price": "9.66",
            "revenue": 230385
        },
        "2003-08": {
            "month": "2003-08",
            "price": "9.17",
            "revenue": 294704
        },
        "2003-09": {
            "month": "2003-09",
            "price": "8.79",
            "revenue": 247501
        },
        "2003-10": {
            "month": "2003-10",
            "price": "9.80",
            "revenue": 252742
        },
        "2003-11": {
            "month": "2003-11",
            "price": "10.84",
            "revenue": 213021
        },
        "2003-12": {
            "month": "2003-12",
            "price": "10.70",
            "revenue": 192123
        },
        "2004-01": {
            "month": "2004-01",
            "price": "11.48",
            "revenue": 181327
        },
        "2004-02": {
            "month": "2004-02",
            "price": "11.27",
            "revenue": 273717
        },
        "2004-03": {
            "month": "2004-03",
            "price": "10.68",
            "revenue": 330808
        },
        "2004-04": {
            "month": "2004-04",
            "price": "11.09",
            "revenue": 322779
        },
        "2004-05": {
            "month": "2004-05",
            "price": "10.12",
            "revenue": 358811
        },
        "2004-06": {
            "month": "2004-06",
            "price": "9.19",
            "revenue": 278689
        },
        "2004-07": {
            "month": "2004-07",
            "price": "8.41",
            "revenue": 295650
        },
        "2004-08": {
            "month": "2004-08",
            "price": "8.47",
            "revenue": 315952
        },
        "2004-09": {
            "month": "2004-09",
            "price": "10.32",
            "revenue": 283642
        },
        "2004-10": {
            "month": "2004-10",
            "price": "10.33",
            "revenue": 237347
        },
        "2004-11": {
            "month": "2004-11",
            "price": "10.15",
            "revenue": 217071
        },
        "2004-12": {
            "month": "2004-12",
            "price": "10.27",
            "revenue": 162806
        },
        "2005-01": {
            "month": "2005-01",
            "price": "10.15",
            "revenue": 268677
        },
        "2005-02": {
            "month": "2005-02",
            "price": "9.63",
            "revenue": 160066
        },
        "2005-03": {
            "month": "2005-03",
            "price": "9.02",
            "revenue": 252478
        },
        "2005-04": {
            "month": "2005-04",
            "price": "8.12",
            "revenue": 240031
        },
        "2005-05": {
            "month": "2005-05",
            "price": "7.31",
            "revenue": 239146
        },
        "2005-06": {
            "month": "2005-06",
            "price": "7.91",
            "revenue": 237323
        },
        "2005-07": {
            "month": "2005-07",
            "price": "7.66",
            "revenue": 209456
        },
        "2005-08": {
            "month": "2005-08",
            "price": "6.72",
            "revenue": 281592
        },
        "2005-09": {
            "month": "2005-09",
            "price": "5.67",
            "revenue": 234169
        },
        "2005-10": {
            "month": "2005-10",
            "price": "5.67",
            "revenue": 187182
        },
        "2005-11": {
            "month": "2005-11",
            "price": "5.97",
            "revenue": 174383
        },
        "2005-12": {
            "month": "2005-12",
            "price": "6.51",
            "revenue": 267382
        },
        "2006-01": {
            "month": "2006-01",
            "price": "6.34",
            "revenue": 241630
        },
        "2006-02": {
            "month": "2006-02",
            "price": "5.88",
            "revenue": 220899
        },
        "2006-03": {
            "month": "2006-03",
            "price": "5.07",
            "revenue": 280823
        },
        "2006-04": {
            "month": "2006-04",
            "price": "5.24",
            "revenue": 295176
        },
        "2006-05": {
            "month": "2006-05",
            "price": "5.68",
            "revenue": 258888
        },
        "2006-06": {
            "month": "2006-06",
            "price": "5.50",
            "revenue": 267577
        },
        "2006-07": {
            "month": "2006-07",
            "price": "5.28",
            "revenue": 269544
        },
        "2006-08": {
            "month": "2006-08",
            "price": "5.21",
            "revenue": 269199
        },
        "2006-09": {
            "month": "2006-09",
            "price": "5.16",
            "revenue": 194871
        },
        "2006-10": {
            "month": "2006-10",
            "price": "5.65",
            "revenue": 197456
        },
        "2006-11": {
            "month": "2006-11",
            "price": "6.78",
            "revenue": 255856
        },
        "2006-12": {
            "month": "2006-12",
            "price": "8.14",
            "revenue": 301375
        },
        "2007-01": {
            "month": "2007-01",
            "price": "8.14",
            "revenue": 301023
        },
        "2007-02": {
            "month": "2007-02",
            "price": "8.08",
            "revenue": 283405
        },
        "2007-03": {
            "month": "2007-03",
            "price": "8.74",
            "revenue": 382297
        },
        "2007-04": {
            "month": "2007-04",
            "price": "10.36",
            "revenue": 401574
        },
        "2007-05": {
            "month": "2007-05",
            "price": "10.08",
            "revenue": 425937
        },
        "2007-06": {
            "month": "2007-06",
            "price": "10.48",
            "revenue": 314843
        },
        "2007-07": {
            "month": "2007-07",
            "price": "12.41",
            "revenue": 303460
        },
        "2007-08": {
            "month": "2007-08",
            "price": "13.53",
            "revenue": 283394
        },
        "2007-09": {
            "month": "2007-09",
            "price": "13.32",
            "revenue": 248126
        },
        "2007-10": {
            "month": "2007-10",
            "price": "14.05",
            "revenue": 224684
        },
        "2007-11": {
            "month": "2007-11",
            "price": "12.33",
            "revenue": 218834
        },
        "2007-12": {
            "month": "2007-12",
            "price": "12.99",
            "revenue": 179841
        },
        "2008-01": {
            "month": "2008-01",
            "price": "12.46",
            "revenue": 183186
        },
        "2008-02": {
            "month": "2008-02",
            "price": "11.14",
            "revenue": 174936
        },
        "2008-03": {
            "month": "2008-03",
            "price": "11.68",
            "revenue": 274155
        },
        "2008-04": {
            "month": "2008-04",
            "price": "11.84",
            "revenue": 201931
        },
        "2008-05": {
            "month": "2008-05",
            "price": "10.78",
            "revenue": 211980
        },
        "2008-06": {
            "month": "2008-06",
            "price": "8.78",
            "revenue": 197105
        },
        "2008-07": {
            "month": "2008-07",
            "price": "7.16",
            "revenue": 160489
        },
        "2008-08": {
            "month": "2008-08",
            "price": "5.91",
            "revenue": 207871
        },
        "2008-09": {
            "month": "2008-09",
            "price": "5.27",
            "revenue": 200184
        },
        "2008-10": {
            "month": "2008-10",
            "price": "5.04",
            "revenue": 187129
        },
        "2008-11": {
            "month": "2008-11",
            "price": "5.06",
            "revenue": 163471
        },
        "2008-12": {
            "month": "2008-12",
            "price": "4.98",
            "revenue": 153548
        },
        "2009-01": {
            "month": "2009-01",
            "price": "4.90",
            "revenue": 107121
        },
        "2009-02": {
            "month": "2009-02",
            "price": "4.88",
            "revenue": 177459
        },
        "2009-03": {
            "month": "2009-03",
            "price": "5.36",
            "revenue": 194109
        },
        "2009-04": {
            "month": "2009-04",
            "price": "6.29",
            "revenue": 166690
        },
        "2009-05": {
            "month": "2009-05",
            "price": "8.17",
            "revenue": 162763
        },
        "2009-06": {
            "month": "2009-06",
            "price": "7.56",
            "revenue": 169518
        },
        "2009-07": {
            "month": "2009-07",
            "price": "8.04",
            "revenue": 196245
        },
        "2009-08": {
            "month": "2009-08",
            "price": "9.27",
            "revenue": 206091
        },
        "2009-09": {
            "month": "2009-09",
            "price": "8.26",
            "revenue": 178452
        },
        "2009-10": {
            "month": "2009-10",
            "price": "8.98",
            "revenue": 219492
        },
        "2009-11": {
            "month": "2009-11",
            "price": "8.88",
            "revenue": 217099
        },
        "2009-12": {
            "month": "2009-12",
            "price": "9.17",
            "revenue": 228145
        },
        "2010-01": {
            "month": "2010-01",
            "price": "9.49",
            "revenue": 271461
        },
        "2010-02": {
            "month": "2010-02",
            "price": "8.66",
            "revenue": 172273
        },
        "2010-03": {
            "month": "2010-03",
            "price": "9.09",
            "revenue": 278611
        },
        "2010-04": {
            "month": "2010-04",
            "price": "10.40",
            "revenue": 287604
        },
        "2010-05": {
            "month": "2010-05",
            "price": "10.43",
            "revenue": 243571
        },
        "2010-06": {
            "month": "2010-06",
            "price": "9.52",
            "revenue": 195068
        },
        "2010-07": {
            "month": "2010-07",
            "price": "9.99",
            "revenue": 273887
        },
        "2010-08": {
            "month": "2010-08",
            "price": "11.92",
            "revenue": 313464
        },
        "2010-09": {
            "month": "2010-09",
            "price": "12.59",
            "revenue": 329827
        },
        "2010-10": {
            "month": "2010-10",
            "price": "15.74",
            "revenue": 308469
        },
        "2010-11": {
            "month": "2010-11",
            "price": "15.18",
            "revenue": 331676
        },
        "2010-12": {
            "month": "2010-12",
            "price": "16.65",
            "revenue": 353641
        },
        "2011-01": {
            "month": "2011-01",
            "price": "17.54",
            "revenue": 414890
        },
        "2011-02": {
            "month": "2011-02",
            "price": "18.98",
            "revenue": 394108
        },
        "2011-03": {
            "month": "2011-03",
            "price": "17.55",
            "revenue": 503781
        },
        "2011-04": {
            "month": "2011-04",
            "price": "17.82",
            "revenue": 185042
        },
        "2011-05": {
            "month": "2011-05",
            "price": "15.87",
            "revenue": 290469
        },
        "2011-06": {
            "month": "2011-06",
            "price": "15.08",
            "revenue": 422356
        },
        "2011-07": {
            "month": "2011-07",
            "price": "13.76",
            "revenue": 333796
        },
        "2011-08": {
            "month": "2011-08",
            "price": "13.43",
            "revenue": 408176
        },
        "2011-09": {
            "month": "2011-09",
            "price": "12.53",
            "revenue": 381102
        },
        "2011-10": {
            "month": "2011-10",
            "price": "11.25",
            "revenue": 316955
        },
        "2011-11": {
            "month": "2011-11",
            "price": "10.55",
            "revenue": 332931
        },
        "2011-12": {
            "month": "2011-12",
            "price": "9.59",
            "revenue": 417215
        },
        "2012-01": {
            "month": "2012-01",
            "price": "10.39",
            "revenue": 224147
        },
        "2012-02": {
            "month": "2012-02",
            "price": "11.34",
            "revenue": 369755
        },
        "2012-03": {
            "month": "2012-03",
            "price": "11.22",
            "revenue": 388075
        },
        "2012-04": {
            "month": "2012-04",
            "price": "9.91",
            "revenue": 353877
        },
        "2012-05": {
            "month": "2012-05",
            "price": "9.19",
            "revenue": 372054
        },
        "2012-06": {
            "month": "2012-06",
            "price": "8.59",
            "revenue": 289236
        },
        "2012-07": {
            "month": "2012-07",
            "price": "8.70",
            "revenue": 375106
        },
        "2012-08": {
            "month": "2012-08",
            "price": "9.12",
            "revenue": 318169
        },
        "2012-09": {
            "month": "2012-09",
            "price": "9.22",
            "revenue": 317553
        },
        "2012-10": {
            "month": "2012-10",
            "price": "8.66",
            "revenue": 261818
        },
        "2012-11": {
            "month": "2012-11",
            "price": "7.79",
            "revenue": 308310
        },
        "2012-12": {
            "month": "2012-12",
            "price": "8.40",
            "revenue": 375190
        },
        "2013-01": {
            "month": "2013-01",
            "price": "8.79",
            "revenue": 378626
        },
        "2013-02": {
            "month": "2013-02",
            "price": "8.60",
            "revenue": 209067
        },
        "2013-03": {
            "month": "2013-03",
            "price": "8.33",
            "revenue": 309054
        },
        "2013-04": {
            "month": "2013-04",
            "price": "8.05",
            "revenue": 317597
        },
        "2013-05": {
            "month": "2013-05",
            "price": "8.15",
            "revenue": 325630
        },
        "2013-06": {
            "month": "2013-06",
            "price": "8.22",
            "revenue": 266875
        },
        "2013-07": {
            "month": "2013-07",
            "price": "8.32",
            "revenue": 364703
        },
        "2013-08": {
            "month": "2013-08",
            "price": "8.27",
            "revenue": 370294
        },
        "2013-09": {
            "month": "2013-09",
            "price": "8.26",
            "revenue": 366485
        },
        "2013-10": {
            "month": "2013-10",
            "price": "9.43",
            "revenue": 369171
        },
        "2013-11": {
            "month": "2013-11",
            "price": "9.39",
            "revenue": 402444
        },
        "2013-12": {
            "month": "2013-12",
            "price": "9.51",
            "revenue": 399032
        },
        "2014-01": {
            "month": "2014-01",
            "price": "9.40",
            "revenue": 312188
        },
        "2014-02": {
            "month": "2014-02",
            "price": "9.11",
            "revenue": 319048
        },
        "2014-03": {
            "month": "2014-03",
            "price": "9.14",
            "revenue": 381609
        },
        "2014-04": {
            "month": "2014-04",
            "price": "9.58",
            "revenue": 348700
        },
        "2014-05": {
            "month": "2014-05",
            "price": "9.46",
            "revenue": 360877
        },
        "2014-06": {
            "month": "2014-06",
            "price": "9.66",
            "revenue": 290874
        },
        "2014-07": {
            "month": "2014-07",
            "price": "11.44",
            "revenue": 287685
        },
        "2014-08": {
            "month": "2014-08",
            "price": "10.38",
            "revenue": 346704
        },
        "2014-09": {
            "month": "2014-09",
            "price": "10.00",
            "revenue": 322648
        },
        "2014-10": {
            "month": "2014-10",
            "price": "9.66",
            "revenue": 351880
        },
        "2014-11": {
            "month": "2014-11",
            "price": "9.45",
            "revenue": 394083
        },
        "2014-12": {
            "month": "2014-12",
            "price": "9.62",
            "revenue": 348748
        },
        "2015-01": {
            "month": "2015-01",
            "price": "9.81",
            "revenue": 358781
        },
        "2015-02": {
            "month": "2015-02",
            "price": "9.84",
            "revenue": 261086
        },
        "2015-03": {
            "month": "2015-03",
            "price": "11.45",
            "revenue": 383302
        },
        "2015-04": {
            "month": "2015-04",
            "price": "13.23",
            "revenue": 323934
        },
        "2015-05": {
            "month": "2015-05",
            "price": "14.07",
            "revenue": 360878
        },
        "2015-06": {
            "month": "2015-06",
            "price": "14.40",
            "revenue": 293069
        },
        "2015-07": {
            "month": "2015-07",
            "price": "12.69",
            "revenue": 306614
        },
        "2015-08": {
            "month": "2015-08",
            "price": "13.10",
            "revenue": 329025
        },
        "2015-09": {
            "month": "2015-09",
            "price": "13.48",
            "revenue": 318840
        },
        "2015-10": {
            "month": "2015-10",
            "price": "13.10",
            "revenue": 340871
        },
        "2015-11": {
            "month": "2015-11",
            "price": "11.05",
            "revenue": 332570
        },
        "2015-12": {
            "month": "2015-12",
            "price": "9.74",
            "revenue": 307176
        },
        "2016-01": {
            "month": "2016-01",
            "price": "9.80",
            "revenue": 266375
        },
        "2016-02": {
            "month": "2016-02",
            "price": "10.11",
            "revenue": 198762
        },
        "2016-03": {
            "month": "2016-03",
            "price": "10.38",
            "revenue": 305079
        },
        "2016-04": {
            "month": "2016-04",
            "price": "9.62",
            "revenue": 230041
        },
        "2016-05": {
            "month": "2016-05",
            "price": "8.63",
            "revenue": 221701
        },
        "2016-06": {
            "month": "2016-06",
            "price": "8.18",
            "revenue": 212051
        },
        "2016-07": {
            "month": "2016-07",
            "price": "8.37",
            "revenue": 264314
        },
        "2016-08": {
            "month": "2016-08",
            "price": "8.57",
            "revenue": 254847
        },
        "2016-09": {
            "month": "2016-09",
            "price": "8.24",
            "revenue": 204005
        },
        "2016-10": {
            "month": "2016-10",
            "price": "8.20",
            "revenue": 249948
        },
        "2016-11": {
            "month": "2016-11",
            "price": "8.15",
            "revenue": 275704
        },
        "2016-12": {
            "month": "2016-12",
            "price": "8.76",
            "revenue": 291850
        },
        "2017-01": {
            "month": "2017-01",
            "price": "8.58",
            "revenue": 186820
        },
        "2017-02": {
            "month": "2017-02",
            "price": "8.79",
            "revenue": 282359
        },
        "2017-03": {
            "month": "2017-03",
            "price": "8.74",
            "revenue": 296886
        },
        "2017-04": {
            "month": "2017-04",
            "price": "7.92",
            "revenue": 278149
        },
        "2017-05": {
            "month": "2017-05",
            "price": "7.83",
            "revenue": 270776
        },
        "2017-06": {
            "month": "2017-06",
            "price": "8.24",
            "revenue": 300901
        },
        "2017-07": {
            "month": "2017-07",
            "price": "8.39",
            "revenue": 272018
        },
        "2017-08": {
            "month": "2017-08",
            "price": "8.25",
            "revenue": 284651
        },
        "2017-09": {
            "month": "2017-09",
            "price": "8.21",
            "revenue": 284838
        },
        "2017-10": {
            "month": "2017-10",
            "price": "8.58",
            "revenue": 288195
        },
        "2017-11": {
            "month": "2017-11",
            "price": "8.74",
            "revenue": 331334
        },
        "2017-12": {
            "month": "2017-12",
            "price": "9.60",
            "revenue": 323424
        },
        "2018-01": {
            "month": "2018-01",
            "price": "9.66",
            "revenue": 336009
        },
        "2018-02": {
            "month": "2018-02",
            "price": "8.72",
            "revenue": 181770
        },
        "2018-03": {
            "month": "2018-03",
            "price": "8.62",
            "revenue": 358717
        },
        "2018-04": {
            "month": "2018-04",
            "price": "8.99",
            "revenue": 282381
        },
        "2018-05": {
            "month": "2018-05",
            "price": "8.61",
            "revenue": 336367
        },
        "2018-06": {
            "month": "2018-06",
            "price": "9.06",
            "revenue": 289684
        },
        "2018-07": {
            "month": "2018-07",
            "price": "8.60",
            "revenue": 288284
        },
        "2018-08": {
            "month": "2018-08",
            "price": "9.10",
            "revenue": 328243
        },
        "2018-09": {
            "month": "2018-09",
            "price": "9.59",
            "revenue": 261791
        },
        "2018-10": {
            "month": "2018-10",
            "price": "8.51",
            "revenue": 271089
        },
        "2018-11": {
            "month": "2018-11",
            "price": "8.13",
            "revenue": 295803
        },
        "2018-12": {
            "month": "2018-12",
            "price": "8.12",
            "revenue": 309895
        },
        "2019-01": {
            "month": "2019-01",
            "price": "8.05",
            "revenue": 332149
        },
        "2019-02": {
            "month": "2019-02",
            "price": "8.08",
            "revenue": 231172
        },
        "2019-03": {
            "month": "2019-03",
            "price": "8.11",
            "revenue": 352140
        },
        "2019-04": {
            "month": "2019-04",
            "price": "7.89",
            "revenue": 294357
        },
        "2019-05": {
            "month": "2019-05",
            "price": "7.67",
            "revenue": 267160
        },
        "2019-06": {
            "month": "2019-06",
            "price": "7.79",
            "revenue": 275940
        },
        "2019-07": {
            "month": "2019-07",
            "price": "7.74",
            "revenue": 257252
        },
        "2019-08": {
            "month": "2019-08",
            "price": "7.17",
            "revenue": 213846
        },
        "2019-09": {
            "month": "2019-09",
            "price": "7.04",
            "revenue": 209867
        },
        "2019-10": {
            "month": "2019-10",
            "price": "6.85",
            "revenue": 248239
        },
        "2019-11": {
            "month": "2019-11",
            "price": "6.88",
            "revenue": 231416
        },
        "2019-12": {
            "month": "2019-12",
            "price": "7.05",
            "revenue": 233912
        },
        "2020-01": {
            "month": "2020-01",
            "price": "7.21",
            "revenue": 143616
        },
        "2020-02": {
            "month": "2020-02",
            "price": "6.86",
            "revenue": 217512
        },
        "2020-03": {
            "month": "2020-03",
            "price": "6.07",
            "revenue": 201379
        },
        "2020-04": {
            "month": "2020-04",
            "price": "5.94",
            "revenue": 88286
        },
        "2020-05": {
            "month": "2020-05",
            "price": "6.96",
            "revenue": 77458
        },
        "2020-06": {
            "month": "2020-06",
            "price": "8.05",
            "revenue": 85472
        },
        "2020-07": {
            "month": "2020-07",
            "price": "7.70",
            "revenue": 108393
        },
        "2020-08": {
            "month": "2020-08",
            "price": "7.48",
            "revenue": 124555
        },
        "2020-09": {
            "month": "2020-09",
            "price": "8.45",
            "revenue": 139676
        },
        "2020-10": {
            "month": "2020-10",
            "price": "8.21",
            "revenue": 167239
        },
        "2020-11": {
            "month": "2020-11",
            "price": "8.25",
            "revenue": 194149
        },
        "2020-12": {
            "month": "2020-12",
            "price": "8.54",
            "revenue": 237455
        },
        "2021-01": {
            "month": "2021-01",
            "price": "8.45",
            "revenue": 235665
        },
        "2021-02": {
            "month": "2021-02",
            "price": "8.23",
            "revenue": 184018
        },
        "2021-03": {
            "month": "2021-03",
            "price": "8.46",
            "revenue": 256290
        },
        "2021-04": {
            "month": "2021-04",
            "price": "10.63",
            "revenue": 221026
        },
        "2021-05": {
            "month": "2021-05",
            "price": "14.45",
            "revenue": 193385
        },
        "2021-06": {
            "month": "2021-06",
            "price": "14.49",
            "revenue": 187016
        },
        "2021-07": {
            "month": "2021-07",
            "price": "14.05",
            "revenue": 213216
        },
        "2021-08": {
            "month": "2021-08",
            "price": "12.78",
            "revenue": 200609
        },
        "2021-09": {
            "month": "2021-09",
            "price": "11.93",
            "revenue": 199489
        },
        "2021-10": {
            "month": "2021-10",
            "price": "12.10",
            "revenue": 194177
        },
        "2021-11": {
            "month": "2021-11",
            "price": "13.12",
            "revenue": 199837
        },
        "2021-12": {
            "month": "2021-12",
            "price": "13.03",
            "revenue": 189929
        },
        "2022-01": {
            "month": "2022-01",
            "price": "12.24",
            "revenue": 179979
        },
        "2022-02": {
            "month": "2022-02",
            "price": "11.90",
            "revenue": 177350
        },
        "2022-03": {
            "month": "2022-03",
            "price": "11.66",
            "revenue": 238035
        },
        "2022-04": {
            "month": "2022-04",
            "price": "10.90",
            "revenue": 217515
        },
        "2022-05": {
            "month": "2022-05",
            "price": "10.00",
            "revenue": 200160
        },
        "2022-06": {
            "month": "2022-06",
            "price": "10.63",
            "revenue": 183419
        },
        "2022-07": {
            "month": "2022-07",
            "price": "9.35",
            "revenue": 162430
        },
        "2022-08": {
            "month": "2022-08",
            "price": "9.34",
            "revenue": 132777
        },
        "2022-09": {
            "month": "2022-09",
            "price": "9.08",
            "revenue": 108504
        },
        "2022-10": {
            "month": "2022-10",
            "price": "8.24",
            "revenue": 97027
        },
        "2022-11": {
            "month": "2022-11",
            "price": "8.24",
            "revenue": 127937
        },
        "2022-12": {
            "month": "2022-12",
            "price": "8.46",
            "revenue": 132567
        },
        "2023-01": {
            "month": "2023-01",
            "price": "8.32",
            "revenue": 72580
        },
        "2023-02": {
            "month": "2023-02",
            "price": "8.56",
            "revenue": 107221
        },
        "2023-03": {
            "month": "2023-03",
            "price": "8.82",
            "revenue": 85396
        },
        "2023-04": {
            "month": "2023-04",
            "price": "9.03",
            "revenue": 72984
        },
        "2023-05": {
            "month": "2023-05",
            "price": "9.03",
            "revenue": 76264
        },
        "2023-06": {
            "month": "2023-06",
            "price": "9.08",
            "revenue": 78029
        },
        "2023-07": {
            "month": "2023-07",
            "price": "9.57",
            "revenue": 80422
        },
        "2023-08": {
            "month": "2023-08",
            "price": "9.37",
            "revenue": 95354
        },
        "2023-09": {
            "month": "2023-09",
            "price": "9.72",
            "revenue": 98023
        },
        "2023-10": {
            "month": "2023-10",
            "price": "9.81",
            "revenue": 148718
        },
        "2023-11": {
            "month": "2023-11",
            "price": "10.03",
            "revenue": 143448
        },
        "2023-12": {
            "month": "2023-12",
            "price": "10.04",
            "revenue": 146814
        },
        "2024-01": {
            "month": "2024-01",
            "price": "9.60",
            "revenue": 153764
        },
        "2024-02": {
            "month": "2024-02",
            "price": "9.73",
            "revenue": 77701
        }
    }
}
