{
    "summary": {
        "stock_name": "宏遠",
        "stock_id": "1460",
        "category": "紡織纖維",
        "main_business": "加工絲、追撚絲、胚布、成品布、染整等其他業務",
        "website_url": "http://www.everest.com.tw",
        "ceo": "暫缺",
        "pe_ratio": -28,
        "report_year_from": 2001,
        "report_year_to": 2023,
        "age": 23,
        "eps_negative_percentage": 26,
        "eps_growth_avg": {
            "last_all": -34.75,
            "last_2y": -94.59,
            "last_4y": -96.4,
            "last_8y": -49.14,
            "last_12y": -24.37,
            "last_16y": -30.51,
            "last_20y": -33.09,
            "at_2006_last_3y": -44.27,
            "at_2007_last_3y": 4.75,
            "at_2008_last_3y": -21.44,
            "at_2009_last_3y": -3.76,
            "at_2010_last_3y": -50.98,
            "at_2011_last_3y": -100,
            "at_2012_last_3y": 0,
            "at_2013_last_3y": -20.05,
            "at_2014_last_3y": 33.41,
            "at_2015_last_3y": 30.35,
            "at_2016_last_3y": 9.23,
            "at_2017_last_3y": 9.57,
            "at_2018_last_3y": -13.69,
            "at_2019_last_3y": -43.99,
            "at_2020_last_3y": -63.83,
            "at_2021_last_3y": -66.33,
            "at_2022_last_3y": -94.59,
            "at_2023_last_3y": -94.59,
            "at_2024_last_3y": -94.59,
            "at_2006_last_all": -48.51,
            "at_2007_last_all": -29.39,
            "at_2008_last_all": -41.16,
            "at_2009_last_all": -41.16,
            "at_2010_last_all": -49.57,
            "at_2011_last_all": -49.57,
            "at_2012_last_all": -30.87,
            "at_2013_last_all": -34.12,
            "at_2014_last_all": -24.67,
            "at_2015_last_all": -20.51,
            "at_2016_last_all": -17.5,
            "at_2017_last_all": -20.68,
            "at_2018_last_all": -21.54,
            "at_2019_last_all": -26.77,
            "at_2020_last_all": -26.77,
            "at_2021_last_all": -26.77,
            "at_2022_last_all": -30.67,
            "at_2023_last_all": -34.75,
            "at_2024_last_all": -34.75
        },
        "latest_eps": -0.26,
        "latest_price": 7.2,
        "latest_roe": -2.67,
        "latest_gross_margin": -5.17,
        "latest_equity": 6519366,
        "latest_revenue": 2021904,
        "latest_gross_profit": -104521,
        "latest_net_income": -446097,
        "latest_debt_ratio": 51.89,
        "latest_current_ratio": 130.29,
        "latest_account_receivable_turnover_ratio": 2.26,
        "latest_inventory_turnover_ratio": 0.36,
        "latest_reinvestment_rate": null,
        "latest_research_to_sale_ratio": 2.9
    },
    "eps_dividends": {
        "1992": {
            "cash": 0,
            "stock": 2.5,
            "eps": 0
        },
        "1993": {
            "cash": 0,
            "stock": 1.5,
            "eps": 0
        },
        "1994": {
            "cash": 0,
            "stock": 1.05,
            "eps": 0
        },
        "1995": {
            "cash": 0,
            "stock": 1.2,
            "eps": 0
        },
        "2001": {
            "cash": 0.1,
            "stock": 0,
            "eps": 0.49
        },
        "2002": {
            "cash": 0.2,
            "stock": 0.3,
            "eps": 0.19
        },
        "2003": {
            "cash": 0.15,
            "stock": 0,
            "eps": -1.93
        },
        "2004": {
            "cash": 0,
            "stock": 0.3,
            "eps": 0.47
        },
        "2005": {
            "cash": 0.15,
            "stock": 0.2,
            "eps": 0.12
        },
        "2006": {
            "cash": 0,
            "stock": 0.2,
            "eps": 0.17
        },
        "2007": {
            "cash": 0.15,
            "stock": 0,
            "eps": 0.25
        },
        "2008": {
            "cash": 0.2,
            "stock": 0,
            "eps": -1.15
        },
        "2009": {
            "cash": 0,
            "stock": 0,
            "eps": 0.01
        },
        "2010": {
            "cash": 0,
            "stock": 0,
            "eps": -3.24
        },
        "2011": {
            "cash": 0,
            "stock": 0,
            "eps": 0.47
        },
        "2012": {
            "cash": 0,
            "stock": 0,
            "eps": 1.33
        },
        "2013": {
            "cash": 0,
            "stock": 0,
            "eps": 0.53
        },
        "2014": {
            "cash": 0.2,
            "stock": 0,
            "eps": 0.85
        },
        "2015": {
            "cash": 0.7,
            "stock": 0,
            "eps": 1.03
        },
        "2016": {
            "cash": 0.8,
            "stock": 0,
            "eps": 1.19
        },
        "2017": {
            "cash": 0.4,
            "stock": 0.4,
            "eps": 0.49
        },
        "2018": {
            "cash": 0,
            "stock": 0.2,
            "eps": 0.33
        },
        "2019": {
            "cash": 0,
            "stock": 0.2,
            "eps": -0.57
        },
        "2020": {
            "cash": 0,
            "stock": 0,
            "eps": -1.94
        },
        "2021": {
            "cash": 0,
            "stock": 0,
            "eps": 0.37
        },
        "2022": {
            "cash": 0,
            "stock": 0,
            "eps": 0.04
        },
        "2023": {
            "cash": 0,
            "stock": 0,
            "eps": -0.83
        }
    },
    "dividends": {
        "1992-06-04": {
            "cash": 0,
            "stock": 2.5
        },
        "1993-05-28": {
            "cash": 0,
            "stock": 1.5
        },
        "1994-05-31": {
            "cash": 0,
            "stock": 1.05
        },
        "1995-03-24": {
            "cash": 0,
            "stock": 1.2
        },
        "2001-05-15": {
            "cash": 0.1,
            "stock": 0
        },
        "2002-06-11": {
            "cash": 0.2,
            "stock": 0.3
        },
        "2003-03-11": {
            "cash": 0.15,
            "stock": 0
        },
        "2004-03-04": {
            "cash": 0,
            "stock": 0.3
        },
        "2005-03-10": {
            "cash": 0.15,
            "stock": 0.2
        },
        "2006-03-14": {
            "cash": 0,
            "stock": 0.2
        },
        "2007-03-08": {
            "cash": 0.15,
            "stock": 0
        },
        "2008-03-21": {
            "cash": 0.2,
            "stock": 0
        },
        "2014-06-12": {
            "cash": 0.2,
            "stock": 0
        },
        "2015-08-05": {
            "cash": 0.7,
            "stock": 0
        },
        "2016-08-05": {
            "cash": 0.8,
            "stock": 0
        },
        "2017-09-29": {
            "cash": 0.4,
            "stock": 0.4
        },
        "2018-03-16": {
            "cash": 0,
            "stock": 0.2
        },
        "2019-03-19": {
            "cash": 0,
            "stock": 0.2
        }
    },
    "prices": {
        "200101": "6.25",
        "200102": "6.63",
        "200103": "7.42",
        "200104": "7.63",
        "200105": "8.04",
        "200106": "7.45",
        "200107": "6.62",
        "200108": "7.20",
        "200109": "7.43",
        "200110": "6.98",
        "200111": "6.72",
        "200112": "7.52",
        "200201": "7.74",
        "200202": "7.65",
        "200203": "8.06",
        "200204": "8.19",
        "200205": "7.47",
        "200206": "7.51",
        "200207": "7.37",
        "200208": "6.98",
        "200209": "5.84",
        "200210": "5.07",
        "200211": "5.85",
        "200212": "6.02",
        "200301": "7.22",
        "200302": "6.64",
        "200303": "5.95",
        "200304": "5.62",
        "200305": "5.11",
        "200306": "5.74",
        "200307": "5.86",
        "200308": "5.75",
        "200309": "5.55",
        "200310": "6.15",
        "200311": "6.21",
        "200312": "6.11",
        "200401": "6.77",
        "200402": "8.76",
        "200403": "9.58",
        "200404": "10.30",
        "200405": "8.66",
        "200406": "8.60",
        "200407": "8.16",
        "200408": "7.68",
        "200409": "8.85",
        "200410": "9.31",
        "200411": "9.22",
        "200412": "10.17",
        "200501": "9.22",
        "200502": "8.20",
        "200503": "7.89",
        "200504": "7.35",
        "200505": "7.16",
        "200506": "7.44",
        "200507": "7.19",
        "200508": "6.22",
        "200509": "5.96",
        "200510": "5.93",
        "200511": "5.99",
        "200512": "6.13",
        "200601": "5.78",
        "200602": "5.54",
        "200603": "5.03",
        "200604": "5.18",
        "200605": "6.23",
        "200606": "5.46",
        "200607": "5.27",
        "200608": "5.28",
        "200609": "5.28",
        "200610": "5.94",
        "200611": "6.15",
        "200612": "7.05",
        "200701": "6.89",
        "200702": "6.82",
        "200703": "6.79",
        "200704": "7.47",
        "200705": "7.25",
        "200706": "7.09",
        "200707": "8.75",
        "200708": "8.42",
        "200709": "9.09",
        "200710": "10.37",
        "200711": "8.90",
        "200712": "8.21",
        "200801": "7.71",
        "200802": "7.35",
        "200803": "8.05",
        "200804": "8.40",
        "200805": "8.32",
        "200806": "7.26",
        "200807": "6.01",
        "200808": "6.01",
        "200809": "4.85",
        "200810": "3.96",
        "200811": "3.78",
        "200812": "4.33",
        "200901": "4.09",
        "200902": "3.93",
        "200903": "4.26",
        "200904": "5.52",
        "200905": "5.92",
        "200906": "5.48",
        "200907": "5.64",
        "200908": "5.92",
        "200909": "6.10",
        "200910": "6.66",
        "200911": "6.36",
        "200912": "6.55",
        "201001": "6.77",
        "201002": "5.75",
        "201003": "5.77",
        "201004": "6.40",
        "201005": "5.88",
        "201006": "5.93",
        "201007": "6.30",
        "201008": "7.22",
        "201009": "7.00",
        "201010": "7.56",
        "201011": "7.42",
        "201012": "7.45",
        "201101": "7.69",
        "201102": "8.48",
        "201103": "8.17",
        "201104": "8.30",
        "201105": "7.84",
        "201106": "6.97",
        "201107": "6.75",
        "201108": "5.93",
        "201109": "5.74",
        "201110": "6.00",
        "201111": "6.25",
        "201112": "6.14",
        "201201": "6.21",
        "201202": "7.24",
        "201203": "7.89",
        "201204": "8.50",
        "201205": "8.95",
        "201206": "8.40",
        "201207": "8.36",
        "201208": "8.44",
        "201209": "8.20",
        "201210": "7.81",
        "201211": "7.25",
        "201212": "7.20",
        "201301": "7.25",
        "201302": "7.14",
        "201303": "6.92",
        "201304": "6.89",
        "201305": "7.45",
        "201306": "7.94",
        "201307": "8.02",
        "201308": "8.04",
        "201309": "8.08",
        "201310": "8.79",
        "201311": "8.23",
        "201312": "8.71",
        "201401": "10.42",
        "201402": "11.00",
        "201403": "13.21",
        "201404": "12.53",
        "201405": "12.29",
        "201406": "17.31",
        "201407": "16.23",
        "201408": "14.10",
        "201409": "15.06",
        "201410": "14.70",
        "201411": "14.30",
        "201412": "15.45",
        "201501": "15.16",
        "201502": "15.42",
        "201503": "16.73",
        "201504": "17.48",
        "201505": "18.14",
        "201506": "18.65",
        "201507": "15.97",
        "201508": "13.95",
        "201509": "14.30",
        "201510": "17.10",
        "201511": "15.95",
        "201512": "15.23",
        "201601": "14.21",
        "201602": "15.89",
        "201603": "16.12",
        "201604": "15.57",
        "201605": "15.38",
        "201606": "15.41",
        "201607": "15.47",
        "201608": "15.48",
        "201609": "15.37",
        "201610": "16.15",
        "201611": "16.53",
        "201612": "17.16",
        "201701": "16.84",
        "201702": "17.12",
        "201703": "16.97",
        "201704": "16.55",
        "201705": "16.27",
        "201706": "16.22",
        "201707": "16.30",
        "201708": "15.59",
        "201709": "15.05",
        "201710": "14.89",
        "201711": "14.40",
        "201712": "13.99",
        "201801": "14.49",
        "201802": "14.11",
        "201803": "13.62",
        "201804": "12.73",
        "201805": "12.67",
        "201806": "13.14",
        "201807": "12.94",
        "201808": "13.27",
        "201809": "14.21",
        "201810": "13.00",
        "201811": "12.04",
        "201812": "12.00",
        "201901": "11.33",
        "201902": "11.64",
        "201903": "11.52",
        "201904": "11.51",
        "201905": "11.70",
        "201906": "11.44",
        "201907": "11.48",
        "201908": "10.47",
        "201909": "10.26",
        "201910": "10.30",
        "201911": "9.69",
        "201912": "9.24",
        "202001": "8.96",
        "202002": "8.27",
        "202003": "6.35",
        "202004": "7.28",
        "202005": "8.08",
        "202006": "9.32",
        "202007": "9.82",
        "202008": "9.89",
        "202009": "9.50",
        "202010": "9.71",
        "202011": "9.52",
        "202012": "9.62",
        "202101": "9.17",
        "202102": "8.19",
        "202103": "8.13",
        "202104": "8.84",
        "202105": "11.39",
        "202106": "11.01",
        "202107": "12.80",
        "202108": "11.24",
        "202109": "10.84",
        "202110": "9.75",
        "202111": "9.65",
        "202112": "9.51",
        "202201": "9.34",
        "202202": "9.07",
        "202203": "8.38",
        "202204": "8.78",
        "202205": "7.76",
        "202206": "7.69",
        "202207": "7.25",
        "202208": "7.53",
        "202209": "7.93",
        "202210": "7.74",
        "202211": "7.32",
        "202212": "7.16",
        "202301": "7.10",
        "202302": "7.21",
        "202303": "7.52",
        "202304": "7.81",
        "202305": "8.27",
        "202306": "8.98",
        "202307": "8.84",
        "202308": "8.05",
        "202309": "7.83",
        "202310": "7.53",
        "202311": "7.43",
        "202312": "7.53"
    },
    "quarters": {
        "20011": {
            "year_quarter": 20011,
            "year": 2001,
            "quarter": 1,
            "eps": 0.2,
            "eps_growth_year": null,
            "eps_4q": 0.44,
            "eps_4q_growth_year": null,
            "roe": 1.57,
            "roe_4q": 1.57,
            "gross_profit": 223324,
            "gross_margin": 15.68,
            "gross_margin_4q_avg": 15.68,
            "net_income": 98881,
            "net_income_4q": null,
            "revenue": 1424019,
            "revenue_4q": null,
            "common_shares": 5040845,
            "book_valuer_per_share": 12.61,
            "book_valuer_per_share_4q_avg": 12.61,
            "equity": 6357637,
            "current_ratio": 168.07,
            "debt_ratio": 33.89,
            "inventory_turnover_ratio": 0.5,
            "account_receivable_turnover_ratio": null,
            "reinvestment_rate": null,
            "research_to_sale_ratio": null,
            "price_fair": 0,
            "eps_avg_yearly": 0,
            "eps_latest_yearly": 0,
            "eps_growth_yearly": 0
        },
        "20012": {
            "year_quarter": 20012,
            "year": 2001,
            "quarter": 2,
            "eps": 0.19,
            "eps_growth_year": 35.71,
            "eps_4q": 0.48,
            "eps_4q_growth_year": null,
            "roe": 1.53,
            "roe_4q": 3.1,
            "gross_profit": 281719,
            "gross_margin": 16.43,
            "gross_margin_4q_avg": 16.06,
            "net_income": 96463,
            "net_income_4q": null,
            "revenue": 1714988,
            "revenue_4q": null,
            "common_shares": 5040845,
            "book_valuer_per_share": 12.36,
            "book_valuer_per_share_4q_avg": 12.49,
            "equity": 6230473,
            "current_ratio": 140.44,
            "debt_ratio": 33.07,
            "inventory_turnover_ratio": 0.62,
            "account_receivable_turnover_ratio": null,
            "reinvestment_rate": null,
            "research_to_sale_ratio": null,
            "price_fair": 0,
            "eps_avg_yearly": 0,
            "eps_latest_yearly": 0,
            "eps_growth_yearly": 0
        },
        "20013": {
            "year_quarter": 20013,
            "year": 2001,
            "quarter": 3,
            "eps": 0.14,
            "eps_growth_year": 133.33,
            "eps_4q": 0.58,
            "eps_4q_growth_year": null,
            "roe": 1.05,
            "roe_4q": 4.15,
            "gross_profit": 213211,
            "gross_margin": 16.46,
            "gross_margin_4q_avg": 16.19,
            "net_income": 65295,
            "net_income_4q": null,
            "revenue": 1295690,
            "revenue_4q": null,
            "common_shares": 4780555,
            "book_valuer_per_share": 12.94,
            "book_valuer_per_share_4q_avg": 12.64,
            "equity": 6188050,
            "current_ratio": 138.7,
            "debt_ratio": 31.81,
            "inventory_turnover_ratio": 0.48,
            "account_receivable_turnover_ratio": null,
            "reinvestment_rate": null,
            "research_to_sale_ratio": null,
            "price_fair": 0,
            "eps_avg_yearly": 0,
            "eps_latest_yearly": 0,
            "eps_growth_yearly": 0
        },
        "20014": {
            "year_quarter": 20014,
            "year": 2001,
            "quarter": 4,
            "eps": -0.04,
            "eps_growth_year": -300,
            "eps_4q": 0.5,
            "eps_4q_growth_year": 333.19,
            "roe": -0.33,
            "roe_4q": 3.8200000000000003,
            "gross_profit": 133680,
            "gross_margin": 12.14,
            "gross_margin_4q_avg": 15.18,
            "net_income": -20276,
            "net_income_4q": null,
            "revenue": 1101324,
            "revenue_4q": null,
            "common_shares": 4651255,
            "book_valuer_per_share": 13.24,
            "book_valuer_per_share_4q_avg": 12.79,
            "equity": 6156126,
            "current_ratio": 161.19,
            "debt_ratio": 32.12,
            "inventory_turnover_ratio": 0.43,
            "account_receivable_turnover_ratio": null,
            "reinvestment_rate": null,
            "research_to_sale_ratio": null,
            "price_fair": 0,
            "eps_avg_yearly": 0,
            "eps_latest_yearly": 0,
            "eps_growth_yearly": 0
        },
        "20021": {
            "year_quarter": 20021,
            "year": 2002,
            "quarter": 1,
            "eps": 0.08,
            "eps_growth_year": -60,
            "eps_4q": 0.43,
            "eps_4q_growth_year": -2.52,
            "roe": 0.53,
            "roe_4q": 2.7800000000000002,
            "gross_profit": 164681,
            "gross_margin": 14.35,
            "gross_margin_4q_avg": 14.85,
            "net_income": 32080,
            "net_income_4q": null,
            "revenue": 1147814,
            "revenue_4q": null,
            "common_shares": 4534645,
            "book_valuer_per_share": 13.02,
            "book_valuer_per_share_4q_avg": 12.89,
            "equity": 5906144,
            "current_ratio": 146.99,
            "debt_ratio": 35.15,
            "inventory_turnover_ratio": 0.42,
            "account_receivable_turnover_ratio": null,
            "reinvestment_rate": null,
            "research_to_sale_ratio": null,
            "price_fair": 0,
            "eps_avg_yearly": 0,
            "eps_latest_yearly": 0,
            "eps_growth_yearly": 0
        },
        "20022": {
            "year_quarter": 20022,
            "year": 2002,
            "quarter": 2,
            "eps": 0.09,
            "eps_growth_year": -52.63,
            "eps_4q": 0.26,
            "eps_4q_growth_year": -44.84,
            "roe": 0.68,
            "roe_4q": 1.93,
            "gross_profit": 229343,
            "gross_margin": 14.88,
            "gross_margin_4q_avg": 14.46,
            "net_income": 40044,
            "net_income_4q": null,
            "revenue": 1541534,
            "revenue_4q": null,
            "common_shares": 4534645,
            "book_valuer_per_share": 12.87,
            "book_valuer_per_share_4q_avg": 13.02,
            "equity": 5836465,
            "current_ratio": 152.95,
            "debt_ratio": 36.8,
            "inventory_turnover_ratio": 0.53,
            "account_receivable_turnover_ratio": null,
            "reinvestment_rate": null,
            "research_to_sale_ratio": null,
            "price_fair": 12.6,
            "eps_avg_yearly": 0.36,
            "eps_latest_yearly": 0.36,
            "eps_growth_yearly": 50
        },
        "20023": {
            "year_quarter": 20023,
            "year": 2002,
            "quarter": 3,
            "eps": 0.02,
            "eps_growth_year": -85.71,
            "eps_4q": 0.13,
            "eps_4q_growth_year": -77.62,
            "roe": 0.16,
            "roe_4q": 1.04,
            "gross_profit": 153012,
            "gross_margin": 11.15,
            "gross_margin_4q_avg": 13.13,
            "net_income": 9358,
            "net_income_4q": null,
            "revenue": 1372755,
            "revenue_4q": null,
            "common_shares": 4670684,
            "book_valuer_per_share": 12.56,
            "book_valuer_per_share_4q_avg": 12.92,
            "equity": 5865221,
            "current_ratio": 178.52,
            "debt_ratio": 35.56,
            "inventory_turnover_ratio": 0.48,
            "account_receivable_turnover_ratio": null,
            "reinvestment_rate": null,
            "research_to_sale_ratio": null,
            "price_fair": 0.66,
            "eps_avg_yearly": 0.22,
            "eps_latest_yearly": 0.08,
            "eps_growth_yearly": -130.56
        },
        "20024": {
            "year_quarter": 20024,
            "year": 2002,
            "quarter": 4,
            "eps": 0,
            "eps_growth_year": null,
            "eps_4q": 0.19,
            "eps_4q_growth_year": -62,
            "roe": -0,
            "roe_4q": 1.37,
            "gross_profit": 170722,
            "gross_margin": 14.14,
            "gross_margin_4q_avg": 13.63,
            "net_income": -116,
            "net_income_4q": null,
            "revenue": 1207176,
            "revenue_4q": null,
            "common_shares": 4670684,
            "book_valuer_per_share": 12.64,
            "book_valuer_per_share_4q_avg": 12.77,
            "equity": 5905509,
            "current_ratio": 211.86,
            "debt_ratio": 33.7,
            "inventory_turnover_ratio": 0.41,
            "account_receivable_turnover_ratio": null,
            "reinvestment_rate": -91.55,
            "research_to_sale_ratio": null,
            "price_fair": 0.66,
            "eps_avg_yearly": 0.22,
            "eps_latest_yearly": 0.08,
            "eps_growth_yearly": -130.56
        },
        "20031": {
            "year_quarter": 20031,
            "year": 2003,
            "quarter": 1,
            "eps": 0.01,
            "eps_growth_year": -87.5,
            "eps_4q": 0.17,
            "eps_4q_growth_year": -61.25,
            "roe": 0.05,
            "roe_4q": 0.8900000000000001,
            "gross_profit": 127181,
            "gross_margin": 11.44,
            "gross_margin_4q_avg": 12.9,
            "net_income": 3125,
            "net_income_4q": null,
            "revenue": 1111864,
            "revenue_4q": null,
            "common_shares": 4670684,
            "book_valuer_per_share": 12.78,
            "book_valuer_per_share_4q_avg": 12.71,
            "equity": 5967082,
            "current_ratio": 184.9,
            "debt_ratio": 32.5,
            "inventory_turnover_ratio": 0.38,
            "account_receivable_turnover_ratio": null,
            "reinvestment_rate": -364.08,
            "research_to_sale_ratio": null,
            "price_fair": 0.66,
            "eps_avg_yearly": 0.22,
            "eps_latest_yearly": 0.08,
            "eps_growth_yearly": -130.56
        },
        "20032": {
            "year_quarter": 20032,
            "year": 2003,
            "quarter": 2,
            "eps": -0.16,
            "eps_growth_year": -277.78,
            "eps_4q": -0.12,
            "eps_4q_growth_year": -146.42,
            "roe": -1.18,
            "roe_4q": -0.9699999999999999,
            "gross_profit": 69482,
            "gross_margin": 5.57,
            "gross_margin_4q_avg": 10.58,
            "net_income": -69454,
            "net_income_4q": null,
            "revenue": 1248384,
            "revenue_4q": null,
            "common_shares": 4670684,
            "book_valuer_per_share": 12.51,
            "book_valuer_per_share_4q_avg": 12.62,
            "equity": 5841257,
            "current_ratio": 191.48,
            "debt_ratio": 31.52,
            "inventory_turnover_ratio": 0.47,
            "account_receivable_turnover_ratio": null,
            "reinvestment_rate": -753.22,
            "research_to_sale_ratio": null,
            "price_fair": 0.66,
            "eps_avg_yearly": 0.22,
            "eps_latest_yearly": 0.08,
            "eps_growth_yearly": -130.56
        },
        "20033": {
            "year_quarter": 20033,
            "year": 2003,
            "quarter": 3,
            "eps": -0.35,
            "eps_growth_year": -1850,
            "eps_4q": -0.47,
            "eps_4q_growth_year": -461.12,
            "roe": -2.68,
            "roe_4q": -3.8100000000000005,
            "gross_profit": 19388,
            "gross_margin": 1.54,
            "gross_margin_4q_avg": 8.17,
            "net_income": -154191,
            "net_income_4q": null,
            "revenue": 1261683,
            "revenue_4q": null,
            "common_shares": 4670684,
            "book_valuer_per_share": 12.15,
            "book_valuer_per_share_4q_avg": 12.52,
            "equity": 5672755,
            "current_ratio": 221.74,
            "debt_ratio": 30.93,
            "inventory_turnover_ratio": 0.52,
            "account_receivable_turnover_ratio": null,
            "reinvestment_rate": -3925.48,
            "research_to_sale_ratio": null,
            "price_fair": 0.66,
            "eps_avg_yearly": 0.22,
            "eps_latest_yearly": 0.08,
            "eps_growth_yearly": -130.56
        },
        "20034": {
            "year_quarter": 20034,
            "year": 2003,
            "quarter": 4,
            "eps": -1.43,
            "eps_growth_year": null,
            "eps_4q": -1.93,
            "eps_4q_growth_year": -1115.79,
            "roe": -11.56,
            "roe_4q": -15.37,
            "gross_profit": -117082,
            "gross_margin": -8.77,
            "gross_margin_4q_avg": 2.45,
            "net_income": -621074,
            "net_income_4q": null,
            "revenue": 1335770,
            "revenue_4q": null,
            "common_shares": 4670684,
            "book_valuer_per_share": 10.85,
            "book_valuer_per_share_4q_avg": 12.07,
            "equity": 5068036,
            "current_ratio": 177.39,
            "debt_ratio": 35,
            "inventory_turnover_ratio": 0.7,
            "account_receivable_turnover_ratio": null,
            "reinvestment_rate": null,
            "research_to_sale_ratio": null,
            "price_fair": 0.66,
            "eps_avg_yearly": 0.22,
            "eps_latest_yearly": 0.08,
            "eps_growth_yearly": -130.56
        },
        "20041": {
            "year_quarter": 20041,
            "year": 2004,
            "quarter": 1,
            "eps": 0.27,
            "eps_growth_year": 2600,
            "eps_4q": -1.69,
            "eps_4q_growth_year": -1108.55,
            "roe": 2.28,
            "roe_4q": -13.14,
            "gross_profit": 238983,
            "gross_margin": 15.67,
            "gross_margin_4q_avg": 3.5,
            "net_income": 116276,
            "net_income_4q": null,
            "revenue": 1525140,
            "revenue_4q": null,
            "common_shares": 4670684,
            "book_valuer_per_share": 11.03,
            "book_valuer_per_share_4q_avg": 11.64,
            "equity": 5149767,
            "current_ratio": 166.87,
            "debt_ratio": 35.62,
            "inventory_turnover_ratio": 0.69,
            "account_receivable_turnover_ratio": null,
            "reinvestment_rate": null,
            "research_to_sale_ratio": null,
            "price_fair": 0.66,
            "eps_avg_yearly": 0.22,
            "eps_latest_yearly": 0.08,
            "eps_growth_yearly": -130.56
        },
        "20042": {
            "year_quarter": 20042,
            "year": 2004,
            "quarter": 2,
            "eps": 0.15,
            "eps_growth_year": null,
            "eps_4q": -1.28,
            "eps_4q_growth_year": null,
            "roe": 1.33,
            "roe_4q": -10.63,
            "gross_profit": 261783,
            "gross_margin": 13.63,
            "gross_margin_4q_avg": 5.52,
            "net_income": 69018,
            "net_income_4q": null,
            "revenue": 1920245,
            "revenue_4q": null,
            "common_shares": 4670684,
            "book_valuer_per_share": 11.13,
            "book_valuer_per_share_4q_avg": 11.29,
            "equity": 5200033,
            "current_ratio": 170.57,
            "debt_ratio": 35.9,
            "inventory_turnover_ratio": 0.84,
            "account_receivable_turnover_ratio": null,
            "reinvestment_rate": null,
            "research_to_sale_ratio": null,
            "price_fair": 1.04,
            "eps_avg_yearly": 0.35,
            "eps_latest_yearly": 0.6,
            "eps_growth_yearly": -146.3
        },
        "20043": {
            "year_quarter": 20043,
            "year": 2004,
            "quarter": 3,
            "eps": 0.06,
            "eps_growth_year": null,
            "eps_4q": -0.99,
            "eps_4q_growth_year": null,
            "roe": 0.48,
            "roe_4q": -7.470000000000001,
            "gross_profit": 181319,
            "gross_margin": 10.9,
            "gross_margin_4q_avg": 7.86,
            "net_income": 24962,
            "net_income_4q": null,
            "revenue": 1663362,
            "revenue_4q": null,
            "common_shares": 4810804,
            "book_valuer_per_share": 10.89,
            "book_valuer_per_share_4q_avg": 10.98,
            "equity": 5238591,
            "current_ratio": 161.32,
            "debt_ratio": 34.78,
            "inventory_turnover_ratio": 0.73,
            "account_receivable_turnover_ratio": null,
            "reinvestment_rate": null,
            "research_to_sale_ratio": null,
            "price_fair": 0.96,
            "eps_avg_yearly": 0.32,
            "eps_latest_yearly": 0.24,
            "eps_growth_yearly": -169.72
        },
        "20044": {
            "year_quarter": 20044,
            "year": 2004,
            "quarter": 4,
            "eps": -0.01,
            "eps_growth_year": null,
            "eps_4q": 0.46,
            "eps_4q_growth_year": null,
            "roe": -0.08,
            "roe_4q": 4.01,
            "gross_profit": 180189,
            "gross_margin": 12.14,
            "gross_margin_4q_avg": 13.09,
            "net_income": -4322,
            "net_income_4q": null,
            "revenue": 1484832,
            "revenue_4q": null,
            "common_shares": 4810804,
            "book_valuer_per_share": 10.77,
            "book_valuer_per_share_4q_avg": 10.96,
            "equity": 5179593,
            "current_ratio": 169.31,
            "debt_ratio": 35.89,
            "inventory_turnover_ratio": 0.6,
            "account_receivable_turnover_ratio": null,
            "reinvestment_rate": null,
            "research_to_sale_ratio": null,
            "price_fair": 0.96,
            "eps_avg_yearly": 0.32,
            "eps_latest_yearly": 0.24,
            "eps_growth_yearly": -169.72
        },
        "20051": {
            "year_quarter": 20051,
            "year": 2005,
            "quarter": 1,
            "eps": 0.17,
            "eps_growth_year": -37.04,
            "eps_4q": 0.37,
            "eps_4q_growth_year": null,
            "roe": 1.44,
            "roe_4q": 3.17,
            "gross_profit": 220623,
            "gross_margin": 14.67,
            "gross_margin_4q_avg": 12.84,
            "net_income": 75072,
            "net_income_4q": null,
            "revenue": 1503467,
            "revenue_4q": null,
            "common_shares": 4810804,
            "book_valuer_per_share": 10.9,
            "book_valuer_per_share_4q_avg": 10.92,
            "equity": 5241831,
            "current_ratio": 185.98,
            "debt_ratio": 33.85,
            "inventory_turnover_ratio": 0.58,
            "account_receivable_turnover_ratio": null,
            "reinvestment_rate": null,
            "research_to_sale_ratio": null,
            "price_fair": 0.96,
            "eps_avg_yearly": 0.32,
            "eps_latest_yearly": 0.24,
            "eps_growth_yearly": -169.72
        },
        "20052": {
            "year_quarter": 20052,
            "year": 2005,
            "quarter": 2,
            "eps": -0.06,
            "eps_growth_year": -140,
            "eps_4q": 0.14,
            "eps_4q_growth_year": null,
            "roe": -0.57,
            "roe_4q": 1.27,
            "gross_profit": 168463,
            "gross_margin": 12.27,
            "gross_margin_4q_avg": 12.5,
            "net_income": -29468,
            "net_income_4q": null,
            "revenue": 1373035,
            "revenue_4q": null,
            "common_shares": 4810804,
            "book_valuer_per_share": 10.63,
            "book_valuer_per_share_4q_avg": 10.8,
            "equity": 5116211,
            "current_ratio": 180.75,
            "debt_ratio": 33.44,
            "inventory_turnover_ratio": 0.57,
            "account_receivable_turnover_ratio": null,
            "reinvestment_rate": null,
            "research_to_sale_ratio": null,
            "price_fair": 0.96,
            "eps_avg_yearly": 0.32,
            "eps_latest_yearly": 0.24,
            "eps_growth_yearly": -169.72
        },
        "20053": {
            "year_quarter": 20053,
            "year": 2005,
            "quarter": 3,
            "eps": -0.07,
            "eps_growth_year": -216.67,
            "eps_4q": 0.02,
            "eps_4q_growth_year": null,
            "roe": -0.64,
            "roe_4q": 0.14999999999999997,
            "gross_profit": 172566,
            "gross_margin": 14.59,
            "gross_margin_4q_avg": 13.42,
            "net_income": -32799,
            "net_income_4q": null,
            "revenue": 1182686,
            "revenue_4q": null,
            "common_shares": 4907020,
            "book_valuer_per_share": 10.55,
            "book_valuer_per_share_4q_avg": 10.71,
            "equity": 5176775,
            "current_ratio": 198.4,
            "debt_ratio": 32.82,
            "inventory_turnover_ratio": 0.46,
            "account_receivable_turnover_ratio": null,
            "reinvestment_rate": null,
            "research_to_sale_ratio": null,
            "price_fair": 0.96,
            "eps_avg_yearly": 0.32,
            "eps_latest_yearly": 0.24,
            "eps_growth_yearly": -169.72
        },
        "20054": {
            "year_quarter": 20054,
            "year": 2005,
            "quarter": 4,
            "eps": 0.08,
            "eps_growth_year": null,
            "eps_4q": 0.11,
            "eps_4q_growth_year": -76.33,
            "roe": 0.68,
            "roe_4q": 0.91,
            "gross_profit": 239016,
            "gross_margin": 19.85,
            "gross_margin_4q_avg": 15.35,
            "net_income": 35458,
            "net_income_4q": null,
            "revenue": 1204064,
            "revenue_4q": null,
            "common_shares": 4907020,
            "book_valuer_per_share": 10.66,
            "book_valuer_per_share_4q_avg": 10.69,
            "equity": 5233261,
            "current_ratio": 196.84,
            "debt_ratio": 34.95,
            "inventory_turnover_ratio": 0.41,
            "account_receivable_turnover_ratio": null,
            "reinvestment_rate": null,
            "research_to_sale_ratio": null,
            "price_fair": 0.96,
            "eps_avg_yearly": 0.32,
            "eps_latest_yearly": 0.24,
            "eps_growth_yearly": -169.72
        },
        "20061": {
            "year_quarter": 20061,
            "year": 2006,
            "quarter": 1,
            "eps": 0.04,
            "eps_growth_year": -76.47,
            "eps_4q": -0.03,
            "eps_4q_growth_year": -106.73,
            "roe": 0.31,
            "roe_4q": -0.21999999999999997,
            "gross_profit": 202387,
            "gross_margin": 15.89,
            "gross_margin_4q_avg": 15.65,
            "net_income": 16470,
            "net_income_4q": null,
            "revenue": 1273862,
            "revenue_4q": null,
            "common_shares": 4907020,
            "book_valuer_per_share": 10.72,
            "book_valuer_per_share_4q_avg": 10.64,
            "equity": 5261329,
            "current_ratio": 208.93,
            "debt_ratio": 32.32,
            "inventory_turnover_ratio": 0.45,
            "account_receivable_turnover_ratio": null,
            "reinvestment_rate": null,
            "research_to_sale_ratio": null,
            "price_fair": 0.86,
            "eps_avg_yearly": 0.29,
            "eps_latest_yearly": 0.16,
            "eps_growth_yearly": -175.78
        },
        "20062": {
            "year_quarter": 20062,
            "year": 2006,
            "quarter": 2,
            "eps": 0.12,
            "eps_growth_year": null,
            "eps_4q": 0.16,
            "eps_4q_growth_year": 17.86,
            "roe": 1.03,
            "roe_4q": 1.38,
            "gross_profit": 239212,
            "gross_margin": 15.92,
            "gross_margin_4q_avg": 16.56,
            "net_income": 54287,
            "net_income_4q": null,
            "revenue": 1502580,
            "revenue_4q": null,
            "common_shares": 4907020,
            "book_valuer_per_share": 10.73,
            "book_valuer_per_share_4q_avg": 10.67,
            "equity": 5263012,
            "current_ratio": 435.52,
            "debt_ratio": 32.98,
            "inventory_turnover_ratio": 0.55,
            "account_receivable_turnover_ratio": null,
            "reinvestment_rate": null,
            "research_to_sale_ratio": null,
            "price_fair": 0.94,
            "eps_avg_yearly": 0.31,
            "eps_latest_yearly": 0.48,
            "eps_growth_yearly": -25.78
        },
        "20063": {
            "year_quarter": 20063,
            "year": 2006,
            "quarter": 3,
            "eps": -0.07,
            "eps_growth_year": null,
            "eps_4q": 0.15,
            "eps_4q_growth_year": 773.17,
            "roe": -0.61,
            "roe_4q": 1.4100000000000001,
            "gross_profit": 122318,
            "gross_margin": 9.76,
            "gross_margin_4q_avg": 15.36,
            "net_income": -32189,
            "net_income_4q": null,
            "revenue": 1253271,
            "revenue_4q": null,
            "common_shares": 4904161,
            "book_valuer_per_share": 10.74,
            "book_valuer_per_share_4q_avg": 10.71,
            "equity": 5265227,
            "current_ratio": 350.32,
            "debt_ratio": 33.83,
            "inventory_turnover_ratio": 0.49,
            "account_receivable_turnover_ratio": null,
            "reinvestment_rate": null,
            "research_to_sale_ratio": null,
            "price_fair": 12.95,
            "eps_avg_yearly": 0.37,
            "eps_latest_yearly": 0.48,
            "eps_growth_yearly": 45.56
        },
        "20064": {
            "year_quarter": 20064,
            "year": 2006,
            "quarter": 4,
            "eps": 0.08,
            "eps_growth_year": 0,
            "eps_4q": 0.16,
            "eps_4q_growth_year": 50.23,
            "roe": 0.71,
            "roe_4q": 1.44,
            "gross_profit": 176484,
            "gross_margin": 13.12,
            "gross_margin_4q_avg": 13.67,
            "net_income": 36911,
            "net_income_4q": null,
            "revenue": 1345104,
            "revenue_4q": null,
            "common_shares": 4904161,
            "book_valuer_per_share": 10.57,
            "book_valuer_per_share_4q_avg": 10.69,
            "equity": 5183713,
            "current_ratio": 159.09,
            "debt_ratio": 45.05,
            "inventory_turnover_ratio": 0.45,
            "account_receivable_turnover_ratio": null,
            "reinvestment_rate": null,
            "research_to_sale_ratio": null,
            "price_fair": 12.95,
            "eps_avg_yearly": 0.37,
            "eps_latest_yearly": 0.48,
            "eps_growth_yearly": 45.56
        },
        "20071": {
            "year_quarter": 20071,
            "year": 2007,
            "quarter": 1,
            "eps": 0.02,
            "eps_growth_year": -50,
            "eps_4q": 0.13,
            "eps_4q_growth_year": null,
            "roe": 0.2,
            "roe_4q": 1.33,
            "gross_profit": 156400,
            "gross_margin": 12.55,
            "gross_margin_4q_avg": 12.84,
            "net_income": 10356,
            "net_income_4q": null,
            "revenue": 1246126,
            "revenue_4q": null,
            "common_shares": 4904161,
            "book_valuer_per_share": 10.85,
            "book_valuer_per_share_4q_avg": 10.72,
            "equity": 5319005,
            "current_ratio": 263.95,
            "debt_ratio": 33.23,
            "inventory_turnover_ratio": 0.43,
            "account_receivable_turnover_ratio": null,
            "reinvestment_rate": null,
            "research_to_sale_ratio": null,
            "price_fair": 0.94,
            "eps_avg_yearly": 0.31,
            "eps_latest_yearly": 0.08,
            "eps_growth_yearly": -23.56
        },
        "20072": {
            "year_quarter": 20072,
            "year": 2007,
            "quarter": 2,
            "eps": 0.13,
            "eps_growth_year": 8.33,
            "eps_4q": 0.16,
            "eps_4q_growth_year": 0.34,
            "roe": 1.12,
            "roe_4q": 1.4200000000000004,
            "gross_profit": 232486,
            "gross_margin": 15.65,
            "gross_margin_4q_avg": 12.77,
            "net_income": 59703,
            "net_income_4q": null,
            "revenue": 1485268,
            "revenue_4q": null,
            "common_shares": 4904161,
            "book_valuer_per_share": 10.86,
            "book_valuer_per_share_4q_avg": 10.76,
            "equity": 5327123,
            "current_ratio": 247.11,
            "debt_ratio": 35.03,
            "inventory_turnover_ratio": 0.57,
            "account_receivable_turnover_ratio": null,
            "reinvestment_rate": null,
            "research_to_sale_ratio": null,
            "price_fair": 12.13,
            "eps_avg_yearly": 0.35,
            "eps_latest_yearly": 0.52,
            "eps_growth_yearly": 347.04
        },
        "20073": {
            "year_quarter": 20073,
            "year": 2007,
            "quarter": 3,
            "eps": 0.08,
            "eps_growth_year": null,
            "eps_4q": 0.3,
            "eps_4q_growth_year": 101.4,
            "roe": 0.71,
            "roe_4q": 2.74,
            "gross_profit": 194500,
            "gross_margin": 14.53,
            "gross_margin_4q_avg": 13.96,
            "net_income": 38202,
            "net_income_4q": null,
            "revenue": 1338671,
            "revenue_4q": null,
            "common_shares": 4904161,
            "book_valuer_per_share": 11.06,
            "book_valuer_per_share_4q_avg": 10.84,
            "equity": 5423867,
            "current_ratio": 249.42,
            "debt_ratio": 33.65,
            "inventory_turnover_ratio": 0.52,
            "account_receivable_turnover_ratio": null,
            "reinvestment_rate": null,
            "research_to_sale_ratio": null,
            "price_fair": 12,
            "eps_avg_yearly": 0.34,
            "eps_latest_yearly": 0.32,
            "eps_growth_yearly": 275.48
        },
        "20074": {
            "year_quarter": 20074,
            "year": 2007,
            "quarter": 4,
            "eps": 0.02,
            "eps_growth_year": -75,
            "eps_4q": 0.32,
            "eps_4q_growth_year": 93.78,
            "roe": 0.13,
            "roe_4q": 2.16,
            "gross_profit": 187306,
            "gross_margin": 14.96,
            "gross_margin_4q_avg": 14.42,
            "net_income": 7290,
            "net_income_4q": null,
            "revenue": 1252044,
            "revenue_4q": null,
            "common_shares": 4904161,
            "book_valuer_per_share": 11.08,
            "book_valuer_per_share_4q_avg": 10.96,
            "equity": 5433501,
            "current_ratio": 204.94,
            "debt_ratio": 39.9,
            "inventory_turnover_ratio": 0.41,
            "account_receivable_turnover_ratio": null,
            "reinvestment_rate": 92.29,
            "research_to_sale_ratio": null,
            "price_fair": 10.85,
            "eps_avg_yearly": 0.31,
            "eps_latest_yearly": 0.08,
            "eps_growth_yearly": 203.55
        },
        "20081": {
            "year_quarter": 20081,
            "year": 2008,
            "quarter": 1,
            "eps": 0,
            "eps_growth_year": -100,
            "eps_4q": 0.22,
            "eps_4q_growth_year": 61.71,
            "roe": 0.02,
            "roe_4q": 1.98,
            "gross_profit": 202898,
            "gross_margin": 13.37,
            "gross_margin_4q_avg": 14.63,
            "net_income": 1046,
            "net_income_4q": null,
            "revenue": 1517511,
            "revenue_4q": null,
            "common_shares": 4904161,
            "book_valuer_per_share": 10.82,
            "book_valuer_per_share_4q_avg": 10.96,
            "equity": 5304154,
            "current_ratio": 200.77,
            "debt_ratio": 39.53,
            "inventory_turnover_ratio": 0.43,
            "account_receivable_turnover_ratio": null,
            "reinvestment_rate": 263.06,
            "research_to_sale_ratio": null,
            "price_fair": 10.85,
            "eps_avg_yearly": 0.31,
            "eps_latest_yearly": 0.08,
            "eps_growth_yearly": 203.55
        },
        "20082": {
            "year_quarter": 20082,
            "year": 2008,
            "quarter": 2,
            "eps": -0.15,
            "eps_growth_year": -215.38,
            "eps_4q": -0.04,
            "eps_4q_growth_year": -127.02,
            "roe": -1.31,
            "roe_4q": -0.4500000000000002,
            "gross_profit": 154688,
            "gross_margin": 10.05,
            "gross_margin_4q_avg": 13.23,
            "net_income": -68114,
            "net_income_4q": null,
            "revenue": 1539338,
            "revenue_4q": null,
            "common_shares": 4904161,
            "book_valuer_per_share": 10.33,
            "book_valuer_per_share_4q_avg": 10.82,
            "equity": 5066017,
            "current_ratio": 175.49,
            "debt_ratio": 40.77,
            "inventory_turnover_ratio": 0.46,
            "account_receivable_turnover_ratio": null,
            "reinvestment_rate": 468.7,
            "research_to_sale_ratio": null,
            "price_fair": 9.4,
            "eps_avg_yearly": 0.27,
            "eps_latest_yearly": 0.08,
            "eps_growth_yearly": 258.02
        },
        "20083": {
            "year_quarter": 20083,
            "year": 2008,
            "quarter": 3,
            "eps": -0.3,
            "eps_growth_year": -475,
            "eps_4q": -0.4,
            "eps_4q_growth_year": -231.57,
            "roe": -2.65,
            "roe_4q": -3.81,
            "gross_profit": 5827,
            "gross_margin": 0.43,
            "gross_margin_4q_avg": 9.7,
            "net_income": -136379,
            "net_income_4q": null,
            "revenue": 1352078,
            "revenue_4q": null,
            "common_shares": 4904161,
            "book_valuer_per_share": 10.64,
            "book_valuer_per_share_4q_avg": 10.72,
            "equity": 5215968,
            "current_ratio": 166.58,
            "debt_ratio": 42.47,
            "inventory_turnover_ratio": 0.44,
            "account_receivable_turnover_ratio": null,
            "reinvestment_rate": 4742.29,
            "research_to_sale_ratio": null,
            "price_fair": 9.57,
            "eps_avg_yearly": 0.27,
            "eps_latest_yearly": 0.08,
            "eps_growth_yearly": 341.03
        },
        "20084": {
            "year_quarter": 20084,
            "year": 2008,
            "quarter": 4,
            "eps": -0.7,
            "eps_growth_year": -3600,
            "eps_4q": -1.15,
            "eps_4q_growth_year": -462.76,
            "roe": -6.36,
            "roe_4q": -10.3,
            "gross_profit": -134925,
            "gross_margin": -7.82,
            "gross_margin_4q_avg": 4.01,
            "net_income": -320098,
            "net_income_4q": null,
            "revenue": 1724855,
            "revenue_4q": null,
            "common_shares": 4904161,
            "book_valuer_per_share": 9.88,
            "book_valuer_per_share_4q_avg": 10.42,
            "equity": 4846973,
            "current_ratio": 177.24,
            "debt_ratio": 44.94,
            "inventory_turnover_ratio": 0.64,
            "account_receivable_turnover_ratio": 4.16,
            "reinvestment_rate": null,
            "research_to_sale_ratio": null,
            "price_fair": 9.57,
            "eps_avg_yearly": 0.27,
            "eps_latest_yearly": 0.08,
            "eps_growth_yearly": 341.03
        },
        "20091": {
            "year_quarter": 20091,
            "year": 2009,
            "quarter": 1,
            "eps": 0.09,
            "eps_growth_year": null,
            "eps_4q": -1.06,
            "eps_4q_growth_year": -591.08,
            "roe": 0.84,
            "roe_4q": -9.48,
            "gross_profit": 215859,
            "gross_margin": 16.5,
            "gross_margin_4q_avg": 4.79,
            "net_income": 40918,
            "net_income_4q": null,
            "revenue": 1308420,
            "revenue_4q": null,
            "common_shares": 4825782,
            "book_valuer_per_share": 10.22,
            "book_valuer_per_share_4q_avg": 10.27,
            "equity": 4934319,
            "current_ratio": 185.75,
            "debt_ratio": 45.64,
            "inventory_turnover_ratio": 0.39,
            "account_receivable_turnover_ratio": 1.61,
            "reinvestment_rate": null,
            "research_to_sale_ratio": null,
            "price_fair": 9.57,
            "eps_avg_yearly": 0.27,
            "eps_latest_yearly": 0.08,
            "eps_growth_yearly": 341.03
        },
        "20092": {
            "year_quarter": 20092,
            "year": 2009,
            "quarter": 2,
            "eps": 0.05,
            "eps_growth_year": null,
            "eps_4q": -0.9,
            "eps_4q_growth_year": null,
            "roe": 0.44,
            "roe_4q": -7.73,
            "gross_profit": 268843,
            "gross_margin": 17.7,
            "gross_margin_4q_avg": 6.7,
            "net_income": 21890,
            "net_income_4q": null,
            "revenue": 1518841,
            "revenue_4q": null,
            "common_shares": 4825781,
            "book_valuer_per_share": 10.2,
            "book_valuer_per_share_4q_avg": 10.24,
            "equity": 4921704,
            "current_ratio": 211.65,
            "debt_ratio": 44.23,
            "inventory_turnover_ratio": 0.45,
            "account_receivable_turnover_ratio": 1.8,
            "reinvestment_rate": null,
            "research_to_sale_ratio": null,
            "price_fair": 9.2,
            "eps_avg_yearly": 0.26,
            "eps_latest_yearly": 0.2,
            "eps_growth_yearly": 266.91
        },
        "20093": {
            "year_quarter": 20093,
            "year": 2009,
            "quarter": 3,
            "eps": -0.13,
            "eps_growth_year": null,
            "eps_4q": -0.67,
            "eps_4q_growth_year": null,
            "roe": -1.2,
            "roe_4q": -6.28,
            "gross_profit": 159302,
            "gross_margin": 12.9,
            "gross_margin_4q_avg": 9.82,
            "net_income": -58834,
            "net_income_4q": null,
            "revenue": 1235183,
            "revenue_4q": null,
            "common_shares": 4711891,
            "book_valuer_per_share": 10.35,
            "book_valuer_per_share_4q_avg": 10.16,
            "equity": 4877468,
            "current_ratio": 222.91,
            "debt_ratio": 43.84,
            "inventory_turnover_ratio": 0.39,
            "account_receivable_turnover_ratio": 1.37,
            "reinvestment_rate": null,
            "research_to_sale_ratio": null,
            "price_fair": 9.2,
            "eps_avg_yearly": 0.26,
            "eps_latest_yearly": 0.2,
            "eps_growth_yearly": 266.91
        },
        "20094": {
            "year_quarter": 20094,
            "year": 2009,
            "quarter": 4,
            "eps": 0,
            "eps_growth_year": null,
            "eps_4q": 0.01,
            "eps_4q_growth_year": null,
            "roe": 0.04,
            "roe_4q": 0.12,
            "gross_profit": 240598,
            "gross_margin": 16.18,
            "gross_margin_4q_avg": 15.82,
            "net_income": 2159,
            "net_income_4q": null,
            "revenue": 1486586,
            "revenue_4q": null,
            "common_shares": 4711891,
            "book_valuer_per_share": 11.17,
            "book_valuer_per_share_4q_avg": 10.49,
            "equity": 4888685,
            "current_ratio": 177.66,
            "debt_ratio": 43.48,
            "inventory_turnover_ratio": 0.44,
            "account_receivable_turnover_ratio": 3.33,
            "reinvestment_rate": null,
            "research_to_sale_ratio": null,
            "price_fair": 9.2,
            "eps_avg_yearly": 0.26,
            "eps_latest_yearly": 0.2,
            "eps_growth_yearly": 266.91
        },
        "20101": {
            "year_quarter": 20101,
            "year": 2010,
            "quarter": 1,
            "eps": -2.96,
            "eps_growth_year": -3388.89,
            "eps_4q": -3.04,
            "eps_4q_growth_year": null,
            "roe": -30.58,
            "roe_4q": -31.299999999999997,
            "gross_profit": 165631,
            "gross_margin": 13.9,
            "gross_margin_4q_avg": 15.17,
            "net_income": -1295236,
            "net_income_4q": null,
            "revenue": 1191812,
            "revenue_4q": null,
            "common_shares": 4711891,
            "book_valuer_per_share": 8.19,
            "book_valuer_per_share_4q_avg": 9.98,
            "equity": 3582990,
            "current_ratio": 115.07,
            "debt_ratio": 51.84,
            "inventory_turnover_ratio": 0.4,
            "account_receivable_turnover_ratio": 1.42,
            "reinvestment_rate": null,
            "research_to_sale_ratio": 3.74,
            "price_fair": 9.8,
            "eps_avg_yearly": 0.28,
            "eps_latest_yearly": 0.2,
            "eps_growth_yearly": 344.73
        },
        "20102": {
            "year_quarter": 20102,
            "year": 2010,
            "quarter": 2,
            "eps": -0.02,
            "eps_growth_year": -133.3,
            "eps_4q": -3.11,
            "eps_4q_growth_year": null,
            "roe": -0.2,
            "roe_4q": -31.939999999999998,
            "gross_profit": 225519,
            "gross_margin": 14.4,
            "gross_margin_4q_avg": 14.35,
            "net_income": -7285,
            "net_income_4q": null,
            "revenue": 1566080,
            "revenue_4q": null,
            "common_shares": 4711891,
            "book_valuer_per_share": 8.18,
            "book_valuer_per_share_4q_avg": 9.47,
            "equity": 3578724,
            "current_ratio": 111.98,
            "debt_ratio": 56.18,
            "inventory_turnover_ratio": 0.59,
            "account_receivable_turnover_ratio": 1.76,
            "reinvestment_rate": null,
            "research_to_sale_ratio": 2.53,
            "price_fair": 8.4,
            "eps_avg_yearly": 0.24,
            "eps_latest_yearly": 0.2,
            "eps_growth_yearly": 253.68
        },
        "20103": {
            "year_quarter": 20103,
            "year": 2010,
            "quarter": 3,
            "eps": 0.02,
            "eps_growth_year": null,
            "eps_4q": -2.95,
            "eps_4q_growth_year": null,
            "roe": 0.23,
            "roe_4q": -30.509999999999998,
            "gross_profit": 236302,
            "gross_margin": 15.18,
            "gross_margin_4q_avg": 14.92,
            "net_income": 8260,
            "net_income_4q": null,
            "revenue": 1556151,
            "revenue_4q": null,
            "common_shares": 4711891,
            "book_valuer_per_share": 8.31,
            "book_valuer_per_share_4q_avg": 8.96,
            "equity": 3636374,
            "current_ratio": 123.72,
            "debt_ratio": 56.99,
            "inventory_turnover_ratio": 0.53,
            "account_receivable_turnover_ratio": 1.54,
            "reinvestment_rate": null,
            "research_to_sale_ratio": 2.83,
            "price_fair": 8.4,
            "eps_avg_yearly": 0.24,
            "eps_latest_yearly": 0.2,
            "eps_growth_yearly": 253.68
        },
        "20104": {
            "year_quarter": 20104,
            "year": 2010,
            "quarter": 4,
            "eps": -0.28,
            "eps_growth_year": null,
            "eps_4q": -3.24,
            "eps_4q_growth_year": -23170.27,
            "roe": -3.41,
            "roe_4q": -33.96,
            "gross_profit": 203572,
            "gross_margin": 11.09,
            "gross_margin_4q_avg": 13.64,
            "net_income": -121059,
            "net_income_4q": null,
            "revenue": 1834972,
            "revenue_4q": null,
            "common_shares": 4711891,
            "book_valuer_per_share": 7.9,
            "book_valuer_per_share_4q_avg": 8.15,
            "equity": 3457610,
            "current_ratio": 131.17,
            "debt_ratio": 60.15,
            "inventory_turnover_ratio": 0.59,
            "account_receivable_turnover_ratio": 1.88,
            "reinvestment_rate": null,
            "research_to_sale_ratio": 2.22,
            "price_fair": 8.4,
            "eps_avg_yearly": 0.24,
            "eps_latest_yearly": 0.2,
            "eps_growth_yearly": 253.68
        },
        "20111": {
            "year_quarter": 20111,
            "year": 2011,
            "quarter": 1,
            "eps": 0.08,
            "eps_growth_year": null,
            "eps_4q": -0.2,
            "eps_4q_growth_year": null,
            "roe": 0.96,
            "roe_4q": -2.4200000000000004,
            "gross_profit": 227694,
            "gross_margin": 13.88,
            "gross_margin_4q_avg": 13.64,
            "net_income": 33287,
            "net_income_4q": null,
            "revenue": 1640767,
            "revenue_4q": null,
            "common_shares": 4711891,
            "book_valuer_per_share": 7.98,
            "book_valuer_per_share_4q_avg": 8.09,
            "equity": 3490318,
            "current_ratio": 152.7,
            "debt_ratio": 59.44,
            "inventory_turnover_ratio": 0.46,
            "account_receivable_turnover_ratio": 1.93,
            "reinvestment_rate": null,
            "research_to_sale_ratio": 2.45,
            "price_fair": 9.8,
            "eps_avg_yearly": 0.28,
            "eps_latest_yearly": 0.2,
            "eps_growth_yearly": 392.09
        },
        "20112": {
            "year_quarter": 20112,
            "year": 2011,
            "quarter": 2,
            "eps": 0.07,
            "eps_growth_year": null,
            "eps_4q": -0.12,
            "eps_4q_growth_year": null,
            "roe": 0.84,
            "roe_4q": -1.3800000000000003,
            "gross_profit": 284880,
            "gross_margin": 15.97,
            "gross_margin_4q_avg": 14.03,
            "net_income": 29185,
            "net_income_4q": null,
            "revenue": 1783968,
            "revenue_4q": null,
            "common_shares": 4711891,
            "book_valuer_per_share": 8,
            "book_valuer_per_share_4q_avg": 8.05,
            "equity": 3499244,
            "current_ratio": 149.21,
            "debt_ratio": 57.76,
            "inventory_turnover_ratio": 0.47,
            "account_receivable_turnover_ratio": 2.59,
            "reinvestment_rate": null,
            "research_to_sale_ratio": 2.21,
            "price_fair": 0.66,
            "eps_avg_yearly": 0.22,
            "eps_latest_yearly": 0.28,
            "eps_growth_yearly": -170.41
        },
        "20113": {
            "year_quarter": 20113,
            "year": 2011,
            "quarter": 3,
            "eps": 0.11,
            "eps_growth_year": 488.32,
            "eps_4q": -0.02,
            "eps_4q_growth_year": null,
            "roe": 1.37,
            "roe_4q": -0.2400000000000002,
            "gross_profit": 223609,
            "gross_margin": 11.75,
            "gross_margin_4q_avg": 13.17,
            "net_income": 48588,
            "net_income_4q": null,
            "revenue": 1902745,
            "revenue_4q": null,
            "common_shares": 4711891,
            "book_valuer_per_share": 8.21,
            "book_valuer_per_share_4q_avg": 8.02,
            "equity": 3593608,
            "current_ratio": 148.35,
            "debt_ratio": 58.27,
            "inventory_turnover_ratio": 0.53,
            "account_receivable_turnover_ratio": 2.83,
            "reinvestment_rate": null,
            "research_to_sale_ratio": 2.15,
            "price_fair": 0.75,
            "eps_avg_yearly": 0.25,
            "eps_latest_yearly": 0.44,
            "eps_growth_yearly": -74.8
        },
        "20114": {
            "year_quarter": 20114,
            "year": 2011,
            "quarter": 4,
            "eps": 0.21,
            "eps_growth_year": null,
            "eps_4q": 0.47,
            "eps_4q_growth_year": null,
            "roe": 2.55,
            "roe_4q": 5.72,
            "gross_profit": 397430,
            "gross_margin": 18.15,
            "gross_margin_4q_avg": 14.94,
            "net_income": 93110,
            "net_income_4q": null,
            "revenue": 2189623,
            "revenue_4q": null,
            "common_shares": 4711891,
            "book_valuer_per_share": 8.49,
            "book_valuer_per_share_4q_avg": 8.17,
            "equity": 3712350,
            "current_ratio": 139.87,
            "debt_ratio": 56.07,
            "inventory_turnover_ratio": 0.57,
            "account_receivable_turnover_ratio": 3.05,
            "reinvestment_rate": null,
            "research_to_sale_ratio": 1.84,
            "price_fair": 15.4,
            "eps_avg_yearly": 0.44,
            "eps_latest_yearly": 0.84,
            "eps_growth_yearly": 91.11
        },
        "20121": {
            "year_quarter": 20121,
            "year": 2012,
            "quarter": 1,
            "eps": 1.24,
            "eps_growth_year": 1450,
            "eps_4q": 1.63,
            "eps_4q_growth_year": null,
            "roe": 13.57,
            "roe_4q": 18.330000000000002,
            "gross_profit": 330748,
            "gross_margin": 17.11,
            "gross_margin_4q_avg": 15.75,
            "net_income": 540384,
            "net_income_4q": null,
            "revenue": 1932529,
            "revenue_4q": null,
            "common_shares": 4711891,
            "book_valuer_per_share": 9.72,
            "book_valuer_per_share_4q_avg": 8.61,
            "equity": 4253926,
            "current_ratio": 136.03,
            "debt_ratio": 50.83,
            "inventory_turnover_ratio": 0.51,
            "account_receivable_turnover_ratio": 2.85,
            "reinvestment_rate": null,
            "research_to_sale_ratio": 2.16,
            "price_fair": 47.04,
            "eps_avg_yearly": 1.34,
            "eps_latest_yearly": 4.96,
            "eps_growth_yearly": 465.27
        },
        "20122": {
            "year_quarter": 20122,
            "year": 2012,
            "quarter": 2,
            "eps": 0.09,
            "eps_growth_year": 40.73,
            "eps_4q": 1.65,
            "eps_4q_growth_year": null,
            "roe": 0.96,
            "roe_4q": 18.450000000000003,
            "gross_profit": 309417,
            "gross_margin": 16.86,
            "gross_margin_4q_avg": 15.97,
            "net_income": 41071,
            "net_income_4q": null,
            "revenue": 1835567,
            "revenue_4q": null,
            "common_shares": 4711891,
            "book_valuer_per_share": 9.77,
            "book_valuer_per_share_4q_avg": 9.05,
            "equity": 4275742,
            "current_ratio": 151.37,
            "debt_ratio": 49.69,
            "inventory_turnover_ratio": 0.48,
            "account_receivable_turnover_ratio": 2.81,
            "reinvestment_rate": null,
            "research_to_sale_ratio": 2.16,
            "price_fair": 41.3,
            "eps_avg_yearly": 1.18,
            "eps_latest_yearly": 0.36,
            "eps_growth_yearly": 325.89
        },
        "20123": {
            "year_quarter": 20123,
            "year": 2012,
            "quarter": 3,
            "eps": 0.01,
            "eps_growth_year": -89.35,
            "eps_4q": 1.55,
            "eps_4q_growth_year": null,
            "roe": 0.12,
            "roe_4q": 17.2,
            "gross_profit": 238233,
            "gross_margin": 13.87,
            "gross_margin_4q_avg": 16.5,
            "net_income": 5171,
            "net_income_4q": null,
            "revenue": 1717343,
            "revenue_4q": null,
            "common_shares": 4711891,
            "book_valuer_per_share": 9.79,
            "book_valuer_per_share_4q_avg": 9.44,
            "equity": 4282194,
            "current_ratio": 135.38,
            "debt_ratio": 50.61,
            "inventory_turnover_ratio": 0.45,
            "account_receivable_turnover_ratio": 2.53,
            "reinvestment_rate": null,
            "research_to_sale_ratio": 2.49,
            "price_fair": 35.6,
            "eps_avg_yearly": 1.02,
            "eps_latest_yearly": 0.04,
            "eps_growth_yearly": 228.54
        },
        "20124": {
            "year_quarter": 20124,
            "year": 2012,
            "quarter": 4,
            "eps": -0.01,
            "eps_growth_year": -106.97,
            "eps_4q": 1.33,
            "eps_4q_growth_year": 184.15,
            "roe": -0.15,
            "roe_4q": 14.5,
            "gross_profit": 244858,
            "gross_margin": 12.93,
            "gross_margin_4q_avg": 15.19,
            "net_income": -6494,
            "net_income_4q": null,
            "revenue": 1893219,
            "revenue_4q": null,
            "common_shares": 4711891,
            "book_valuer_per_share": 9.76,
            "book_valuer_per_share_4q_avg": 9.76,
            "equity": 4271659,
            "current_ratio": 139.17,
            "debt_ratio": 49.71,
            "inventory_turnover_ratio": 0.5,
            "account_receivable_turnover_ratio": 2.81,
            "reinvestment_rate": null,
            "research_to_sale_ratio": 2.3,
            "price_fair": 35.6,
            "eps_avg_yearly": 1.02,
            "eps_latest_yearly": 0.04,
            "eps_growth_yearly": 228.54
        },
        "20131": {
            "year_quarter": 20131,
            "year": 2013,
            "quarter": 1,
            "eps": 0.17,
            "eps_growth_year": -86.29,
            "eps_4q": 0.26,
            "eps_4q_growth_year": -83.84,
            "roe": 1.75,
            "roe_4q": 2.68,
            "gross_profit": 241457,
            "gross_margin": 13.89,
            "gross_margin_4q_avg": 14.39,
            "net_income": 75161,
            "net_income_4q": null,
            "revenue": 1738216,
            "revenue_4q": null,
            "common_shares": 4711891,
            "book_valuer_per_share": 9.9,
            "book_valuer_per_share_4q_avg": 9.81,
            "equity": 4331926,
            "current_ratio": 146.65,
            "debt_ratio": 49.58,
            "inventory_turnover_ratio": 0.45,
            "account_receivable_turnover_ratio": 2.47,
            "reinvestment_rate": null,
            "research_to_sale_ratio": 2.69,
            "price_fair": 35.6,
            "eps_avg_yearly": 1.02,
            "eps_latest_yearly": 0.04,
            "eps_growth_yearly": 228.54
        },
        "20132": {
            "year_quarter": 20132,
            "year": 2013,
            "quarter": 2,
            "eps": 0.11,
            "eps_growth_year": 17.17,
            "eps_4q": 0.27,
            "eps_4q_growth_year": -83.44,
            "roe": 1.05,
            "roe_4q": 2.77,
            "gross_profit": 312526,
            "gross_margin": 17.27,
            "gross_margin_4q_avg": 14.49,
            "net_income": 45883,
            "net_income_4q": null,
            "revenue": 1809144,
            "revenue_4q": null,
            "common_shares": 4711891,
            "book_valuer_per_share": 10.01,
            "book_valuer_per_share_4q_avg": 9.87,
            "equity": 4380179,
            "current_ratio": 146.66,
            "debt_ratio": 47.92,
            "inventory_turnover_ratio": 0.43,
            "account_receivable_turnover_ratio": 2.38,
            "reinvestment_rate": null,
            "research_to_sale_ratio": 2.55,
            "price_fair": 36.8,
            "eps_avg_yearly": 1.05,
            "eps_latest_yearly": 0.44,
            "eps_growth_yearly": 233.77
        },
        "20133": {
            "year_quarter": 20133,
            "year": 2013,
            "quarter": 3,
            "eps": 0.05,
            "eps_growth_year": 322.87,
            "eps_4q": 0.32,
            "eps_4q_growth_year": -79.72,
            "roe": 0.53,
            "roe_4q": 3.18,
            "gross_profit": 284051,
            "gross_margin": 15.08,
            "gross_margin_4q_avg": 14.79,
            "net_income": 23286,
            "net_income_4q": null,
            "revenue": 1883426,
            "revenue_4q": null,
            "common_shares": 4711891,
            "book_valuer_per_share": 10.04,
            "book_valuer_per_share_4q_avg": 9.93,
            "equity": 4392440,
            "current_ratio": 148.44,
            "debt_ratio": 48.25,
            "inventory_turnover_ratio": 0.45,
            "account_receivable_turnover_ratio": 2.38,
            "reinvestment_rate": null,
            "research_to_sale_ratio": 2.61,
            "price_fair": 33.08,
            "eps_avg_yearly": 0.95,
            "eps_latest_yearly": 0.2,
            "eps_growth_yearly": 177.28
        },
        "20134": {
            "year_quarter": 20134,
            "year": 2013,
            "quarter": 4,
            "eps": 0.2,
            "eps_growth_year": null,
            "eps_4q": 0.53,
            "eps_4q_growth_year": -60.4,
            "roe": 1.93,
            "roe_4q": 5.26,
            "gross_profit": 365714,
            "gross_margin": 16.53,
            "gross_margin_4q_avg": 15.69,
            "net_income": 85400,
            "net_income_4q": null,
            "revenue": 2212013,
            "revenue_4q": null,
            "common_shares": 4711891,
            "book_valuer_per_share": 10.24,
            "book_valuer_per_share_4q_avg": 10.05,
            "equity": 4479358,
            "current_ratio": 179.97,
            "debt_ratio": 47.31,
            "inventory_turnover_ratio": 0.53,
            "account_receivable_turnover_ratio": 2.71,
            "reinvestment_rate": null,
            "research_to_sale_ratio": 2.14,
            "price_fair": 32.51,
            "eps_avg_yearly": 0.93,
            "eps_latest_yearly": 0.8,
            "eps_growth_yearly": 290.91
        },
        "20141": {
            "year_quarter": 20141,
            "year": 2014,
            "quarter": 1,
            "eps": 0.18,
            "eps_growth_year": 5.88,
            "eps_4q": 0.53,
            "eps_4q_growth_year": 102.09,
            "roe": 1.72,
            "roe_4q": 5.2299999999999995,
            "gross_profit": 304268,
            "gross_margin": 15.99,
            "gross_margin_4q_avg": 16.22,
            "net_income": 77667,
            "net_income_4q": null,
            "revenue": 1903330,
            "revenue_4q": null,
            "common_shares": 4711891,
            "book_valuer_per_share": 10.45,
            "book_valuer_per_share_4q_avg": 10.19,
            "equity": 4570201,
            "current_ratio": 206.42,
            "debt_ratio": 46.47,
            "inventory_turnover_ratio": 0.46,
            "account_receivable_turnover_ratio": 2.33,
            "reinvestment_rate": -33.17,
            "research_to_sale_ratio": 2.95,
            "price_fair": 31.78,
            "eps_avg_yearly": 0.91,
            "eps_latest_yearly": 0.72,
            "eps_growth_yearly": 257.82
        },
        "20142": {
            "year_quarter": 20142,
            "year": 2014,
            "quarter": 2,
            "eps": 0.15,
            "eps_growth_year": 36.36,
            "eps_4q": 0.57,
            "eps_4q_growth_year": 109.82,
            "roe": 1.42,
            "roe_4q": 5.6,
            "gross_profit": 352131,
            "gross_margin": 17.79,
            "gross_margin_4q_avg": 16.35,
            "net_income": 64856,
            "net_income_4q": null,
            "revenue": 1979344,
            "revenue_4q": null,
            "common_shares": 4711891,
            "book_valuer_per_share": 10.37,
            "book_valuer_per_share_4q_avg": 10.28,
            "equity": 4534648,
            "current_ratio": 201.3,
            "debt_ratio": 45.3,
            "inventory_turnover_ratio": 0.46,
            "account_receivable_turnover_ratio": 2.47,
            "reinvestment_rate": -53.79,
            "research_to_sale_ratio": 2.54,
            "price_fair": 30.8,
            "eps_avg_yearly": 0.88,
            "eps_latest_yearly": 0.6,
            "eps_growth_yearly": 228.32
        },
        "20143": {
            "year_quarter": 20143,
            "year": 2014,
            "quarter": 3,
            "eps": 0.17,
            "eps_growth_year": 240,
            "eps_4q": 0.7,
            "eps_4q_growth_year": 120.82,
            "roe": 1.67,
            "roe_4q": 6.739999999999999,
            "gross_profit": 345300,
            "gross_margin": 17.67,
            "gross_margin_4q_avg": 17,
            "net_income": 76453,
            "net_income_4q": null,
            "revenue": 1953991,
            "revenue_4q": null,
            "common_shares": 4711891,
            "book_valuer_per_share": 10.56,
            "book_valuer_per_share_4q_avg": 10.41,
            "equity": 4620076,
            "current_ratio": 181.53,
            "debt_ratio": 46.64,
            "inventory_turnover_ratio": 0.45,
            "account_receivable_turnover_ratio": 2.32,
            "reinvestment_rate": -56.46,
            "research_to_sale_ratio": 3.3,
            "price_fair": 30.22,
            "eps_avg_yearly": 0.86,
            "eps_latest_yearly": 0.68,
            "eps_growth_yearly": 213.74
        },
        "20144": {
            "year_quarter": 20144,
            "year": 2014,
            "quarter": 4,
            "eps": 0.35,
            "eps_growth_year": 81.47,
            "eps_4q": 0.85,
            "eps_4q_growth_year": 62.78,
            "roe": 3.3,
            "roe_4q": 8.11,
            "gross_profit": 448212,
            "gross_margin": 19.31,
            "gross_margin_4q_avg": 17.69,
            "net_income": 154980,
            "net_income_4q": null,
            "revenue": 2321550,
            "revenue_4q": null,
            "common_shares": 4711891,
            "book_valuer_per_share": 10.93,
            "book_valuer_per_share_4q_avg": 10.58,
            "equity": 4780435,
            "current_ratio": 176.68,
            "debt_ratio": 46.33,
            "inventory_turnover_ratio": 0.53,
            "account_receivable_turnover_ratio": 2.47,
            "reinvestment_rate": -29.3,
            "research_to_sale_ratio": 2.48,
            "price_fair": 31.66,
            "eps_avg_yearly": 0.9,
            "eps_latest_yearly": 1.4,
            "eps_growth_yearly": 229.88
        },
        "20151": {
            "year_quarter": 20151,
            "year": 2015,
            "quarter": 1,
            "eps": 0.25,
            "eps_growth_year": 38.89,
            "eps_4q": 0.93,
            "eps_4q_growth_year": 74.97,
            "roe": 2.28,
            "roe_4q": 8.67,
            "gross_profit": 387150,
            "gross_margin": 18.49,
            "gross_margin_4q_avg": 18.32,
            "net_income": 110056,
            "net_income_4q": null,
            "revenue": 2093769,
            "revenue_4q": null,
            "common_shares": 4711891,
            "book_valuer_per_share": 11.15,
            "book_valuer_per_share_4q_avg": 10.75,
            "equity": 4877908,
            "current_ratio": 184.77,
            "debt_ratio": 45.31,
            "inventory_turnover_ratio": 0.49,
            "account_receivable_turnover_ratio": 2.09,
            "reinvestment_rate": -24.65,
            "research_to_sale_ratio": 2.85,
            "price_fair": 31.9,
            "eps_avg_yearly": 0.91,
            "eps_latest_yearly": 1,
            "eps_growth_yearly": 205.3
        },
        "20152": {
            "year_quarter": 20152,
            "year": 2015,
            "quarter": 2,
            "eps": 0.15,
            "eps_growth_year": 0,
            "eps_4q": 0.93,
            "eps_4q_growth_year": 62.53,
            "roe": 1.41,
            "roe_4q": 8.66,
            "gross_profit": 366014,
            "gross_margin": 19.52,
            "gross_margin_4q_avg": 18.75,
            "net_income": 66797,
            "net_income_4q": null,
            "revenue": 1875299,
            "revenue_4q": null,
            "common_shares": 4711891,
            "book_valuer_per_share": 10.55,
            "book_valuer_per_share_4q_avg": 10.8,
            "equity": 4615361,
            "current_ratio": 167.36,
            "debt_ratio": 47.84,
            "inventory_turnover_ratio": 0.44,
            "account_receivable_turnover_ratio": 1.95,
            "reinvestment_rate": -24.17,
            "research_to_sale_ratio": 3.09,
            "price_fair": 32.7,
            "eps_avg_yearly": 0.93,
            "eps_latest_yearly": 0.6,
            "eps_growth_yearly": 197.44
        },
        "20153": {
            "year_quarter": 20153,
            "year": 2015,
            "quarter": 3,
            "eps": 0.21,
            "eps_growth_year": 23.53,
            "eps_4q": 0.97,
            "eps_4q_growth_year": 39.01,
            "roe": 1.96,
            "roe_4q": 8.95,
            "gross_profit": 377192,
            "gross_margin": 18.42,
            "gross_margin_4q_avg": 18.94,
            "net_income": 91284,
            "net_income_4q": null,
            "revenue": 2047275,
            "revenue_4q": null,
            "common_shares": 4711891,
            "book_valuer_per_share": 10.73,
            "book_valuer_per_share_4q_avg": 10.84,
            "equity": 4692812,
            "current_ratio": 167.65,
            "debt_ratio": 48.95,
            "inventory_turnover_ratio": 0.49,
            "account_receivable_turnover_ratio": 2.11,
            "reinvestment_rate": -23.77,
            "research_to_sale_ratio": 3.39,
            "price_fair": 33.7,
            "eps_avg_yearly": 0.96,
            "eps_latest_yearly": 0.84,
            "eps_growth_yearly": 192.54
        },
        "20154": {
            "year_quarter": 20154,
            "year": 2015,
            "quarter": 4,
            "eps": 0.42,
            "eps_growth_year": 18.33,
            "eps_4q": 1.03,
            "eps_4q_growth_year": 20.74,
            "roe": 3.86,
            "roe_4q": 9.51,
            "gross_profit": 509708,
            "gross_margin": 23.44,
            "gross_margin_4q_avg": 19.97,
            "net_income": 183375,
            "net_income_4q": null,
            "revenue": 2174530,
            "revenue_4q": null,
            "common_shares": 4711891,
            "book_valuer_per_share": 11,
            "book_valuer_per_share_4q_avg": 10.86,
            "equity": 4810682,
            "current_ratio": 154.25,
            "debt_ratio": 50.13,
            "inventory_turnover_ratio": 0.48,
            "account_receivable_turnover_ratio": 2.09,
            "reinvestment_rate": -92.44,
            "research_to_sale_ratio": 3.32,
            "price_fair": 35.8,
            "eps_avg_yearly": 1.02,
            "eps_latest_yearly": 1.68,
            "eps_growth_yearly": 195.14
        },
        "20161": {
            "year_quarter": 20161,
            "year": 2016,
            "quarter": 1,
            "eps": 0.27,
            "eps_growth_year": 8,
            "eps_4q": 1.05,
            "eps_4q_growth_year": 12.93,
            "roe": 2.41,
            "roe_4q": 9.64,
            "gross_profit": 478538,
            "gross_margin": 22.51,
            "gross_margin_4q_avg": 20.97,
            "net_income": 117425,
            "net_income_4q": null,
            "revenue": 2126259,
            "revenue_4q": null,
            "common_shares": 4711891,
            "book_valuer_per_share": 11.24,
            "book_valuer_per_share_4q_avg": 10.88,
            "equity": 4915276,
            "current_ratio": 164.45,
            "debt_ratio": 49.22,
            "inventory_turnover_ratio": 0.46,
            "account_receivable_turnover_ratio": 1.9,
            "reinvestment_rate": -109.54,
            "research_to_sale_ratio": 3.51,
            "price_fair": 26.1,
            "eps_avg_yearly": 0.75,
            "eps_latest_yearly": 1.08,
            "eps_growth_yearly": 44.8
        },
        "20162": {
            "year_quarter": 20162,
            "year": 2016,
            "quarter": 2,
            "eps": 0.19,
            "eps_growth_year": 26.67,
            "eps_4q": 1.09,
            "eps_4q_growth_year": 16.65,
            "roe": 1.76,
            "roe_4q": 9.989999999999998,
            "gross_profit": 427307,
            "gross_margin": 21.16,
            "gross_margin_4q_avg": 21.38,
            "net_income": 84191,
            "net_income_4q": null,
            "revenue": 2019314,
            "revenue_4q": null,
            "common_shares": 4711891,
            "book_valuer_per_share": 10.59,
            "book_valuer_per_share_4q_avg": 10.89,
            "equity": 4632878,
            "current_ratio": 150.27,
            "debt_ratio": 51.57,
            "inventory_turnover_ratio": 0.44,
            "account_receivable_turnover_ratio": 1.79,
            "reinvestment_rate": -94.6,
            "research_to_sale_ratio": 3.83,
            "price_fair": 27.1,
            "eps_avg_yearly": 0.77,
            "eps_latest_yearly": 0.76,
            "eps_growth_yearly": 62.83
        },
        "20163": {
            "year_quarter": 20163,
            "year": 2016,
            "quarter": 3,
            "eps": 0.24,
            "eps_growth_year": 14.29,
            "eps_4q": 1.12,
            "eps_4q_growth_year": 16.17,
            "roe": 2.28,
            "roe_4q": 10.31,
            "gross_profit": 469048,
            "gross_margin": 20.7,
            "gross_margin_4q_avg": 21.95,
            "net_income": 106544,
            "net_income_4q": null,
            "revenue": 2265531,
            "revenue_4q": null,
            "common_shares": 4711891,
            "book_valuer_per_share": 10.74,
            "book_valuer_per_share_4q_avg": 10.89,
            "equity": 4700744,
            "current_ratio": 165.43,
            "debt_ratio": 52.54,
            "inventory_turnover_ratio": 0.48,
            "account_receivable_turnover_ratio": 1.98,
            "reinvestment_rate": -81.33,
            "research_to_sale_ratio": 3.74,
            "price_fair": 29.4,
            "eps_avg_yearly": 0.84,
            "eps_latest_yearly": 0.96,
            "eps_growth_yearly": 95.75
        },
        "20164": {
            "year_quarter": 20164,
            "year": 2016,
            "quarter": 4,
            "eps": 0.49,
            "eps_growth_year": 17.94,
            "eps_4q": 1.2,
            "eps_4q_growth_year": 16.15,
            "roe": 4.52,
            "roe_4q": 10.969999999999999,
            "gross_profit": 559858,
            "gross_margin": 23.33,
            "gross_margin_4q_avg": 21.93,
            "net_income": 216267,
            "net_income_4q": null,
            "revenue": 2399382,
            "revenue_4q": null,
            "common_shares": 4711891,
            "book_valuer_per_share": 11.11,
            "book_valuer_per_share_4q_avg": 10.92,
            "equity": 4862347,
            "current_ratio": 160.86,
            "debt_ratio": 50.47,
            "inventory_turnover_ratio": 0.5,
            "account_receivable_turnover_ratio": 1.96,
            "reinvestment_rate": -53.67,
            "research_to_sale_ratio": 3.81,
            "price_fair": 32.01,
            "eps_avg_yearly": 0.91,
            "eps_latest_yearly": 1.96,
            "eps_growth_yearly": 117.14
        },
        "20171": {
            "year_quarter": 20171,
            "year": 2017,
            "quarter": 1,
            "eps": 0.1,
            "eps_growth_year": -62.96,
            "eps_4q": 1.03,
            "eps_4q_growth_year": -1.58,
            "roe": 0.92,
            "roe_4q": 9.479999999999999,
            "gross_profit": 462454,
            "gross_margin": 21.54,
            "gross_margin_4q_avg": 21.68,
            "net_income": 44628,
            "net_income_4q": null,
            "revenue": 2147189,
            "revenue_4q": null,
            "common_shares": 4711891,
            "book_valuer_per_share": 11.06,
            "book_valuer_per_share_4q_avg": 10.88,
            "equity": 4840191,
            "current_ratio": 142.2,
            "debt_ratio": 53.75,
            "inventory_turnover_ratio": 0.46,
            "account_receivable_turnover_ratio": 1.82,
            "reinvestment_rate": 31.81,
            "research_to_sale_ratio": 3.68,
            "price_fair": 30.89,
            "eps_avg_yearly": 0.88,
            "eps_latest_yearly": 0.4,
            "eps_growth_yearly": 89.92
        },
        "20172": {
            "year_quarter": 20172,
            "year": 2017,
            "quarter": 2,
            "eps": 0.09,
            "eps_growth_year": -52.63,
            "eps_4q": 0.89,
            "eps_4q_growth_year": -18.49,
            "roe": 0.78,
            "roe_4q": 8.5,
            "gross_profit": 367779,
            "gross_margin": 18.71,
            "gross_margin_4q_avg": 21.07,
            "net_income": 37479,
            "net_income_4q": null,
            "revenue": 1966161,
            "revenue_4q": null,
            "common_shares": 4711891,
            "book_valuer_per_share": 10.83,
            "book_valuer_per_share_4q_avg": 10.94,
            "equity": 4736518,
            "current_ratio": 135.48,
            "debt_ratio": 56.69,
            "inventory_turnover_ratio": 0.42,
            "account_receivable_turnover_ratio": 1.86,
            "reinvestment_rate": 69.24,
            "research_to_sale_ratio": 3.77,
            "price_fair": 30.71,
            "eps_avg_yearly": 0.88,
            "eps_latest_yearly": 0.36,
            "eps_growth_yearly": 96.24
        },
        "20173": {
            "year_quarter": 20173,
            "year": 2017,
            "quarter": 3,
            "eps": 0.12,
            "eps_growth_year": -50,
            "eps_4q": 0.77,
            "eps_4q_growth_year": -31.31,
            "roe": 1.1,
            "roe_4q": 7.32,
            "gross_profit": 402349,
            "gross_margin": 19.33,
            "gross_margin_4q_avg": 20.73,
            "net_income": 52748,
            "net_income_4q": null,
            "revenue": 2081231,
            "revenue_4q": null,
            "common_shares": 4900367,
            "book_valuer_per_share": 10.58,
            "book_valuer_per_share_4q_avg": 10.9,
            "equity": 4812417,
            "current_ratio": 114.86,
            "debt_ratio": 57.09,
            "inventory_turnover_ratio": 0.42,
            "account_receivable_turnover_ratio": 1.91,
            "reinvestment_rate": 114.94,
            "research_to_sale_ratio": 3.5,
            "price_fair": 31.33,
            "eps_avg_yearly": 0.9,
            "eps_latest_yearly": 0.48,
            "eps_growth_yearly": 118.21
        },
        "20174": {
            "year_quarter": 20174,
            "year": 2017,
            "quarter": 4,
            "eps": 0.18,
            "eps_growth_year": -64.3,
            "eps_4q": 0.47,
            "eps_4q_growth_year": -60.55,
            "roe": 1.66,
            "roe_4q": 4.46,
            "gross_profit": 503494,
            "gross_margin": 18.98,
            "gross_margin_4q_avg": 19.64,
            "net_income": 80291,
            "net_income_4q": null,
            "revenue": 2652633,
            "revenue_4q": null,
            "common_shares": 4900367,
            "book_valuer_per_share": 10.67,
            "book_valuer_per_share_4q_avg": 10.79,
            "equity": 4854620,
            "current_ratio": 111.22,
            "debt_ratio": 59.16,
            "inventory_turnover_ratio": 0.53,
            "account_receivable_turnover_ratio": 2.03,
            "reinvestment_rate": 142.96,
            "research_to_sale_ratio": 2.88,
            "price_fair": 31.15,
            "eps_avg_yearly": 0.89,
            "eps_latest_yearly": 0.72,
            "eps_growth_yearly": 55.71
        },
        "20181": {
            "year_quarter": 20181,
            "year": 2018,
            "quarter": 1,
            "eps": 0.09,
            "eps_growth_year": -10,
            "eps_4q": 0.47,
            "eps_4q_growth_year": -54.63,
            "roe": 0.87,
            "roe_4q": 4.41,
            "gross_profit": 434418,
            "gross_margin": 18.33,
            "gross_margin_4q_avg": 18.84,
            "net_income": 42563,
            "net_income_4q": null,
            "revenue": 2370487,
            "revenue_4q": null,
            "common_shares": 4900367,
            "book_valuer_per_share": 10.86,
            "book_valuer_per_share_4q_avg": 10.74,
            "equity": 4940089,
            "current_ratio": 98.08,
            "debt_ratio": 59.38,
            "inventory_turnover_ratio": 0.47,
            "account_receivable_turnover_ratio": 1.85,
            "reinvestment_rate": 164.15,
            "research_to_sale_ratio": 2.77,
            "price_fair": 30.36,
            "eps_avg_yearly": 0.87,
            "eps_latest_yearly": 0.36,
            "eps_growth_yearly": 45.71
        },
        "20182": {
            "year_quarter": 20182,
            "year": 2018,
            "quarter": 2,
            "eps": 0.16,
            "eps_growth_year": 77.78,
            "eps_4q": 0.53,
            "eps_4q_growth_year": -40.75,
            "roe": 1.47,
            "roe_4q": 5.1,
            "gross_profit": 374487,
            "gross_margin": 17.36,
            "gross_margin_4q_avg": 18.5,
            "net_income": 74002,
            "net_income_4q": null,
            "revenue": 2156870,
            "revenue_4q": null,
            "common_shares": 4900367,
            "book_valuer_per_share": 11.05,
            "book_valuer_per_share_4q_avg": 10.79,
            "equity": 5138352,
            "current_ratio": 97.79,
            "debt_ratio": 56.62,
            "inventory_turnover_ratio": 0.43,
            "account_receivable_turnover_ratio": 1.96,
            "reinvestment_rate": 184.3,
            "research_to_sale_ratio": 3.07,
            "price_fair": 30.45,
            "eps_avg_yearly": 0.87,
            "eps_latest_yearly": 0.64,
            "eps_growth_yearly": 69.33
        },
        "20183": {
            "year_quarter": 20183,
            "year": 2018,
            "quarter": 3,
            "eps": 0.06,
            "eps_growth_year": -50,
            "eps_4q": 0.48,
            "eps_4q_growth_year": -38.27,
            "roe": 0.56,
            "roe_4q": 4.5600000000000005,
            "gross_profit": 396081,
            "gross_margin": 17.78,
            "gross_margin_4q_avg": 18.11,
            "net_income": 29084,
            "net_income_4q": null,
            "revenue": 2227090,
            "revenue_4q": null,
            "common_shares": 4998374,
            "book_valuer_per_share": 10.88,
            "book_valuer_per_share_4q_avg": 10.87,
            "equity": 5159114,
            "current_ratio": 105.02,
            "debt_ratio": 57.53,
            "inventory_turnover_ratio": 0.44,
            "account_receivable_turnover_ratio": 2.13,
            "reinvestment_rate": 193.72,
            "research_to_sale_ratio": 2.8,
            "price_fair": 29.49,
            "eps_avg_yearly": 0.84,
            "eps_latest_yearly": 0.24,
            "eps_growth_yearly": 50.37
        },
        "20184": {
            "year_quarter": 20184,
            "year": 2018,
            "quarter": 4,
            "eps": 0.02,
            "eps_growth_year": -86.01,
            "eps_4q": 0.33,
            "eps_4q_growth_year": -29.83,
            "roe": 0.23,
            "roe_4q": 3.13,
            "gross_profit": 484837,
            "gross_margin": 18.29,
            "gross_margin_4q_avg": 17.94,
            "net_income": 11708,
            "net_income_4q": null,
            "revenue": 2650932,
            "revenue_4q": null,
            "common_shares": 4998374,
            "book_valuer_per_share": 10.88,
            "book_valuer_per_share_4q_avg": 10.92,
            "equity": 5157948,
            "current_ratio": 97.97,
            "debt_ratio": 58.7,
            "inventory_turnover_ratio": 0.49,
            "account_receivable_turnover_ratio": 2.34,
            "reinvestment_rate": 211.73,
            "research_to_sale_ratio": 2.77,
            "price_fair": 13.09,
            "eps_avg_yearly": 0.76,
            "eps_latest_yearly": 0.08,
            "eps_growth_yearly": 7.23
        },
        "20191": {
            "year_quarter": 20191,
            "year": 2019,
            "quarter": 1,
            "eps": 0.03,
            "eps_growth_year": -66.67,
            "eps_4q": 0.27,
            "eps_4q_growth_year": -41.51,
            "roe": 0.29,
            "roe_4q": 2.55,
            "gross_profit": 405624,
            "gross_margin": 18.01,
            "gross_margin_4q_avg": 17.86,
            "net_income": 15119,
            "net_income_4q": null,
            "revenue": 2251902,
            "revenue_4q": null,
            "common_shares": 4998374,
            "book_valuer_per_share": 11.04,
            "book_valuer_per_share_4q_avg": 10.96,
            "equity": 5236811,
            "current_ratio": 100.9,
            "debt_ratio": 61.33,
            "inventory_turnover_ratio": 0.4,
            "account_receivable_turnover_ratio": 1.97,
            "reinvestment_rate": 233.25,
            "research_to_sale_ratio": 3.13,
            "price_fair": 24.68,
            "eps_avg_yearly": 0.71,
            "eps_latest_yearly": 0.12,
            "eps_growth_yearly": 26.87
        },
        "20192": {
            "year_quarter": 20192,
            "year": 2019,
            "quarter": 2,
            "eps": 0.01,
            "eps_growth_year": -93.75,
            "eps_4q": 0.12,
            "eps_4q_growth_year": -76.5,
            "roe": 0.07,
            "roe_4q": 1.15,
            "gross_profit": 417405,
            "gross_margin": 20.8,
            "gross_margin_4q_avg": 18.72,
            "net_income": 3925,
            "net_income_4q": null,
            "revenue": 2006860,
            "revenue_4q": null,
            "common_shares": 4998374,
            "book_valuer_per_share": 11.16,
            "book_valuer_per_share_4q_avg": 10.99,
            "equity": 5293739,
            "current_ratio": 103.52,
            "debt_ratio": 61.08,
            "inventory_turnover_ratio": 0.34,
            "account_receivable_turnover_ratio": 1.93,
            "reinvestment_rate": 251.92,
            "research_to_sale_ratio": 3.24,
            "price_fair": 20.24,
            "eps_avg_yearly": 0.67,
            "eps_latest_yearly": 0.04,
            "eps_growth_yearly": 20.21
        },
        "20193": {
            "year_quarter": 20193,
            "year": 2019,
            "quarter": 3,
            "eps": -0.17,
            "eps_growth_year": -383.33,
            "eps_4q": -0.1,
            "eps_4q_growth_year": -121.46,
            "roe": -1.53,
            "roe_4q": -0.94,
            "gross_profit": 282130,
            "gross_margin": 13.08,
            "gross_margin_4q_avg": 17.55,
            "net_income": -80220,
            "net_income_4q": null,
            "revenue": 2157526,
            "revenue_4q": null,
            "common_shares": 5098341,
            "book_valuer_per_share": 10.67,
            "book_valuer_per_share_4q_avg": 10.94,
            "equity": 5159453,
            "current_ratio": 108.23,
            "debt_ratio": 62.76,
            "inventory_turnover_ratio": 0.39,
            "account_receivable_turnover_ratio": 2.05,
            "reinvestment_rate": 297,
            "research_to_sale_ratio": 3.01,
            "price_fair": 13.76,
            "eps_avg_yearly": 0.66,
            "eps_latest_yearly": 0.04,
            "eps_growth_yearly": 10.89
        },
        "20194": {
            "year_quarter": 20194,
            "year": 2019,
            "quarter": 4,
            "eps": -0.44,
            "eps_growth_year": -1864.71,
            "eps_4q": -0.56,
            "eps_4q_growth_year": -269.43,
            "roe": -4.22,
            "roe_4q": -5.39,
            "gross_profit": 280746,
            "gross_margin": 11.47,
            "gross_margin_4q_avg": 15.84,
            "net_income": -210780,
            "net_income_4q": null,
            "revenue": 2447339,
            "revenue_4q": null,
            "common_shares": 5098341,
            "book_valuer_per_share": 10.01,
            "book_valuer_per_share_4q_avg": 10.72,
            "equity": 4840133,
            "current_ratio": 114.36,
            "debt_ratio": 64.19,
            "inventory_turnover_ratio": 0.45,
            "account_receivable_turnover_ratio": 2.17,
            "reinvestment_rate": 454.38,
            "research_to_sale_ratio": 2.56,
            "price_fair": 1.76,
            "eps_avg_yearly": 0.59,
            "eps_latest_yearly": 0.04,
            "eps_growth_yearly": -16.91
        },
        "20201": {
            "year_quarter": 20201,
            "year": 2020,
            "quarter": 1,
            "eps": -0.31,
            "eps_growth_year": -1133.33,
            "eps_4q": -0.91,
            "eps_4q_growth_year": -431.08,
            "roe": -3.22,
            "roe_4q": -8.899999999999999,
            "gross_profit": 207625,
            "gross_margin": 11.1,
            "gross_margin_4q_avg": 14.11,
            "net_income": -151659,
            "net_income_4q": null,
            "revenue": 1870937,
            "revenue_4q": null,
            "common_shares": 5098341,
            "book_valuer_per_share": 9.44,
            "book_valuer_per_share_4q_avg": 10.32,
            "equity": 4565399,
            "current_ratio": 109.7,
            "debt_ratio": 66.43,
            "inventory_turnover_ratio": 0.35,
            "account_receivable_turnover_ratio": 1.85,
            "reinvestment_rate": 741.64,
            "research_to_sale_ratio": 3.29,
            "price_fair": 1.64,
            "eps_avg_yearly": 0.55,
            "eps_latest_yearly": 0.04,
            "eps_growth_yearly": -7.22
        },
        "20202": {
            "year_quarter": 20202,
            "year": 2020,
            "quarter": 2,
            "eps": -0.46,
            "eps_growth_year": -4700,
            "eps_4q": -1.37,
            "eps_4q_growth_year": -1209.31,
            "roe": -4.94,
            "roe_4q": -13.909999999999998,
            "gross_profit": 43372,
            "gross_margin": 3.72,
            "gross_margin_4q_avg": 9.84,
            "net_income": -220436,
            "net_income_4q": null,
            "revenue": 1165254,
            "revenue_4q": null,
            "common_shares": 5098341,
            "book_valuer_per_share": 9.02,
            "book_valuer_per_share_4q_avg": 9.79,
            "equity": 4365407,
            "current_ratio": 129.94,
            "debt_ratio": 66.68,
            "inventory_turnover_ratio": 0.24,
            "account_receivable_turnover_ratio": 1.46,
            "reinvestment_rate": 4670.93,
            "research_to_sale_ratio": 4.08,
            "price_fair": 6.39,
            "eps_avg_yearly": 0.53,
            "eps_latest_yearly": 0.04,
            "eps_growth_yearly": 2.06
        },
        "20203": {
            "year_quarter": 20203,
            "year": 2020,
            "quarter": 3,
            "eps": 0.02,
            "eps_growth_year": null,
            "eps_4q": -1.19,
            "eps_4q_growth_year": null,
            "roe": 0.22,
            "roe_4q": -12.16,
            "gross_profit": 362753,
            "gross_margin": 19.76,
            "gross_margin_4q_avg": 11.51,
            "net_income": 9537,
            "net_income_4q": null,
            "revenue": 1836131,
            "revenue_4q": null,
            "common_shares": 5098341,
            "book_valuer_per_share": 8.95,
            "book_valuer_per_share_4q_avg": 9.36,
            "equity": 4329775,
            "current_ratio": 127.86,
            "debt_ratio": 68.27,
            "inventory_turnover_ratio": 0.3,
            "account_receivable_turnover_ratio": 2.07,
            "reinvestment_rate": null,
            "research_to_sale_ratio": 2.67,
            "price_fair": 1.47,
            "eps_avg_yearly": 0.49,
            "eps_latest_yearly": 0.04,
            "eps_growth_yearly": -7.33
        },
        "20204": {
            "year_quarter": 20204,
            "year": 2020,
            "quarter": 4,
            "eps": -1.19,
            "eps_growth_year": null,
            "eps_4q": -1.94,
            "eps_4q_growth_year": null,
            "roe": -14.12,
            "roe_4q": -22.06,
            "gross_profit": -41744,
            "gross_margin": -1.69,
            "gross_margin_4q_avg": 8.22,
            "net_income": -574431,
            "net_income_4q": null,
            "revenue": 2471555,
            "revenue_4q": null,
            "common_shares": 5098341,
            "book_valuer_per_share": 7.87,
            "book_valuer_per_share_4q_avg": 8.82,
            "equity": 3806320,
            "current_ratio": 112.79,
            "debt_ratio": 71.94,
            "inventory_turnover_ratio": 0.52,
            "account_receivable_turnover_ratio": 2.05,
            "reinvestment_rate": null,
            "research_to_sale_ratio": 2.58,
            "price_fair": 1.03,
            "eps_avg_yearly": 0.34,
            "eps_latest_yearly": 0.04,
            "eps_growth_yearly": -49.73
        },
        "20211": {
            "year_quarter": 20211,
            "year": 2021,
            "quarter": 1,
            "eps": 0.04,
            "eps_growth_year": null,
            "eps_4q": -1.58,
            "eps_4q_growth_year": null,
            "roe": 0.53,
            "roe_4q": -18.31,
            "gross_profit": 420864,
            "gross_margin": 19.65,
            "gross_margin_4q_avg": 10.36,
            "net_income": 19997,
            "net_income_4q": null,
            "revenue": 2142152,
            "revenue_4q": null,
            "common_shares": 5098341,
            "book_valuer_per_share": 7.79,
            "book_valuer_per_share_4q_avg": 8.41,
            "equity": 3767728,
            "current_ratio": 108.47,
            "debt_ratio": 71.77,
            "inventory_turnover_ratio": 0.36,
            "account_receivable_turnover_ratio": 1.72,
            "reinvestment_rate": null,
            "research_to_sale_ratio": 2.41,
            "price_fair": 1.01,
            "eps_avg_yearly": 0.34,
            "eps_latest_yearly": 0.04,
            "eps_growth_yearly": -19.88
        },
        "20212": {
            "year_quarter": 20212,
            "year": 2021,
            "quarter": 2,
            "eps": 0.11,
            "eps_growth_year": null,
            "eps_4q": -1.35,
            "eps_4q_growth_year": null,
            "roe": 1.06,
            "roe_4q": -12.309999999999999,
            "gross_profit": 481697,
            "gross_margin": 21.84,
            "gross_margin_4q_avg": 14.89,
            "net_income": 39681,
            "net_income_4q": null,
            "revenue": 2205415,
            "revenue_4q": null,
            "common_shares": 3946434,
            "book_valuer_per_share": 9.94,
            "book_valuer_per_share_4q_avg": 8.64,
            "equity": 3722011,
            "current_ratio": 100.69,
            "debt_ratio": 72.65,
            "inventory_turnover_ratio": 0.35,
            "account_receivable_turnover_ratio": 1.89,
            "reinvestment_rate": null,
            "research_to_sale_ratio": 2.35,
            "price_fair": 12.13,
            "eps_avg_yearly": 0.35,
            "eps_latest_yearly": 0.44,
            "eps_growth_yearly": 62.35
        },
        "20213": {
            "year_quarter": 20213,
            "year": 2021,
            "quarter": 3,
            "eps": 0.11,
            "eps_growth_year": 450,
            "eps_4q": -0.69,
            "eps_4q_growth_year": null,
            "roe": 0.89,
            "roe_4q": -11.639999999999999,
            "gross_profit": 451117,
            "gross_margin": 17.59,
            "gross_margin_4q_avg": 14.35,
            "net_income": 46304,
            "net_income_4q": null,
            "revenue": 2564449,
            "revenue_4q": null,
            "common_shares": 6946434,
            "book_valuer_per_share": 9.95,
            "book_valuer_per_share_4q_avg": 8.89,
            "equity": 6713411,
            "current_ratio": 127.83,
            "debt_ratio": 53.18,
            "inventory_turnover_ratio": 0.4,
            "account_receivable_turnover_ratio": 1.8,
            "reinvestment_rate": null,
            "research_to_sale_ratio": 2.4,
            "price_fair": 11.98,
            "eps_avg_yearly": 0.34,
            "eps_latest_yearly": 0.44,
            "eps_growth_yearly": 47.53
        },
        "20214": {
            "year_quarter": 20214,
            "year": 2021,
            "quarter": 4,
            "eps": 0.11,
            "eps_growth_year": null,
            "eps_4q": 0.27,
            "eps_4q_growth_year": null,
            "roe": 1.12,
            "roe_4q": 3.6000000000000005,
            "gross_profit": 564456,
            "gross_margin": 18.24,
            "gross_margin_4q_avg": 19.33,
            "net_income": 75889,
            "net_income_4q": null,
            "revenue": 3094717,
            "revenue_4q": null,
            "common_shares": 6946434,
            "book_valuer_per_share": 10.11,
            "book_valuer_per_share_4q_avg": 9.45,
            "equity": 6816853,
            "current_ratio": 132.36,
            "debt_ratio": 53.33,
            "inventory_turnover_ratio": 0.45,
            "account_receivable_turnover_ratio": 1.71,
            "reinvestment_rate": null,
            "research_to_sale_ratio": 2.02,
            "price_fair": 10.89,
            "eps_avg_yearly": 0.31,
            "eps_latest_yearly": 0.44,
            "eps_growth_yearly": 25.31
        },
        "20221": {
            "year_quarter": 20221,
            "year": 2022,
            "quarter": 1,
            "eps": -0.55,
            "eps_growth_year": -1475,
            "eps_4q": -0.31,
            "eps_4q_growth_year": null,
            "roe": -5.58,
            "roe_4q": -2.51,
            "gross_profit": 493841,
            "gross_margin": 18.75,
            "gross_margin_4q_avg": 19.11,
            "net_income": -373700,
            "net_income_4q": null,
            "revenue": 2634229,
            "revenue_4q": null,
            "common_shares": 6946434,
            "book_valuer_per_share": 9.75,
            "book_valuer_per_share_4q_avg": 9.94,
            "equity": 6579360,
            "current_ratio": 123.41,
            "debt_ratio": 53.78,
            "inventory_turnover_ratio": 0.38,
            "account_receivable_turnover_ratio": 1.48,
            "reinvestment_rate": null,
            "research_to_sale_ratio": 2.24,
            "price_fair": 10.68,
            "eps_avg_yearly": 0.31,
            "eps_latest_yearly": 0.44,
            "eps_growth_yearly": 53.47
        },
        "20222": {
            "year_quarter": 20222,
            "year": 2022,
            "quarter": 2,
            "eps": 0.06,
            "eps_growth_year": -45.45,
            "eps_4q": -0.31,
            "eps_4q_growth_year": null,
            "roe": 0.62,
            "roe_4q": -2.9499999999999997,
            "gross_profit": 392205,
            "gross_margin": 17,
            "gross_margin_4q_avg": 17.9,
            "net_income": 41054,
            "net_income_4q": null,
            "revenue": 2307704,
            "revenue_4q": null,
            "common_shares": 6946434,
            "book_valuer_per_share": 9.77,
            "book_valuer_per_share_4q_avg": 9.9,
            "equity": 6586813,
            "current_ratio": 127.05,
            "debt_ratio": 54.5,
            "inventory_turnover_ratio": 0.34,
            "account_receivable_turnover_ratio": 1.45,
            "reinvestment_rate": null,
            "research_to_sale_ratio": 2.38,
            "price_fair": 6.86,
            "eps_avg_yearly": 0.26,
            "eps_latest_yearly": 0.44,
            "eps_growth_yearly": 16.67
        },
        "20223": {
            "year_quarter": 20223,
            "year": 2022,
            "quarter": 3,
            "eps": -0.05,
            "eps_growth_year": -145.45,
            "eps_4q": -0.43,
            "eps_4q_growth_year": null,
            "roe": -0.52,
            "roe_4q": -4.36,
            "gross_profit": 428410,
            "gross_margin": 16.07,
            "gross_margin_4q_avg": 17.52,
            "net_income": -34227,
            "net_income_4q": null,
            "revenue": 2666556,
            "revenue_4q": null,
            "common_shares": 6946434,
            "book_valuer_per_share": 9.8,
            "book_valuer_per_share_4q_avg": 9.86,
            "equity": 6609215,
            "current_ratio": 127.37,
            "debt_ratio": 55.2,
            "inventory_turnover_ratio": 0.38,
            "account_receivable_turnover_ratio": 1.7,
            "reinvestment_rate": null,
            "research_to_sale_ratio": 2.21,
            "price_fair": 9.1,
            "eps_avg_yearly": 0.26,
            "eps_latest_yearly": 0.44,
            "eps_growth_yearly": 61.11
        },
        "20224": {
            "year_quarter": 20224,
            "year": 2022,
            "quarter": 4,
            "eps": 0.58,
            "eps_growth_year": 412.22,
            "eps_4q": 0.03,
            "eps_4q_growth_year": -87.99,
            "roe": 5.69,
            "roe_4q": 0.20999999999999996,
            "gross_profit": 377989,
            "gross_margin": 17.19,
            "gross_margin_4q_avg": 17.25,
            "net_income": 388715,
            "net_income_4q": null,
            "revenue": 2199296,
            "revenue_4q": null,
            "common_shares": 6946434,
            "book_valuer_per_share": 10.46,
            "book_valuer_per_share_4q_avg": 9.95,
            "equity": 7054714,
            "current_ratio": 135.75,
            "debt_ratio": 52.9,
            "inventory_turnover_ratio": 0.3,
            "account_receivable_turnover_ratio": 1.6,
            "reinvestment_rate": null,
            "research_to_sale_ratio": 2.98,
            "price_fair": 10.36,
            "eps_avg_yearly": 0.3,
            "eps_latest_yearly": 0.44,
            "eps_growth_yearly": 126.67
        },
        "20231": {
            "year_quarter": 20231,
            "year": 2023,
            "quarter": 1,
            "eps": 0.01,
            "eps_growth_year": null,
            "eps_4q": 0.59,
            "eps_4q_growth_year": null,
            "roe": 0.08,
            "roe_4q": 5.87,
            "gross_profit": 402223,
            "gross_margin": 20.88,
            "gross_margin_4q_avg": 17.79,
            "net_income": 5502,
            "net_income_4q": null,
            "revenue": 1926820,
            "revenue_4q": null,
            "common_shares": 6946434,
            "book_valuer_per_share": 10.48,
            "book_valuer_per_share_4q_avg": 10.13,
            "equity": 7069499,
            "current_ratio": 144.33,
            "debt_ratio": 49.88,
            "inventory_turnover_ratio": 0.25,
            "account_receivable_turnover_ratio": 1.75,
            "reinvestment_rate": null,
            "research_to_sale_ratio": 3,
            "price_fair": 5.05,
            "eps_avg_yearly": 0.28,
            "eps_latest_yearly": 0.04,
            "eps_growth_yearly": 8.05
        },
        "20232": {
            "year_quarter": 20232,
            "year": 2023,
            "quarter": 2,
            "eps": -0.18,
            "eps_growth_year": -400,
            "eps_4q": 0.35,
            "eps_4q_growth_year": null,
            "roe": -1.77,
            "roe_4q": 3.48,
            "gross_profit": 189348,
            "gross_margin": 11.79,
            "gross_margin_4q_avg": 16.48,
            "net_income": -123491,
            "net_income_4q": null,
            "revenue": 1606604,
            "revenue_4q": null,
            "common_shares": 6946434,
            "book_valuer_per_share": 10.2,
            "book_valuer_per_share_4q_avg": 10.24,
            "equity": 6882766,
            "current_ratio": 137.04,
            "debt_ratio": 50.22,
            "inventory_turnover_ratio": 0.23,
            "account_receivable_turnover_ratio": 1.73,
            "reinvestment_rate": null,
            "research_to_sale_ratio": 3.9,
            "price_fair": 11.9,
            "eps_avg_yearly": 0.34,
            "eps_latest_yearly": 0.04,
            "eps_growth_yearly": 76.72
        },
        "20233": {
            "year_quarter": 20233,
            "year": 2023,
            "quarter": 3,
            "eps": -0.66,
            "eps_growth_year": null,
            "eps_4q": -0.26,
            "eps_4q_growth_year": null,
            "roe": -6.66,
            "roe_4q": -2.6599999999999993,
            "gross_profit": -104521,
            "gross_margin": -5.17,
            "gross_margin_4q_avg": 11.17,
            "net_income": -446097,
            "net_income_4q": null,
            "revenue": 2021904,
            "revenue_4q": null,
            "common_shares": 6946434,
            "book_valuer_per_share": 9.67,
            "book_valuer_per_share_4q_avg": 10.2,
            "equity": 6519366,
            "current_ratio": 130.29,
            "debt_ratio": 51.89,
            "inventory_turnover_ratio": 0.36,
            "account_receivable_turnover_ratio": 2.26,
            "reinvestment_rate": null,
            "research_to_sale_ratio": 2.9,
            "price_fair": 11.9,
            "eps_avg_yearly": 0.34,
            "eps_latest_yearly": 0.04,
            "eps_growth_yearly": 76.72
        }
    },
    "months": {
        "2001-06": {
            "month": "2001-06",
            "price": "7.45",
            "revenue": 545526
        },
        "2001-07": {
            "month": "2001-07",
            "price": "6.62",
            "revenue": 450013
        },
        "2001-08": {
            "month": "2001-08",
            "price": "7.20",
            "revenue": 440829
        },
        "2001-09": {
            "month": "2001-09",
            "price": "7.43",
            "revenue": 407744
        },
        "2001-10": {
            "month": "2001-10",
            "price": "6.98",
            "revenue": 391339
        },
        "2001-11": {
            "month": "2001-11",
            "price": "6.72",
            "revenue": 370744
        },
        "2001-12": {
            "month": "2001-12",
            "price": "7.52",
            "revenue": 336345
        },
        "2002-01": {
            "month": "2002-01",
            "price": "7.74",
            "revenue": 342604
        },
        "2002-02": {
            "month": "2002-02",
            "price": "7.65",
            "revenue": 345037
        },
        "2002-03": {
            "month": "2002-03",
            "price": "8.06",
            "revenue": 460173
        },
        "2002-04": {
            "month": "2002-04",
            "price": "8.19",
            "revenue": 503111
        },
        "2002-05": {
            "month": "2002-05",
            "price": "7.47",
            "revenue": 524433
        },
        "2002-06": {
            "month": "2002-06",
            "price": "7.51",
            "revenue": 513990
        },
        "2002-07": {
            "month": "2002-07",
            "price": "7.37",
            "revenue": 446075
        },
        "2002-08": {
            "month": "2002-08",
            "price": "6.98",
            "revenue": 450933
        },
        "2002-09": {
            "month": "2002-09",
            "price": "5.84",
            "revenue": 475507
        },
        "2002-10": {
            "month": "2002-10",
            "price": "5.07",
            "revenue": 436746
        },
        "2002-11": {
            "month": "2002-11",
            "price": "5.85",
            "revenue": 404938
        },
        "2002-12": {
            "month": "2002-12",
            "price": "6.02",
            "revenue": 375726
        },
        "2003-01": {
            "month": "2003-01",
            "price": "7.22",
            "revenue": 338391
        },
        "2003-02": {
            "month": "2003-02",
            "price": "6.64",
            "revenue": 340971
        },
        "2003-03": {
            "month": "2003-03",
            "price": "5.95",
            "revenue": 415816
        },
        "2003-04": {
            "month": "2003-04",
            "price": "5.62",
            "revenue": 401985
        },
        "2003-05": {
            "month": "2003-05",
            "price": "5.11",
            "revenue": 422404
        },
        "2003-06": {
            "month": "2003-06",
            "price": "5.74",
            "revenue": 421611
        },
        "2003-07": {
            "month": "2003-07",
            "price": "5.86",
            "revenue": 363143
        },
        "2003-08": {
            "month": "2003-08",
            "price": "5.75",
            "revenue": 439869
        },
        "2003-09": {
            "month": "2003-09",
            "price": "5.55",
            "revenue": 458670
        },
        "2003-10": {
            "month": "2003-10",
            "price": "6.15",
            "revenue": 455545
        },
        "2003-11": {
            "month": "2003-11",
            "price": "6.21",
            "revenue": 393018
        },
        "2003-12": {
            "month": "2003-12",
            "price": "6.11",
            "revenue": 492555
        },
        "2004-01": {
            "month": "2004-01",
            "price": "6.77",
            "revenue": 506408
        },
        "2004-02": {
            "month": "2004-02",
            "price": "8.76",
            "revenue": 490175
        },
        "2004-03": {
            "month": "2004-03",
            "price": "9.58",
            "revenue": 523209
        },
        "2004-04": {
            "month": "2004-04",
            "price": "10.30",
            "revenue": 628505
        },
        "2004-05": {
            "month": "2004-05",
            "price": "8.66",
            "revenue": 651199
        },
        "2004-06": {
            "month": "2004-06",
            "price": "8.60",
            "revenue": 660034
        },
        "2004-07": {
            "month": "2004-07",
            "price": "8.16",
            "revenue": 580157
        },
        "2004-08": {
            "month": "2004-08",
            "price": "7.68",
            "revenue": 590172
        },
        "2004-09": {
            "month": "2004-09",
            "price": "8.85",
            "revenue": 577020
        },
        "2004-10": {
            "month": "2004-10",
            "price": "9.31",
            "revenue": 527119
        },
        "2004-11": {
            "month": "2004-11",
            "price": "9.22",
            "revenue": 505112
        },
        "2004-12": {
            "month": "2004-12",
            "price": "10.17",
            "revenue": 452602
        },
        "2005-01": {
            "month": "2005-01",
            "price": "9.22",
            "revenue": 521131
        },
        "2005-02": {
            "month": "2005-02",
            "price": "8.20",
            "revenue": 376159
        },
        "2005-03": {
            "month": "2005-03",
            "price": "7.89",
            "revenue": 601114
        },
        "2005-04": {
            "month": "2005-04",
            "price": "7.35",
            "revenue": 510968
        },
        "2005-05": {
            "month": "2005-05",
            "price": "7.16",
            "revenue": 456216
        },
        "2005-06": {
            "month": "2005-06",
            "price": "7.44",
            "revenue": 405851
        },
        "2005-07": {
            "month": "2005-07",
            "price": "7.19",
            "revenue": 303749
        },
        "2005-08": {
            "month": "2005-08",
            "price": "6.22",
            "revenue": 410362
        },
        "2005-09": {
            "month": "2005-09",
            "price": "5.96",
            "revenue": 468575
        },
        "2005-10": {
            "month": "2005-10",
            "price": "5.93",
            "revenue": 430071
        },
        "2005-11": {
            "month": "2005-11",
            "price": "5.99",
            "revenue": 374870
        },
        "2005-12": {
            "month": "2005-12",
            "price": "6.13",
            "revenue": 399123
        },
        "2006-01": {
            "month": "2006-01",
            "price": "5.78",
            "revenue": 331968
        },
        "2006-02": {
            "month": "2006-02",
            "price": "5.54",
            "revenue": 384161
        },
        "2006-03": {
            "month": "2006-03",
            "price": "5.03",
            "revenue": 557733
        },
        "2006-04": {
            "month": "2006-04",
            "price": "5.18",
            "revenue": 516608
        },
        "2006-05": {
            "month": "2006-05",
            "price": "6.23",
            "revenue": 528444
        },
        "2006-06": {
            "month": "2006-06",
            "price": "5.46",
            "revenue": 457529
        },
        "2006-07": {
            "month": "2006-07",
            "price": "5.27",
            "revenue": 341400
        },
        "2006-08": {
            "month": "2006-08",
            "price": "5.28",
            "revenue": 417371
        },
        "2006-09": {
            "month": "2006-09",
            "price": "5.28",
            "revenue": 494500
        },
        "2006-10": {
            "month": "2006-10",
            "price": "5.94",
            "revenue": 450007
        },
        "2006-11": {
            "month": "2006-11",
            "price": "6.15",
            "revenue": 445080
        },
        "2006-12": {
            "month": "2006-12",
            "price": "7.05",
            "revenue": 450017
        },
        "2007-01": {
            "month": "2007-01",
            "price": "6.89",
            "revenue": 380126
        },
        "2007-02": {
            "month": "2007-02",
            "price": "6.82",
            "revenue": 361793
        },
        "2007-03": {
            "month": "2007-03",
            "price": "6.79",
            "revenue": 504207
        },
        "2007-04": {
            "month": "2007-04",
            "price": "7.47",
            "revenue": 512454
        },
        "2007-05": {
            "month": "2007-05",
            "price": "7.25",
            "revenue": 513601
        },
        "2007-06": {
            "month": "2007-06",
            "price": "7.09",
            "revenue": 459675
        },
        "2007-07": {
            "month": "2007-07",
            "price": "8.75",
            "revenue": 400108
        },
        "2007-08": {
            "month": "2007-08",
            "price": "8.42",
            "revenue": 449328
        },
        "2007-09": {
            "month": "2007-09",
            "price": "9.09",
            "revenue": 489236
        },
        "2007-10": {
            "month": "2007-10",
            "price": "10.37",
            "revenue": 468302
        },
        "2007-11": {
            "month": "2007-11",
            "price": "8.90",
            "revenue": 413723
        },
        "2007-12": {
            "month": "2007-12",
            "price": "8.21",
            "revenue": 370060
        },
        "2008-01": {
            "month": "2008-01",
            "price": "7.71",
            "revenue": 375758
        },
        "2008-02": {
            "month": "2008-02",
            "price": "7.35",
            "revenue": 320002
        },
        "2008-03": {
            "month": "2008-03",
            "price": "8.05",
            "revenue": 424256
        },
        "2008-04": {
            "month": "2008-04",
            "price": "8.40",
            "revenue": 411695
        },
        "2008-05": {
            "month": "2008-05",
            "price": "8.32",
            "revenue": 396016
        },
        "2008-06": {
            "month": "2008-06",
            "price": "7.26",
            "revenue": 304420
        },
        "2008-07": {
            "month": "2008-07",
            "price": "6.01",
            "revenue": 267053
        },
        "2008-08": {
            "month": "2008-08",
            "price": "6.01",
            "revenue": 329203
        },
        "2008-09": {
            "month": "2008-09",
            "price": "4.85",
            "revenue": 413051
        },
        "2008-10": {
            "month": "2008-10",
            "price": "3.96",
            "revenue": 424448
        },
        "2008-11": {
            "month": "2008-11",
            "price": "3.78",
            "revenue": 422403
        },
        "2008-12": {
            "month": "2008-12",
            "price": "4.33",
            "revenue": 462751
        },
        "2009-01": {
            "month": "2009-01",
            "price": "4.09",
            "revenue": 273149
        },
        "2009-02": {
            "month": "2009-02",
            "price": "3.93",
            "revenue": 322256
        },
        "2009-03": {
            "month": "2009-03",
            "price": "4.26",
            "revenue": 447747
        },
        "2009-04": {
            "month": "2009-04",
            "price": "5.52",
            "revenue": 423044
        },
        "2009-05": {
            "month": "2009-05",
            "price": "5.92",
            "revenue": 442039
        },
        "2009-06": {
            "month": "2009-06",
            "price": "5.48",
            "revenue": 324090
        },
        "2009-07": {
            "month": "2009-07",
            "price": "5.64",
            "revenue": 281485
        },
        "2009-08": {
            "month": "2009-08",
            "price": "5.92",
            "revenue": 281516
        },
        "2009-09": {
            "month": "2009-09",
            "price": "6.10",
            "revenue": 347461
        },
        "2009-10": {
            "month": "2009-10",
            "price": "6.66",
            "revenue": 353160
        },
        "2009-11": {
            "month": "2009-11",
            "price": "6.36",
            "revenue": 358015
        },
        "2009-12": {
            "month": "2009-12",
            "price": "6.55",
            "revenue": 408282
        },
        "2010-01": {
            "month": "2010-01",
            "price": "6.77",
            "revenue": 308320
        },
        "2010-02": {
            "month": "2010-02",
            "price": "5.75",
            "revenue": 271851
        },
        "2010-03": {
            "month": "2010-03",
            "price": "5.77",
            "revenue": 308029
        },
        "2010-04": {
            "month": "2010-04",
            "price": "6.40",
            "revenue": 406133
        },
        "2010-05": {
            "month": "2010-05",
            "price": "5.88",
            "revenue": 410734
        },
        "2010-06": {
            "month": "2010-06",
            "price": "5.93",
            "revenue": 437778
        },
        "2010-07": {
            "month": "2010-07",
            "price": "6.30",
            "revenue": 406608
        },
        "2010-08": {
            "month": "2010-08",
            "price": "7.22",
            "revenue": 410655
        },
        "2010-09": {
            "month": "2010-09",
            "price": "7.00",
            "revenue": 409770
        },
        "2010-10": {
            "month": "2010-10",
            "price": "7.56",
            "revenue": 485582
        },
        "2010-11": {
            "month": "2010-11",
            "price": "7.42",
            "revenue": 489025
        },
        "2010-12": {
            "month": "2010-12",
            "price": "7.45",
            "revenue": 463757
        },
        "2011-01": {
            "month": "2011-01",
            "price": "7.69",
            "revenue": 427306
        },
        "2011-02": {
            "month": "2011-02",
            "price": "8.48",
            "revenue": 379995
        },
        "2011-03": {
            "month": "2011-03",
            "price": "8.17",
            "revenue": 542735
        },
        "2011-04": {
            "month": "2011-04",
            "price": "8.30",
            "revenue": 557187
        },
        "2011-05": {
            "month": "2011-05",
            "price": "7.84",
            "revenue": 528230
        },
        "2011-06": {
            "month": "2011-06",
            "price": "6.97",
            "revenue": 428750
        },
        "2011-07": {
            "month": "2011-07",
            "price": "6.75",
            "revenue": 451424
        },
        "2011-08": {
            "month": "2011-08",
            "price": "5.93",
            "revenue": 534460
        },
        "2011-09": {
            "month": "2011-09",
            "price": "5.74",
            "revenue": 611495
        },
        "2011-10": {
            "month": "2011-10",
            "price": "6.00",
            "revenue": 675922
        },
        "2011-11": {
            "month": "2011-11",
            "price": "6.25",
            "revenue": 637559
        },
        "2011-12": {
            "month": "2011-12",
            "price": "6.14",
            "revenue": 582427
        },
        "2012-01": {
            "month": "2012-01",
            "price": "6.21",
            "revenue": 478725
        },
        "2012-02": {
            "month": "2012-02",
            "price": "7.24",
            "revenue": 554438
        },
        "2012-03": {
            "month": "2012-03",
            "price": "7.89",
            "revenue": 620541
        },
        "2012-04": {
            "month": "2012-04",
            "price": "8.50",
            "revenue": 605229
        },
        "2012-05": {
            "month": "2012-05",
            "price": "8.95",
            "revenue": 532457
        },
        "2012-06": {
            "month": "2012-06",
            "price": "8.40",
            "revenue": 411140
        },
        "2012-07": {
            "month": "2012-07",
            "price": "8.36",
            "revenue": 358115
        },
        "2012-08": {
            "month": "2012-08",
            "price": "8.44",
            "revenue": 505262
        },
        "2012-09": {
            "month": "2012-09",
            "price": "8.20",
            "revenue": 607367
        },
        "2012-10": {
            "month": "2012-10",
            "price": "7.81",
            "revenue": 570506
        },
        "2012-11": {
            "month": "2012-11",
            "price": "7.25",
            "revenue": 536564
        },
        "2012-12": {
            "month": "2012-12",
            "price": "7.20",
            "revenue": 460457
        },
        "2013-01": {
            "month": "2013-01",
            "price": "7.25",
            "revenue": 590931
        },
        "2013-02": {
            "month": "2013-02",
            "price": "7.14",
            "revenue": 437737
        },
        "2013-03": {
            "month": "2013-03",
            "price": "6.92",
            "revenue": 706561
        },
        "2013-04": {
            "month": "2013-04",
            "price": "6.89",
            "revenue": 612027
        },
        "2013-05": {
            "month": "2013-05",
            "price": "7.45",
            "revenue": 659205
        },
        "2013-06": {
            "month": "2013-06",
            "price": "7.94",
            "revenue": 548205
        },
        "2013-07": {
            "month": "2013-07",
            "price": "8.02",
            "revenue": 519473
        },
        "2013-08": {
            "month": "2013-08",
            "price": "8.04",
            "revenue": 634248
        },
        "2013-09": {
            "month": "2013-09",
            "price": "8.08",
            "revenue": 731855
        },
        "2013-10": {
            "month": "2013-10",
            "price": "8.79",
            "revenue": 747711
        },
        "2013-11": {
            "month": "2013-11",
            "price": "8.23",
            "revenue": 745949
        },
        "2013-12": {
            "month": "2013-12",
            "price": "8.71",
            "revenue": 718524
        },
        "2014-01": {
            "month": "2014-01",
            "price": "10.42",
            "revenue": 608727
        },
        "2014-02": {
            "month": "2014-02",
            "price": "11.00",
            "revenue": 555201
        },
        "2014-03": {
            "month": "2014-03",
            "price": "13.21",
            "revenue": 739425
        },
        "2014-04": {
            "month": "2014-04",
            "price": "12.53",
            "revenue": 727025
        },
        "2014-05": {
            "month": "2014-05",
            "price": "12.29",
            "revenue": 760722
        },
        "2014-06": {
            "month": "2014-06",
            "price": "17.31",
            "revenue": 491938
        },
        "2014-07": {
            "month": "2014-07",
            "price": "16.23",
            "revenue": 558958
        },
        "2014-08": {
            "month": "2014-08",
            "price": "14.10",
            "revenue": 654349
        },
        "2014-09": {
            "month": "2014-09",
            "price": "15.06",
            "revenue": 743713
        },
        "2014-10": {
            "month": "2014-10",
            "price": "14.70",
            "revenue": 827547
        },
        "2014-11": {
            "month": "2014-11",
            "price": "14.30",
            "revenue": 806964
        },
        "2014-12": {
            "month": "2014-12",
            "price": "15.45",
            "revenue": 686806
        },
        "2015-01": {
            "month": "2015-01",
            "price": "15.16",
            "revenue": 692970
        },
        "2015-02": {
            "month": "2015-02",
            "price": "15.42",
            "revenue": 623227
        },
        "2015-03": {
            "month": "2015-03",
            "price": "16.73",
            "revenue": 777376
        },
        "2015-04": {
            "month": "2015-04",
            "price": "17.48",
            "revenue": 737509
        },
        "2015-05": {
            "month": "2015-05",
            "price": "18.14",
            "revenue": 614822
        },
        "2015-06": {
            "month": "2015-06",
            "price": "18.65",
            "revenue": 523246
        },
        "2015-07": {
            "month": "2015-07",
            "price": "15.97",
            "revenue": 565990
        },
        "2015-08": {
            "month": "2015-08",
            "price": "13.95",
            "revenue": 700253
        },
        "2015-09": {
            "month": "2015-09",
            "price": "14.30",
            "revenue": 781506
        },
        "2015-10": {
            "month": "2015-10",
            "price": "17.10",
            "revenue": 835183
        },
        "2015-11": {
            "month": "2015-11",
            "price": "15.95",
            "revenue": 725141
        },
        "2015-12": {
            "month": "2015-12",
            "price": "15.23",
            "revenue": 613852
        },
        "2016-01": {
            "month": "2016-01",
            "price": "14.21",
            "revenue": 722502
        },
        "2016-02": {
            "month": "2016-02",
            "price": "15.89",
            "revenue": 635145
        },
        "2016-03": {
            "month": "2016-03",
            "price": "16.12",
            "revenue": 779623
        },
        "2016-04": {
            "month": "2016-04",
            "price": "15.57",
            "revenue": 738776
        },
        "2016-05": {
            "month": "2016-05",
            "price": "15.38",
            "revenue": 707436
        },
        "2016-06": {
            "month": "2016-06",
            "price": "15.41",
            "revenue": 573595
        },
        "2016-07": {
            "month": "2016-07",
            "price": "15.47",
            "revenue": 576121
        },
        "2016-08": {
            "month": "2016-08",
            "price": "15.48",
            "revenue": 807089
        },
        "2016-09": {
            "month": "2016-09",
            "price": "15.37",
            "revenue": 878255
        },
        "2016-10": {
            "month": "2016-10",
            "price": "16.15",
            "revenue": 859164
        },
        "2016-11": {
            "month": "2016-11",
            "price": "16.53",
            "revenue": 833331
        },
        "2016-12": {
            "month": "2016-12",
            "price": "17.16",
            "revenue": 707329
        },
        "2017-01": {
            "month": "2017-01",
            "price": "16.84",
            "revenue": 737997
        },
        "2017-02": {
            "month": "2017-02",
            "price": "17.12",
            "revenue": 636071
        },
        "2017-03": {
            "month": "2017-03",
            "price": "16.97",
            "revenue": 773005
        },
        "2017-04": {
            "month": "2017-04",
            "price": "16.55",
            "revenue": 721762
        },
        "2017-05": {
            "month": "2017-05",
            "price": "16.27",
            "revenue": 640562
        },
        "2017-06": {
            "month": "2017-06",
            "price": "16.22",
            "revenue": 604080
        },
        "2017-07": {
            "month": "2017-07",
            "price": "16.30",
            "revenue": 558586
        },
        "2017-08": {
            "month": "2017-08",
            "price": "15.59",
            "revenue": 703043
        },
        "2017-09": {
            "month": "2017-09",
            "price": "15.05",
            "revenue": 819652
        },
        "2017-10": {
            "month": "2017-10",
            "price": "14.89",
            "revenue": 889502
        },
        "2017-11": {
            "month": "2017-11",
            "price": "14.40",
            "revenue": 861183
        },
        "2017-12": {
            "month": "2017-12",
            "price": "13.99",
            "revenue": 901621
        },
        "2018-01": {
            "month": "2018-01",
            "price": "14.49",
            "revenue": 883213
        },
        "2018-02": {
            "month": "2018-02",
            "price": "14.11",
            "revenue": 611248
        },
        "2018-03": {
            "month": "2018-03",
            "price": "13.62",
            "revenue": 878143
        },
        "2018-04": {
            "month": "2018-04",
            "price": "12.73",
            "revenue": 750486
        },
        "2018-05": {
            "month": "2018-05",
            "price": "12.67",
            "revenue": 761617
        },
        "2018-06": {
            "month": "2018-06",
            "price": "13.14",
            "revenue": 644155
        },
        "2018-07": {
            "month": "2018-07",
            "price": "12.94",
            "revenue": 583138
        },
        "2018-08": {
            "month": "2018-08",
            "price": "13.27",
            "revenue": 774710
        },
        "2018-09": {
            "month": "2018-09",
            "price": "14.21",
            "revenue": 869240
        },
        "2018-10": {
            "month": "2018-10",
            "price": "13.00",
            "revenue": 918635
        },
        "2018-11": {
            "month": "2018-11",
            "price": "12.04",
            "revenue": 870662
        },
        "2018-12": {
            "month": "2018-12",
            "price": "12.00",
            "revenue": 862494
        },
        "2019-01": {
            "month": "2019-01",
            "price": "11.33",
            "revenue": 843264
        },
        "2019-02": {
            "month": "2019-02",
            "price": "11.64",
            "revenue": 612261
        },
        "2019-03": {
            "month": "2019-03",
            "price": "11.52",
            "revenue": 795573
        },
        "2019-04": {
            "month": "2019-04",
            "price": "11.51",
            "revenue": 734719
        },
        "2019-05": {
            "month": "2019-05",
            "price": "11.70",
            "revenue": 646421
        },
        "2019-06": {
            "month": "2019-06",
            "price": "11.44",
            "revenue": 625651
        },
        "2019-07": {
            "month": "2019-07",
            "price": "11.48",
            "revenue": 554500
        },
        "2019-08": {
            "month": "2019-08",
            "price": "10.47",
            "revenue": 717053
        },
        "2019-09": {
            "month": "2019-09",
            "price": "10.26",
            "revenue": 886266
        },
        "2019-10": {
            "month": "2019-10",
            "price": "10.30",
            "revenue": 854068
        },
        "2019-11": {
            "month": "2019-11",
            "price": "9.69",
            "revenue": 774277
        },
        "2019-12": {
            "month": "2019-12",
            "price": "9.24",
            "revenue": 819126
        },
        "2020-01": {
            "month": "2020-01",
            "price": "8.96",
            "revenue": 634183
        },
        "2020-02": {
            "month": "2020-02",
            "price": "8.27",
            "revenue": 585125
        },
        "2020-03": {
            "month": "2020-03",
            "price": "6.35",
            "revenue": 652418
        },
        "2020-04": {
            "month": "2020-04",
            "price": "7.28",
            "revenue": 339161
        },
        "2020-05": {
            "month": "2020-05",
            "price": "8.08",
            "revenue": 369740
        },
        "2020-06": {
            "month": "2020-06",
            "price": "9.32",
            "revenue": 444761
        },
        "2020-07": {
            "month": "2020-07",
            "price": "9.82",
            "revenue": 555438
        },
        "2020-08": {
            "month": "2020-08",
            "price": "9.89",
            "revenue": 600632
        },
        "2020-09": {
            "month": "2020-09",
            "price": "9.50",
            "revenue": 679479
        },
        "2020-10": {
            "month": "2020-10",
            "price": "9.71",
            "revenue": 858236
        },
        "2020-11": {
            "month": "2020-11",
            "price": "9.52",
            "revenue": 849170
        },
        "2020-12": {
            "month": "2020-12",
            "price": "9.62",
            "revenue": 753725
        },
        "2021-01": {
            "month": "2021-01",
            "price": "9.17",
            "revenue": 792034
        },
        "2021-02": {
            "month": "2021-02",
            "price": "8.19",
            "revenue": 617249
        },
        "2021-03": {
            "month": "2021-03",
            "price": "8.13",
            "revenue": 733251
        },
        "2021-04": {
            "month": "2021-04",
            "price": "8.84",
            "revenue": 740461
        },
        "2021-05": {
            "month": "2021-05",
            "price": "11.39",
            "revenue": 744338
        },
        "2021-06": {
            "month": "2021-06",
            "price": "11.01",
            "revenue": 720402
        },
        "2021-07": {
            "month": "2021-07",
            "price": "12.80",
            "revenue": 692595
        },
        "2021-08": {
            "month": "2021-08",
            "price": "11.24",
            "revenue": 920232
        },
        "2021-09": {
            "month": "2021-09",
            "price": "10.84",
            "revenue": 950028
        },
        "2021-10": {
            "month": "2021-10",
            "price": "9.75",
            "revenue": 1005828
        },
        "2021-11": {
            "month": "2021-11",
            "price": "9.65",
            "revenue": 1052751
        },
        "2021-12": {
            "month": "2021-12",
            "price": "9.51",
            "revenue": 1037359
        },
        "2022-01": {
            "month": "2022-01",
            "price": "9.34",
            "revenue": 866114
        },
        "2022-02": {
            "month": "2022-02",
            "price": "9.07",
            "revenue": 808271
        },
        "2022-03": {
            "month": "2022-03",
            "price": "8.38",
            "revenue": 959483
        },
        "2022-04": {
            "month": "2022-04",
            "price": "8.78",
            "revenue": 724281
        },
        "2022-05": {
            "month": "2022-05",
            "price": "7.76",
            "revenue": 750834
        },
        "2022-06": {
            "month": "2022-06",
            "price": "7.69",
            "revenue": 825306
        },
        "2022-07": {
            "month": "2022-07",
            "price": "7.25",
            "revenue": 835539
        },
        "2022-08": {
            "month": "2022-08",
            "price": "7.53",
            "revenue": 925749
        },
        "2022-09": {
            "month": "2022-09",
            "price": "7.93",
            "revenue": 904656
        },
        "2022-10": {
            "month": "2022-10",
            "price": "7.74",
            "revenue": 692200
        },
        "2022-11": {
            "month": "2022-11",
            "price": "7.32",
            "revenue": 804762
        },
        "2022-12": {
            "month": "2022-12",
            "price": "7.16",
            "revenue": 701854
        },
        "2023-01": {
            "month": "2023-01",
            "price": "7.10",
            "revenue": 613975
        },
        "2023-02": {
            "month": "2023-02",
            "price": "7.21",
            "revenue": 644698
        },
        "2023-03": {
            "month": "2023-03",
            "price": "7.52",
            "revenue": 669271
        },
        "2023-04": {
            "month": "2023-04",
            "price": "7.81",
            "revenue": 473599
        },
        "2023-05": {
            "month": "2023-05",
            "price": "8.27",
            "revenue": 551174
        },
        "2023-06": {
            "month": "2023-06",
            "price": "8.98",
            "revenue": 582440
        },
        "2023-07": {
            "month": "2023-07",
            "price": "8.84",
            "revenue": 637276
        },
        "2023-08": {
            "month": "2023-08",
            "price": "8.05",
            "revenue": 665369
        },
        "2023-09": {
            "month": "2023-09",
            "price": "7.83",
            "revenue": 720391
        },
        "2023-10": {
            "month": "2023-10",
            "price": "7.53",
            "revenue": 750216
        },
        "2023-11": {
            "month": "2023-11",
            "price": "7.43",
            "revenue": 835389
        },
        "2023-12": {
            "month": "2023-12",
            "price": "7.53",
            "revenue": 698235
        }
    }
}
