{
    "summary": {
        "stock_name": "強盛",
        "stock_id": "1463",
        "category": "紡織纖維",
        "main_business": "染整代工<br>成品布銷售",
        "website_url": "http://www.csgroup.com.tw",
        "ceo": "呂芳福",
        "pe_ratio": 20,
        "report_year_from": 2001,
        "report_year_to": 2023,
        "age": 22,
        "eps_negative_percentage": 30,
        "eps_growth_avg": {
            "last_all": -18.4,
            "last_2y": -6.29,
            "last_4y": -25.9,
            "last_8y": 3.64,
            "last_12y": -4.9,
            "last_16y": -12.22,
            "last_20y": -18.4,
            "at_2006_last_3y": -99.38,
            "at_2007_last_3y": -99.38,
            "at_2008_last_3y": -99.38,
            "at_2009_last_3y": -100,
            "at_2010_last_3y": -91.58,
            "at_2011_last_3y": 4.21,
            "at_2012_last_3y": -30.53,
            "at_2013_last_3y": -30.53,
            "at_2014_last_3y": 31.31,
            "at_2015_last_3y": -8.79,
            "at_2016_last_3y": 57.88,
            "at_2017_last_3y": 40.57,
            "at_2018_last_3y": 3.62,
            "at_2019_last_3y": -5.5,
            "at_2020_last_3y": -44.07,
            "at_2021_last_3y": -28.73,
            "at_2022_last_3y": -18.91,
            "at_2023_last_3y": -18.91,
            "at_2006_last_all": -99.38,
            "at_2007_last_all": -99.38,
            "at_2008_last_all": -99.38,
            "at_2009_last_all": -99.38,
            "at_2010_last_all": -96.78,
            "at_2011_last_all": -47.59,
            "at_2012_last_all": -58.07,
            "at_2013_last_all": -58.07,
            "at_2014_last_all": -32.73,
            "at_2015_last_all": -30.96,
            "at_2016_last_all": -14.59,
            "at_2017_last_all": -14.23,
            "at_2018_last_all": -18.19,
            "at_2019_last_all": -21.7,
            "at_2020_last_all": -24.42,
            "at_2021_last_all": -18.69,
            "at_2022_last_all": -18.4,
            "at_2023_last_all": -18.4
        },
        "latest_eps": 0.81,
        "latest_price": 15.8,
        "latest_roe": 5.94,
        "latest_gross_margin": -11.3,
        "latest_equity": 2288976,
        "latest_revenue": 65784,
        "latest_gross_profit": -7433,
        "latest_net_income": -2790,
        "latest_debt_ratio": 19.3,
        "latest_current_ratio": 350.03,
        "latest_account_receivable_turnover_ratio": 0.99,
        "latest_inventory_turnover_ratio": 0.15,
        "latest_reinvestment_rate": 27.18,
        "latest_research_to_sale_ratio": 3.42
    },
    "eps_dividends": {
        "1995": {
            "cash": 0,
            "stock": 0.5,
            "eps": 0
        },
        "1996": {
            "cash": 0,
            "stock": 0.5,
            "eps": 0
        },
        "1997": {
            "cash": 0,
            "stock": 1.5,
            "eps": 0
        },
        "1998": {
            "cash": 0,
            "stock": 1.5,
            "eps": 0
        },
        "2001": {
            "cash": 0.35,
            "stock": 0.25,
            "eps": -0.09
        },
        "2002": {
            "cash": 0,
            "stock": 0,
            "eps": -0.35
        },
        "2003": {
            "cash": 0,
            "stock": 0,
            "eps": -0.33
        },
        "2004": {
            "cash": 0,
            "stock": 0,
            "eps": 0.81
        },
        "2005": {
            "cash": 0.5,
            "stock": 0,
            "eps": 0.01
        },
        "2006": {
            "cash": 0.15,
            "stock": 0,
            "eps": -0.38
        },
        "2007": {
            "cash": 0,
            "stock": 0,
            "eps": -0.69
        },
        "2008": {
            "cash": 0,
            "stock": 0,
            "eps": -1.22
        },
        "2009": {
            "cash": 0,
            "stock": 0,
            "eps": 0.95
        },
        "2010": {
            "cash": 0,
            "stock": 0,
            "eps": 0.08
        },
        "2011": {
            "cash": 0,
            "stock": 0,
            "eps": 0.17
        },
        "2012": {
            "cash": 0,
            "stock": 0,
            "eps": -0.23
        },
        "2013": {
            "cash": 0,
            "stock": 0,
            "eps": 0.33
        },
        "2014": {
            "cash": 0.3,
            "stock": 0,
            "eps": 0.64
        },
        "2015": {
            "cash": 0.53,
            "stock": 0,
            "eps": 0.51
        },
        "2016": {
            "cash": 0.7,
            "stock": 0,
            "eps": 3.96
        },
        "2017": {
            "cash": 3.3,
            "stock": 0,
            "eps": 3.51
        },
        "2018": {
            "cash": 3,
            "stock": 0,
            "eps": 1.62
        },
        "2019": {
            "cash": 1.4,
            "stock": 0,
            "eps": 0.7
        },
        "2020": {
            "cash": 0.6,
            "stock": 0,
            "eps": 0.32
        },
        "2021": {
            "cash": 0.3,
            "stock": 0,
            "eps": 0.48
        },
        "2022": {
            "cash": 0.4,
            "stock": 0,
            "eps": 0.41
        },
        "2023": {
            "cash": 0.4,
            "stock": 0,
            "eps": 0.19
        }
    },
    "dividends": {
        "1995-06-09": {
            "cash": 0,
            "stock": 0.5
        },
        "1996-06-07": {
            "cash": 0,
            "stock": 0.5
        },
        "1997-05-22": {
            "cash": 0,
            "stock": 1.5
        },
        "1998-05-22": {
            "cash": 0,
            "stock": 1.5
        },
        "2001-05-22": {
            "cash": 0.35,
            "stock": 0.25
        },
        "2005-03-24": {
            "cash": 0.5,
            "stock": 0
        },
        "2006-03-21": {
            "cash": 0.15,
            "stock": 0
        },
        "2014-08-15": {
            "cash": 0.3,
            "stock": 0
        },
        "2015-08-14": {
            "cash": 0.53,
            "stock": 0
        },
        "2016-07-29": {
            "cash": 0.7,
            "stock": 0
        },
        "2017-08-08": {
            "cash": 3.3,
            "stock": 0
        },
        "2018-08-01": {
            "cash": 3,
            "stock": 0
        },
        "2019-08-09": {
            "cash": 1.4,
            "stock": 0
        },
        "2020-08-13": {
            "cash": 0.6,
            "stock": 0
        },
        "2021-10-06": {
            "cash": 0.3,
            "stock": 0
        },
        "2022-08-26": {
            "cash": 0.4,
            "stock": 0
        },
        "2023-07-24": {
            "cash": 0.4,
            "stock": 0
        }
    },
    "prices": {
        "200101": "7.65",
        "200102": "8.02",
        "200103": "7.67",
        "200104": "7.39",
        "200105": "6.53",
        "200106": "6.48",
        "200107": "5.10",
        "200108": "4.64",
        "200109": "4.45",
        "200110": "4.00",
        "200111": "4.01",
        "200112": "4.32",
        "200201": "4.39",
        "200202": "4.33",
        "200203": "5.32",
        "200204": "5.87",
        "200205": "5.00",
        "200206": "4.99",
        "200207": "4.99",
        "200208": "4.67",
        "200209": "4.55",
        "200210": "4.01",
        "200211": "4.32",
        "200212": "4.69",
        "200301": "5.26",
        "200302": "5.05",
        "200303": "4.33",
        "200304": "4.15",
        "200305": "3.74",
        "200306": "4.16",
        "200307": "4.15",
        "200308": "4.16",
        "200309": "4.00",
        "200310": "4.21",
        "200311": "4.72",
        "200312": "4.49",
        "200401": "5.01",
        "200402": "6.94",
        "200403": "7.15",
        "200404": "8.40",
        "200405": "7.79",
        "200406": "8.15",
        "200407": "6.40",
        "200408": "5.70",
        "200409": "7.71",
        "200410": "7.34",
        "200411": "6.70",
        "200412": "6.99",
        "200501": "7.37",
        "200502": "6.93",
        "200503": "6.60",
        "200504": "6.37",
        "200505": "6.05",
        "200506": "7.06",
        "200507": "7.04",
        "200508": "6.23",
        "200509": "5.56",
        "200510": "5.19",
        "200511": "5.35",
        "200512": "5.33",
        "200601": "5.10",
        "200602": "4.92",
        "200603": "4.47",
        "200604": "4.53",
        "200605": "5.00",
        "200606": "4.35",
        "200607": "4.29",
        "200608": "4.07",
        "200609": "4.32",
        "200610": "4.81",
        "200611": "5.45",
        "200612": "7.05",
        "200701": "6.81",
        "200702": "6.48",
        "200703": "6.52",
        "200704": "7.47",
        "200705": "7.31",
        "200706": "6.98",
        "200707": "9.73",
        "200708": "8.58",
        "200709": "8.81",
        "200710": "7.88",
        "200711": "6.13",
        "200712": "5.75",
        "200801": "5.82",
        "200802": "6.20",
        "200803": "7.63",
        "200804": "8.44",
        "200805": "7.95",
        "200806": "6.90",
        "200807": "5.88",
        "200808": "6.07",
        "200809": "4.69",
        "200810": "3.41",
        "200811": "2.47",
        "200812": "2.44",
        "200901": "2.41",
        "200902": "2.54",
        "200903": "3.20",
        "200904": "3.55",
        "200905": "4.28",
        "200906": "5.18",
        "200907": "5.36",
        "200908": "5.38",
        "200909": "5.45",
        "200910": "5.96",
        "200911": "6.80",
        "200912": "9.85",
        "201001": "10.82",
        "201002": "9.32",
        "201003": "9.22",
        "201004": "9.24",
        "201005": "9.36",
        "201006": "8.59",
        "201007": "8.68",
        "201008": "9.59",
        "201009": "9.88",
        "201010": "10.44",
        "201011": "10.25",
        "201012": "11.57",
        "201101": "11.93",
        "201102": "12.46",
        "201103": "11.14",
        "201104": "11.10",
        "201105": "10.91",
        "201106": "10.15",
        "201107": "10.68",
        "201108": "10.23",
        "201109": "9.78",
        "201110": "9.47",
        "201111": "9.31",
        "201112": "7.59",
        "201201": "7.63",
        "201202": "9.50",
        "201203": "10.05",
        "201204": "10.12",
        "201205": "10.16",
        "201206": "10.02",
        "201207": "9.84",
        "201208": "10.96",
        "201209": "12.42",
        "201210": "11.58",
        "201211": "10.19",
        "201212": "10.41",
        "201301": "11.93",
        "201302": "12.19",
        "201303": "12.59",
        "201304": "12.69",
        "201305": "13.72",
        "201306": "14.45",
        "201307": "14.01",
        "201308": "14.25",
        "201309": "14.34",
        "201310": "14.87",
        "201311": "18.92",
        "201312": "18.80",
        "201401": "17.42",
        "201402": "17.19",
        "201403": "16.88",
        "201404": "16.41",
        "201405": "14.47",
        "201406": "14.81",
        "201407": "15.01",
        "201408": "15.00",
        "201409": "15.05",
        "201410": "15.39",
        "201411": "14.89",
        "201412": "15.38",
        "201501": "16.88",
        "201502": "17.04",
        "201503": "16.68",
        "201504": "17.44",
        "201505": "19.00",
        "201506": "17.67",
        "201507": "16.94",
        "201508": "15.70",
        "201509": "15.19",
        "201510": "15.82",
        "201511": "16.10",
        "201512": "16.43",
        "201601": "15.74",
        "201602": "16.42",
        "201603": "17.83",
        "201604": "17.54",
        "201605": "16.91",
        "201606": "17.64",
        "201607": "17.85",
        "201608": "17.70",
        "201609": "17.90",
        "201610": "18.30",
        "201611": "18.20",
        "201612": "20.28",
        "201701": "21.16",
        "201702": "21.62",
        "201703": "23.89",
        "201704": "27.14",
        "201705": "27.90",
        "201706": "29.13",
        "201707": "26.48",
        "201708": "24.59",
        "201709": "25.82",
        "201710": "26.59",
        "201711": "26.91",
        "201712": "25.13",
        "201801": "23.89",
        "201802": "21.42",
        "201803": "23.30",
        "201804": "22.97",
        "201805": "22.39",
        "201806": "23.05",
        "201807": "19.33",
        "201808": "17.03",
        "201809": "15.95",
        "201810": "13.25",
        "201811": "12.70",
        "201812": "12.94",
        "201901": "12.83",
        "201902": "13.35",
        "201903": "14.92",
        "201904": "15.52",
        "201905": "15.48",
        "201906": "15.85",
        "201907": "15.31",
        "201908": "13.44",
        "201909": "13.46",
        "201910": "13.19",
        "201911": "12.97",
        "201912": "13.10",
        "202001": "13.03",
        "202002": "12.76",
        "202003": "11.15",
        "202004": "11.21",
        "202005": "11.53",
        "202006": "12.19",
        "202007": "11.99",
        "202008": "11.69",
        "202009": "12.90",
        "202010": "12.39",
        "202011": "12.22",
        "202012": "12.53",
        "202101": "12.80",
        "202102": "12.41",
        "202103": "12.76",
        "202104": "13.60",
        "202105": "13.68",
        "202106": "15.53",
        "202107": "14.75",
        "202108": "13.88",
        "202109": "14.11",
        "202110": "14.25",
        "202111": "14.18",
        "202112": "14.53",
        "202201": "13.80",
        "202202": "13.84",
        "202203": "13.66",
        "202204": "13.92",
        "202205": "13.64",
        "202206": "13.86",
        "202207": "13.77",
        "202208": "14.08",
        "202209": "14.12",
        "202210": "13.89",
        "202211": "14.04",
        "202212": "14.38",
        "202301": "14.68",
        "202302": "14.90",
        "202303": "14.51",
        "202304": "14.30",
        "202305": "14.47",
        "202306": "14.58",
        "202307": "14.73",
        "202308": "15.16",
        "202309": "15.70"
    },
    "quarters": {
        "20011": {
            "year_quarter": 20011,
            "year": 2001,
            "quarter": 1,
            "eps": -0.02,
            "eps_growth_year": -106.45,
            "eps_4q": 0.47,
            "eps_4q_growth_year": -63.79,
            "roe": -0.17,
            "roe_4q": -0.17,
            "gross_profit": 28220,
            "gross_margin": 9.78,
            "gross_margin_4q_avg": 9.78,
            "net_income": -4065,
            "revenue": 288577,
            "common_shares": 2010319,
            "book_valuer_per_share": 11.87,
            "book_valuer_per_share_4q_avg": 11.87,
            "equity": 2387014,
            "current_ratio": 165.94,
            "debt_ratio": 15.24,
            "inventory_turnover_ratio": 0.95,
            "account_receivable_turnover_ratio": null,
            "reinvestment_rate": null,
            "research_to_sale_ratio": null,
            "price_fair": 0,
            "eps_avg_yearly": 0,
            "eps_latest_yearly": 0,
            "eps_growth_yearly": 0
        },
        "20012": {
            "year_quarter": 20012,
            "year": 2001,
            "quarter": 2,
            "eps": -0.02,
            "eps_growth_year": -109.52,
            "eps_4q": 0.27,
            "eps_4q_growth_year": -77.37,
            "roe": -0.19,
            "roe_4q": -0.36,
            "gross_profit": 29141,
            "gross_margin": 8.79,
            "gross_margin_4q_avg": 9.29,
            "net_income": -4399,
            "revenue": 331371,
            "common_shares": 2010319,
            "book_valuer_per_share": 11.26,
            "book_valuer_per_share_4q_avg": 11.57,
            "equity": 2263483,
            "current_ratio": 130.86,
            "debt_ratio": 18.03,
            "inventory_turnover_ratio": 1.54,
            "account_receivable_turnover_ratio": null,
            "reinvestment_rate": null,
            "research_to_sale_ratio": null,
            "price_fair": 0,
            "eps_avg_yearly": 0,
            "eps_latest_yearly": 0,
            "eps_growth_yearly": 0
        },
        "20013": {
            "year_quarter": 20013,
            "year": 2001,
            "quarter": 3,
            "eps": -0.09,
            "eps_growth_year": -156.25,
            "eps_4q": 0.02,
            "eps_4q_growth_year": -97.6,
            "roe": -0.82,
            "roe_4q": -1.18,
            "gross_profit": 16375,
            "gross_margin": 5.85,
            "gross_margin_4q_avg": 8.14,
            "net_income": -18223,
            "revenue": 279853,
            "common_shares": 2060578,
            "book_valuer_per_share": 10.67,
            "book_valuer_per_share_4q_avg": 11.27,
            "equity": 2199508,
            "current_ratio": 146.27,
            "debt_ratio": 16.88,
            "inventory_turnover_ratio": 1.54,
            "account_receivable_turnover_ratio": null,
            "reinvestment_rate": null,
            "research_to_sale_ratio": null,
            "price_fair": 0,
            "eps_avg_yearly": 0,
            "eps_latest_yearly": 0,
            "eps_growth_yearly": 0
        },
        "20014": {
            "year_quarter": 20014,
            "year": 2001,
            "quarter": 4,
            "eps": 0.04,
            "eps_growth_year": -75,
            "eps_4q": -0.1,
            "eps_4q_growth_year": -112.9,
            "roe": 0.34,
            "roe_4q": -0.84,
            "gross_profit": 29020,
            "gross_margin": 9.69,
            "gross_margin_4q_avg": 8.53,
            "net_income": 7579,
            "revenue": 299344,
            "common_shares": 2013167,
            "book_valuer_per_share": 10.9,
            "book_valuer_per_share_4q_avg": 11.18,
            "equity": 2228150,
            "current_ratio": 206.8,
            "debt_ratio": 22.35,
            "inventory_turnover_ratio": 0.9,
            "account_receivable_turnover_ratio": null,
            "reinvestment_rate": null,
            "research_to_sale_ratio": null,
            "price_fair": 0,
            "eps_avg_yearly": 0,
            "eps_latest_yearly": 0,
            "eps_growth_yearly": 0
        },
        "20021": {
            "year_quarter": 20021,
            "year": 2002,
            "quarter": 1,
            "eps": -0.19,
            "eps_growth_year": null,
            "eps_4q": -0.27,
            "eps_4q_growth_year": -158.06,
            "roe": -1.59,
            "roe_4q": -2.26,
            "gross_profit": 144,
            "gross_margin": 0.07,
            "gross_margin_4q_avg": 6.1,
            "net_income": -34042,
            "revenue": 218044,
            "common_shares": 2013167,
            "book_valuer_per_share": 10.18,
            "book_valuer_per_share_4q_avg": 10.75,
            "equity": 2049177,
            "current_ratio": 182.86,
            "debt_ratio": 14.27,
            "inventory_turnover_ratio": 0.74,
            "account_receivable_turnover_ratio": null,
            "reinvestment_rate": null,
            "research_to_sale_ratio": null,
            "price_fair": 0,
            "eps_avg_yearly": 0,
            "eps_latest_yearly": 0,
            "eps_growth_yearly": 0
        },
        "20022": {
            "year_quarter": 20022,
            "year": 2002,
            "quarter": 2,
            "eps": 0.07,
            "eps_growth_year": null,
            "eps_4q": -0.19,
            "eps_4q_growth_year": -168.58,
            "roe": 0.59,
            "roe_4q": -1.48,
            "gross_profit": 17896,
            "gross_margin": 6.51,
            "gross_margin_4q_avg": 5.53,
            "net_income": 12128,
            "revenue": 274782,
            "common_shares": 2013167,
            "book_valuer_per_share": 10.22,
            "book_valuer_per_share_4q_avg": 10.49,
            "equity": 2056853,
            "current_ratio": 157.03,
            "debt_ratio": 17.58,
            "inventory_turnover_ratio": 1.92,
            "account_receivable_turnover_ratio": null,
            "reinvestment_rate": null,
            "research_to_sale_ratio": null,
            "price_fair": 0,
            "eps_avg_yearly": 0,
            "eps_latest_yearly": 0,
            "eps_growth_yearly": 0
        },
        "20023": {
            "year_quarter": 20023,
            "year": 2002,
            "quarter": 3,
            "eps": -0.19,
            "eps_growth_year": null,
            "eps_4q": -0.23,
            "eps_4q_growth_year": -1114.42,
            "roe": -1.58,
            "roe_4q": -2.24,
            "gross_profit": 13839,
            "gross_margin": 5.48,
            "gross_margin_4q_avg": 5.44,
            "net_income": -32374,
            "revenue": 252620,
            "common_shares": 2013167,
            "book_valuer_per_share": 10.08,
            "book_valuer_per_share_4q_avg": 10.35,
            "equity": 2028480,
            "current_ratio": 175.36,
            "debt_ratio": 15.34,
            "inventory_turnover_ratio": 2.06,
            "account_receivable_turnover_ratio": null,
            "reinvestment_rate": null,
            "research_to_sale_ratio": null,
            "price_fair": 0,
            "eps_avg_yearly": 0,
            "eps_latest_yearly": 0,
            "eps_growth_yearly": 0
        },
        "20024": {
            "year_quarter": 20024,
            "year": 2002,
            "quarter": 4,
            "eps": -0.04,
            "eps_growth_year": -200,
            "eps_4q": -0.37,
            "eps_4q_growth_year": null,
            "roe": -0.35,
            "roe_4q": -2.9300000000000006,
            "gross_profit": 19940,
            "gross_margin": 7.37,
            "gross_margin_4q_avg": 4.86,
            "net_income": -7099,
            "revenue": 270397,
            "common_shares": 2013167,
            "book_valuer_per_share": 10.01,
            "book_valuer_per_share_4q_avg": 10.12,
            "equity": 2050771,
            "current_ratio": 183.01,
            "debt_ratio": 21.67,
            "inventory_turnover_ratio": 1.75,
            "account_receivable_turnover_ratio": null,
            "reinvestment_rate": -76.92,
            "research_to_sale_ratio": null,
            "price_fair": 0,
            "eps_avg_yearly": 0,
            "eps_latest_yearly": 0,
            "eps_growth_yearly": 0
        },
        "20031": {
            "year_quarter": 20031,
            "year": 2003,
            "quarter": 1,
            "eps": -0.16,
            "eps_growth_year": null,
            "eps_4q": -0.31,
            "eps_4q_growth_year": null,
            "roe": -1.42,
            "roe_4q": -2.7600000000000002,
            "gross_profit": -4513,
            "gross_margin": -2.2,
            "gross_margin_4q_avg": 4.29,
            "net_income": -28571,
            "revenue": 204700,
            "common_shares": 2013167,
            "book_valuer_per_share": 9.82,
            "book_valuer_per_share_4q_avg": 10.03,
            "equity": 1977432,
            "current_ratio": 193.37,
            "debt_ratio": 15.24,
            "inventory_turnover_ratio": 1.52,
            "account_receivable_turnover_ratio": null,
            "reinvestment_rate": -155.78,
            "research_to_sale_ratio": null,
            "price_fair": 0,
            "eps_avg_yearly": 0,
            "eps_latest_yearly": 0,
            "eps_growth_yearly": 0
        },
        "20032": {
            "year_quarter": 20032,
            "year": 2003,
            "quarter": 2,
            "eps": -0.1,
            "eps_growth_year": -242.86,
            "eps_4q": -0.43,
            "eps_4q_growth_year": null,
            "roe": -0.84,
            "roe_4q": -4.1899999999999995,
            "gross_profit": 13443,
            "gross_margin": 5.76,
            "gross_margin_4q_avg": 4.1,
            "net_income": -16724,
            "revenue": 233348,
            "common_shares": 1983207,
            "book_valuer_per_share": 10.22,
            "book_valuer_per_share_4q_avg": 10.03,
            "equity": 2025890,
            "current_ratio": 206.93,
            "debt_ratio": 14.94,
            "inventory_turnover_ratio": 2.26,
            "account_receivable_turnover_ratio": null,
            "reinvestment_rate": -195.28,
            "research_to_sale_ratio": null,
            "price_fair": 0,
            "eps_avg_yearly": 0,
            "eps_latest_yearly": 0,
            "eps_growth_yearly": 0
        },
        "20033": {
            "year_quarter": 20033,
            "year": 2003,
            "quarter": 3,
            "eps": -0.02,
            "eps_growth_year": null,
            "eps_4q": -0.28,
            "eps_4q_growth_year": null,
            "roe": -0.18,
            "roe_4q": -2.79,
            "gross_profit": 24065,
            "gross_margin": 11.09,
            "gross_margin_4q_avg": 5.51,
            "net_income": -3741,
            "revenue": 216964,
            "common_shares": 1983207,
            "book_valuer_per_share": 10.18,
            "book_valuer_per_share_4q_avg": 10.06,
            "equity": 2018955,
            "current_ratio": 248.37,
            "debt_ratio": 13.37,
            "inventory_turnover_ratio": 2.06,
            "account_receivable_turnover_ratio": null,
            "reinvestment_rate": -358.01,
            "research_to_sale_ratio": null,
            "price_fair": 0,
            "eps_avg_yearly": 0,
            "eps_latest_yearly": 0,
            "eps_growth_yearly": 0
        },
        "20034": {
            "year_quarter": 20034,
            "year": 2003,
            "quarter": 4,
            "eps": -0.05,
            "eps_growth_year": null,
            "eps_4q": -0.33,
            "eps_4q_growth_year": null,
            "roe": -0.39,
            "roe_4q": -2.83,
            "gross_profit": 24448,
            "gross_margin": 9.95,
            "gross_margin_4q_avg": 6.15,
            "net_income": -7954,
            "revenue": 245614,
            "common_shares": 1983207,
            "book_valuer_per_share": 10.13,
            "book_valuer_per_share_4q_avg": 10.09,
            "equity": 2046506,
            "current_ratio": 194.26,
            "debt_ratio": 22.88,
            "inventory_turnover_ratio": 1.68,
            "account_receivable_turnover_ratio": null,
            "reinvestment_rate": -3546.29,
            "research_to_sale_ratio": null,
            "price_fair": 0,
            "eps_avg_yearly": 0,
            "eps_latest_yearly": 0,
            "eps_growth_yearly": 0
        },
        "20041": {
            "year_quarter": 20041,
            "year": 2004,
            "quarter": 1,
            "eps": 0.03,
            "eps_growth_year": null,
            "eps_4q": -0.12,
            "eps_4q_growth_year": null,
            "roe": 0.28,
            "roe_4q": -1.13,
            "gross_profit": 26617,
            "gross_margin": 13.72,
            "gross_margin_4q_avg": 10.13,
            "net_income": 5780,
            "revenue": 193989,
            "common_shares": 1983207,
            "book_valuer_per_share": 10.14,
            "book_valuer_per_share_4q_avg": 10.17,
            "equity": 2010615,
            "current_ratio": 301.62,
            "debt_ratio": 12.56,
            "inventory_turnover_ratio": 1.37,
            "account_receivable_turnover_ratio": null,
            "reinvestment_rate": null,
            "research_to_sale_ratio": null,
            "price_fair": 0,
            "eps_avg_yearly": 0,
            "eps_latest_yearly": 0,
            "eps_growth_yearly": 0
        },
        "20042": {
            "year_quarter": 20042,
            "year": 2004,
            "quarter": 2,
            "eps": 0.54,
            "eps_growth_year": null,
            "eps_4q": 0.51,
            "eps_4q_growth_year": null,
            "roe": 4.52,
            "roe_4q": 4.23,
            "gross_profit": 50224,
            "gross_margin": 19.82,
            "gross_margin_4q_avg": 13.65,
            "net_income": 93031,
            "revenue": 253407,
            "common_shares": 1983207,
            "book_valuer_per_share": 10.62,
            "book_valuer_per_share_4q_avg": 10.27,
            "equity": 2106407,
            "current_ratio": 312.59,
            "debt_ratio": 12.5,
            "inventory_turnover_ratio": 3.06,
            "account_receivable_turnover_ratio": null,
            "reinvestment_rate": -1543.33,
            "research_to_sale_ratio": null,
            "price_fair": 75.6,
            "eps_avg_yearly": 2.16,
            "eps_latest_yearly": 2.16,
            "eps_growth_yearly": 6800
        },
        "20043": {
            "year_quarter": 20043,
            "year": 2004,
            "quarter": 3,
            "eps": 0.02,
            "eps_growth_year": null,
            "eps_4q": 0.66,
            "eps_4q_growth_year": null,
            "roe": 0.14,
            "roe_4q": 4.55,
            "gross_profit": 27635,
            "gross_margin": 13.51,
            "gross_margin_4q_avg": 14.25,
            "net_income": 2860,
            "revenue": 204555,
            "common_shares": 1983207,
            "book_valuer_per_share": 10.59,
            "book_valuer_per_share_4q_avg": 10.37,
            "equity": 2099682,
            "current_ratio": 395.02,
            "debt_ratio": 11.22,
            "inventory_turnover_ratio": 2.69,
            "account_receivable_turnover_ratio": null,
            "reinvestment_rate": null,
            "research_to_sale_ratio": null,
            "price_fair": 39.2,
            "eps_avg_yearly": 1.12,
            "eps_latest_yearly": 0.08,
            "eps_growth_yearly": 3207.41
        },
        "20044": {
            "year_quarter": 20044,
            "year": 2004,
            "quarter": 4,
            "eps": 0.22,
            "eps_growth_year": null,
            "eps_4q": 0.8,
            "eps_4q_growth_year": null,
            "roe": 1.79,
            "roe_4q": 6.7299999999999995,
            "gross_profit": 40528,
            "gross_margin": 15.85,
            "gross_margin_4q_avg": 15.73,
            "net_income": 38391,
            "revenue": 255645,
            "common_shares": 1937897,
            "book_valuer_per_share": 11.02,
            "book_valuer_per_share_4q_avg": 10.59,
            "equity": 2200542,
            "current_ratio": 226.86,
            "debt_ratio": 23.05,
            "inventory_turnover_ratio": 1.49,
            "account_receivable_turnover_ratio": null,
            "reinvestment_rate": -15218.94,
            "research_to_sale_ratio": null,
            "price_fair": 36.4,
            "eps_avg_yearly": 1.04,
            "eps_latest_yearly": 0.88,
            "eps_growth_yearly": 3471.6
        },
        "20051": {
            "year_quarter": 20051,
            "year": 2005,
            "quarter": 1,
            "eps": 0.05,
            "eps_growth_year": 66.67,
            "eps_4q": 0.93,
            "eps_4q_growth_year": null,
            "roe": 0.35,
            "roe_4q": 6.8,
            "gross_profit": 18922,
            "gross_margin": 10.58,
            "gross_margin_4q_avg": 14.94,
            "net_income": 7611,
            "revenue": 178886,
            "common_shares": 1937897,
            "book_valuer_per_share": 11.05,
            "book_valuer_per_share_4q_avg": 10.82,
            "equity": 2141881,
            "current_ratio": 460.64,
            "debt_ratio": 9.54,
            "inventory_turnover_ratio": 1.13,
            "account_receivable_turnover_ratio": null,
            "reinvestment_rate": -2617.06,
            "research_to_sale_ratio": null,
            "price_fair": 29.05,
            "eps_avg_yearly": 0.83,
            "eps_latest_yearly": 0.2,
            "eps_growth_yearly": 2526.43
        },
        "20052": {
            "year_quarter": 20052,
            "year": 2005,
            "quarter": 2,
            "eps": -0.06,
            "eps_growth_year": -111.11,
            "eps_4q": 0.2,
            "eps_4q_growth_year": -59.76,
            "roe": -0.45,
            "roe_4q": 1.83,
            "gross_profit": 30868,
            "gross_margin": 13.3,
            "gross_margin_4q_avg": 13.31,
            "net_income": -9432,
            "revenue": 232167,
            "common_shares": 1937897,
            "book_valuer_per_share": 10.48,
            "book_valuer_per_share_4q_avg": 10.79,
            "equity": 2030715,
            "current_ratio": 270.64,
            "debt_ratio": 13.74,
            "inventory_turnover_ratio": 3.35,
            "account_receivable_turnover_ratio": null,
            "reinvestment_rate": -4004.01,
            "research_to_sale_ratio": null,
            "price_fair": 29.05,
            "eps_avg_yearly": 0.83,
            "eps_latest_yearly": 0.2,
            "eps_growth_yearly": 2526.43
        },
        "20053": {
            "year_quarter": 20053,
            "year": 2005,
            "quarter": 3,
            "eps": 0,
            "eps_growth_year": -100,
            "eps_4q": 0.18,
            "eps_4q_growth_year": -71.83,
            "roe": -0.04,
            "roe_4q": 1.65,
            "gross_profit": 31733,
            "gross_margin": 13.59,
            "gross_margin_4q_avg": 13.33,
            "net_income": -790,
            "revenue": 233563,
            "common_shares": 1937898,
            "book_valuer_per_share": 10.57,
            "book_valuer_per_share_4q_avg": 10.78,
            "equity": 2048431,
            "current_ratio": 362.85,
            "debt_ratio": 10.98,
            "inventory_turnover_ratio": 3.22,
            "account_receivable_turnover_ratio": null,
            "reinvestment_rate": -1309.91,
            "research_to_sale_ratio": null,
            "price_fair": 29.05,
            "eps_avg_yearly": 0.83,
            "eps_latest_yearly": 0.2,
            "eps_growth_yearly": 2526.43
        },
        "20054": {
            "year_quarter": 20054,
            "year": 2005,
            "quarter": 4,
            "eps": 0.02,
            "eps_growth_year": -90.91,
            "eps_4q": 0,
            "eps_4q_growth_year": -99.63,
            "roe": 0.15,
            "roe_4q": 0.009999999999999953,
            "gross_profit": 38783,
            "gross_margin": 14.81,
            "gross_margin_4q_avg": 13.07,
            "net_income": 3060,
            "revenue": 261793,
            "common_shares": 1937897,
            "book_valuer_per_share": 10.59,
            "book_valuer_per_share_4q_avg": 10.67,
            "equity": 2167201,
            "current_ratio": 286.08,
            "debt_ratio": 19.85,
            "inventory_turnover_ratio": 2,
            "account_receivable_turnover_ratio": null,
            "reinvestment_rate": -1080.22,
            "research_to_sale_ratio": null,
            "price_fair": 29.05,
            "eps_avg_yearly": 0.83,
            "eps_latest_yearly": 0.2,
            "eps_growth_yearly": 2526.43
        },
        "20061": {
            "year_quarter": 20061,
            "year": 2006,
            "quarter": 1,
            "eps": -0.12,
            "eps_growth_year": -340,
            "eps_4q": -0.16,
            "eps_4q_growth_year": -117.4,
            "roe": -0.97,
            "roe_4q": -1.31,
            "gross_profit": 12726,
            "gross_margin": 6.49,
            "gross_margin_4q_avg": 12.05,
            "net_income": -20348,
            "revenue": 196018,
            "common_shares": 1937897,
            "book_valuer_per_share": 10.48,
            "book_valuer_per_share_4q_avg": 10.53,
            "equity": 2029948,
            "current_ratio": 433.32,
            "debt_ratio": 10,
            "inventory_turnover_ratio": 1.69,
            "account_receivable_turnover_ratio": null,
            "reinvestment_rate": -869.43,
            "research_to_sale_ratio": null,
            "price_fair": 29.05,
            "eps_avg_yearly": 0.83,
            "eps_latest_yearly": 0.2,
            "eps_growth_yearly": 2526.43
        },
        "20062": {
            "year_quarter": 20062,
            "year": 2006,
            "quarter": 2,
            "eps": -0.1,
            "eps_growth_year": null,
            "eps_4q": -0.18,
            "eps_4q_growth_year": -190.27,
            "roe": -0.87,
            "roe_4q": -1.73,
            "gross_profit": 15697,
            "gross_margin": 7.94,
            "gross_margin_4q_avg": 10.71,
            "net_income": -17516,
            "revenue": 197653,
            "common_shares": 1937897,
            "book_valuer_per_share": 10.23,
            "book_valuer_per_share_4q_avg": 10.47,
            "equity": 1982824,
            "current_ratio": 381.35,
            "debt_ratio": 11.08,
            "inventory_turnover_ratio": 3.12,
            "account_receivable_turnover_ratio": null,
            "reinvestment_rate": -4628.35,
            "research_to_sale_ratio": null,
            "price_fair": 29.05,
            "eps_avg_yearly": 0.83,
            "eps_latest_yearly": 0.2,
            "eps_growth_yearly": 2526.43
        },
        "20063": {
            "year_quarter": 20063,
            "year": 2006,
            "quarter": 3,
            "eps": 0.07,
            "eps_growth_year": null,
            "eps_4q": -0.13,
            "eps_4q_growth_year": -169.84,
            "roe": 0.62,
            "roe_4q": -1.07,
            "gross_profit": 23174,
            "gross_margin": 10.95,
            "gross_margin_4q_avg": 10.05,
            "net_income": 12246,
            "revenue": 211599,
            "common_shares": 1937897,
            "book_valuer_per_share": 10.29,
            "book_valuer_per_share_4q_avg": 10.4,
            "equity": 1993461,
            "current_ratio": 430.45,
            "debt_ratio": 10.23,
            "inventory_turnover_ratio": 3.18,
            "account_receivable_turnover_ratio": null,
            "reinvestment_rate": -503.88,
            "research_to_sale_ratio": null,
            "price_fair": 29.05,
            "eps_avg_yearly": 0.83,
            "eps_latest_yearly": 0.2,
            "eps_growth_yearly": 2526.43
        },
        "20064": {
            "year_quarter": 20064,
            "year": 2006,
            "quarter": 4,
            "eps": -0.23,
            "eps_growth_year": -1250,
            "eps_4q": -0.35,
            "eps_4q_growth_year": -12132.74,
            "roe": -1.89,
            "roe_4q": -3.1100000000000003,
            "gross_profit": 14342,
            "gross_margin": 6.69,
            "gross_margin_4q_avg": 8.02,
            "net_income": -38096,
            "revenue": 214468,
            "common_shares": 1937897,
            "book_valuer_per_share": 9.99,
            "book_valuer_per_share_4q_avg": 10.25,
            "equity": 2042388,
            "current_ratio": 412.58,
            "debt_ratio": 16.13,
            "inventory_turnover_ratio": 1.13,
            "account_receivable_turnover_ratio": null,
            "reinvestment_rate": -1692,
            "research_to_sale_ratio": null,
            "price_fair": 29.05,
            "eps_avg_yearly": 0.83,
            "eps_latest_yearly": 0.2,
            "eps_growth_yearly": 2526.43
        },
        "20071": {
            "year_quarter": 20071,
            "year": 2007,
            "quarter": 1,
            "eps": -0.09,
            "eps_growth_year": null,
            "eps_4q": -0.36,
            "eps_4q_growth_year": null,
            "roe": -0.73,
            "roe_4q": -2.87,
            "gross_profit": 12839,
            "gross_margin": 6.2,
            "gross_margin_4q_avg": 7.95,
            "net_income": -14511,
            "revenue": 207197,
            "common_shares": 1884108,
            "book_valuer_per_share": 10.21,
            "book_valuer_per_share_4q_avg": 10.18,
            "equity": 1923564,
            "current_ratio": 370.47,
            "debt_ratio": 11.55,
            "inventory_turnover_ratio": 1.04,
            "account_receivable_turnover_ratio": null,
            "reinvestment_rate": -587.14,
            "research_to_sale_ratio": null,
            "price_fair": 29.05,
            "eps_avg_yearly": 0.83,
            "eps_latest_yearly": 0.2,
            "eps_growth_yearly": 2526.43
        },
        "20072": {
            "year_quarter": 20072,
            "year": 2007,
            "quarter": 2,
            "eps": -0.1,
            "eps_growth_year": null,
            "eps_4q": -0.3,
            "eps_4q_growth_year": null,
            "roe": -0.87,
            "roe_4q": -2.87,
            "gross_profit": 30617,
            "gross_margin": 10.83,
            "gross_margin_4q_avg": 8.67,
            "net_income": -16633,
            "revenue": 282808,
            "common_shares": 1884108,
            "book_valuer_per_share": 10.12,
            "book_valuer_per_share_4q_avg": 10.15,
            "equity": 1906596,
            "current_ratio": 427.87,
            "debt_ratio": 11.01,
            "inventory_turnover_ratio": 3.47,
            "account_receivable_turnover_ratio": null,
            "reinvestment_rate": -679.75,
            "research_to_sale_ratio": null,
            "price_fair": 29.05,
            "eps_avg_yearly": 0.83,
            "eps_latest_yearly": 0.2,
            "eps_growth_yearly": 2526.43
        },
        "20073": {
            "year_quarter": 20073,
            "year": 2007,
            "quarter": 3,
            "eps": -0.08,
            "eps_growth_year": -214.29,
            "eps_4q": -0.43,
            "eps_4q_growth_year": null,
            "roe": -0.65,
            "roe_4q": -4.14,
            "gross_profit": 7147,
            "gross_margin": 3.53,
            "gross_margin_4q_avg": 6.81,
            "net_income": -12421,
            "revenue": 202558,
            "common_shares": 1884108,
            "book_valuer_per_share": 10.05,
            "book_valuer_per_share_4q_avg": 10.09,
            "equity": 1893289,
            "current_ratio": 446.15,
            "debt_ratio": 10.68,
            "inventory_turnover_ratio": 2.91,
            "account_receivable_turnover_ratio": null,
            "reinvestment_rate": -802.78,
            "research_to_sale_ratio": null,
            "price_fair": 29.05,
            "eps_avg_yearly": 0.83,
            "eps_latest_yearly": 0.2,
            "eps_growth_yearly": 2526.43
        },
        "20074": {
            "year_quarter": 20074,
            "year": 2007,
            "quarter": 4,
            "eps": -0.42,
            "eps_growth_year": null,
            "eps_4q": -0.57,
            "eps_4q_growth_year": null,
            "roe": -3.58,
            "roe_4q": -5.83,
            "gross_profit": 12199,
            "gross_margin": 5.47,
            "gross_margin_4q_avg": 6.51,
            "net_income": -67913,
            "revenue": 222869,
            "common_shares": 1884108,
            "book_valuer_per_share": 9.69,
            "book_valuer_per_share_4q_avg": 10.02,
            "equity": 1900690,
            "current_ratio": 487.68,
            "debt_ratio": 15.84,
            "inventory_turnover_ratio": 1.07,
            "account_receivable_turnover_ratio": null,
            "reinvestment_rate": null,
            "research_to_sale_ratio": null,
            "price_fair": 29.05,
            "eps_avg_yearly": 0.83,
            "eps_latest_yearly": 0.2,
            "eps_growth_yearly": 2526.43
        },
        "20081": {
            "year_quarter": 20081,
            "year": 2008,
            "quarter": 1,
            "eps": -0.09,
            "eps_growth_year": null,
            "eps_4q": -0.68,
            "eps_4q_growth_year": null,
            "roe": -0.78,
            "roe_4q": -5.880000000000001,
            "gross_profit": 12250,
            "gross_margin": 5.95,
            "gross_margin_4q_avg": 6.45,
            "net_income": -14660,
            "revenue": 205855,
            "common_shares": 1884108,
            "book_valuer_per_share": 9.58,
            "book_valuer_per_share_4q_avg": 9.86,
            "equity": 1879496,
            "current_ratio": 467.76,
            "debt_ratio": 16.5,
            "inventory_turnover_ratio": 0.59,
            "account_receivable_turnover_ratio": null,
            "reinvestment_rate": null,
            "research_to_sale_ratio": null,
            "price_fair": 29.05,
            "eps_avg_yearly": 0.83,
            "eps_latest_yearly": 0.2,
            "eps_growth_yearly": 2526.43
        },
        "20082": {
            "year_quarter": 20082,
            "year": 2008,
            "quarter": 2,
            "eps": -0.15,
            "eps_growth_year": null,
            "eps_4q": -0.63,
            "eps_4q_growth_year": null,
            "roe": -1.36,
            "roe_4q": -6.370000000000001,
            "gross_profit": 1479,
            "gross_margin": 0.69,
            "gross_margin_4q_avg": 3.91,
            "net_income": -25429,
            "revenue": 214283,
            "common_shares": 1884108,
            "book_valuer_per_share": 9.45,
            "book_valuer_per_share_4q_avg": 9.69,
            "equity": 1855019,
            "current_ratio": 456.32,
            "debt_ratio": 16.82,
            "inventory_turnover_ratio": 0.64,
            "account_receivable_turnover_ratio": null,
            "reinvestment_rate": null,
            "research_to_sale_ratio": null,
            "price_fair": 13.53,
            "eps_avg_yearly": 0.39,
            "eps_latest_yearly": 0.2,
            "eps_growth_yearly": 1101.91
        },
        "20083": {
            "year_quarter": 20083,
            "year": 2008,
            "quarter": 3,
            "eps": -0.08,
            "eps_growth_year": null,
            "eps_4q": -0.64,
            "eps_4q_growth_year": null,
            "roe": -0.71,
            "roe_4q": -6.430000000000001,
            "gross_profit": -223,
            "gross_margin": -0.12,
            "gross_margin_4q_avg": 3,
            "net_income": -13075,
            "revenue": 183321,
            "common_shares": 1884108,
            "book_valuer_per_share": 9.38,
            "book_valuer_per_share_4q_avg": 9.53,
            "equity": 1842845,
            "current_ratio": 459.52,
            "debt_ratio": 16.65,
            "inventory_turnover_ratio": 0.54,
            "account_receivable_turnover_ratio": null,
            "reinvestment_rate": null,
            "research_to_sale_ratio": null,
            "price_fair": 18.9,
            "eps_avg_yearly": 0.54,
            "eps_latest_yearly": 0.2,
            "eps_growth_yearly": 1845.45
        },
        "20084": {
            "year_quarter": 20084,
            "year": 2008,
            "quarter": 4,
            "eps": -0.9,
            "eps_growth_year": null,
            "eps_4q": -1.08,
            "eps_4q_growth_year": null,
            "roe": -9.4,
            "roe_4q": -12.249999999999998,
            "gross_profit": -5593,
            "gross_margin": -3.76,
            "gross_margin_4q_avg": 0.69,
            "net_income": -168649,
            "revenue": 148753,
            "common_shares": 1884108,
            "book_valuer_per_share": 9,
            "book_valuer_per_share_4q_avg": 9.35,
            "equity": 1746624,
            "current_ratio": 322.04,
            "debt_ratio": 23.74,
            "inventory_turnover_ratio": 0.34,
            "account_receivable_turnover_ratio": 3.8,
            "reinvestment_rate": null,
            "research_to_sale_ratio": null,
            "price_fair": 0.6,
            "eps_avg_yearly": 0.2,
            "eps_latest_yearly": 0.2,
            "eps_growth_yearly": -309.09
        },
        "20091": {
            "year_quarter": 20091,
            "year": 2009,
            "quarter": 1,
            "eps": -0.03,
            "eps_growth_year": null,
            "eps_4q": -1,
            "eps_4q_growth_year": null,
            "roe": -0.31,
            "roe_4q": -11.780000000000001,
            "gross_profit": 19653,
            "gross_margin": 12.6,
            "gross_margin_4q_avg": 2.35,
            "net_income": -5387,
            "revenue": 156015,
            "common_shares": 1884108,
            "book_valuer_per_share": 9.05,
            "book_valuer_per_share_4q_avg": 9.22,
            "equity": 1754928,
            "current_ratio": 267.85,
            "debt_ratio": 25.01,
            "inventory_turnover_ratio": 0.24,
            "account_receivable_turnover_ratio": 1.5,
            "reinvestment_rate": null,
            "research_to_sale_ratio": null,
            "price_fair": 0,
            "eps_avg_yearly": 0,
            "eps_latest_yearly": 0,
            "eps_growth_yearly": 0
        },
        "20092": {
            "year_quarter": 20092,
            "year": 2009,
            "quarter": 2,
            "eps": 0.11,
            "eps_growth_year": null,
            "eps_4q": -0.8,
            "eps_4q_growth_year": null,
            "roe": 1.13,
            "roe_4q": -9.29,
            "gross_profit": 23501,
            "gross_margin": 13.21,
            "gross_margin_4q_avg": 5.48,
            "net_income": 19955,
            "revenue": 177914,
            "common_shares": 1884108,
            "book_valuer_per_share": 9.12,
            "book_valuer_per_share_4q_avg": 9.14,
            "equity": 1770081,
            "current_ratio": 362.74,
            "debt_ratio": 21.43,
            "inventory_turnover_ratio": 0.28,
            "account_receivable_turnover_ratio": 1.57,
            "reinvestment_rate": null,
            "research_to_sale_ratio": null,
            "price_fair": 0,
            "eps_avg_yearly": 0,
            "eps_latest_yearly": 0,
            "eps_growth_yearly": 0
        },
        "20093": {
            "year_quarter": 20093,
            "year": 2009,
            "quarter": 3,
            "eps": 0.14,
            "eps_growth_year": null,
            "eps_4q": -0.54,
            "eps_4q_growth_year": null,
            "roe": 1.6,
            "roe_4q": -6.98,
            "gross_profit": 48283,
            "gross_margin": 24.07,
            "gross_margin_4q_avg": 11.53,
            "net_income": 28592,
            "revenue": 200625,
            "common_shares": 1884108,
            "book_valuer_per_share": 9.22,
            "book_valuer_per_share_4q_avg": 9.1,
            "equity": 1795377,
            "current_ratio": 361.7,
            "debt_ratio": 21.45,
            "inventory_turnover_ratio": 0.28,
            "account_receivable_turnover_ratio": 1.68,
            "reinvestment_rate": null,
            "research_to_sale_ratio": null,
            "price_fair": 19.6,
            "eps_avg_yearly": 0.56,
            "eps_latest_yearly": 0.56,
            "eps_growth_yearly": 109.09
        },
        "20094": {
            "year_quarter": 20094,
            "year": 2009,
            "quarter": 4,
            "eps": 0.73,
            "eps_growth_year": null,
            "eps_4q": 0.95,
            "eps_4q_growth_year": null,
            "roe": 8.06,
            "roe_4q": 10.479999999999999,
            "gross_profit": 192817,
            "gross_margin": 38.72,
            "gross_margin_4q_avg": 22.15,
            "net_income": 149205,
            "revenue": 497962,
            "common_shares": 1884108,
            "book_valuer_per_share": 11.23,
            "book_valuer_per_share_4q_avg": 9.66,
            "equity": 1907425,
            "current_ratio": 854.51,
            "debt_ratio": 12.05,
            "inventory_turnover_ratio": 0.64,
            "account_receivable_turnover_ratio": 5.61,
            "reinvestment_rate": null,
            "research_to_sale_ratio": null,
            "price_fair": 60.9,
            "eps_avg_yearly": 1.74,
            "eps_latest_yearly": 2.92,
            "eps_growth_yearly": 897.4
        },
        "20101": {
            "year_quarter": 20101,
            "year": 2010,
            "quarter": 1,
            "eps": -0.09,
            "eps_growth_year": null,
            "eps_4q": 0.87,
            "eps_4q_growth_year": null,
            "roe": -0.94,
            "roe_4q": 9.850000000000001,
            "gross_profit": 2961,
            "gross_margin": 2.16,
            "gross_margin_4q_avg": 19.54,
            "net_income": -17890,
            "revenue": 137217,
            "common_shares": 1884108,
            "book_valuer_per_share": 11.09,
            "book_valuer_per_share_4q_avg": 10.17,
            "equity": 1883631,
            "current_ratio": 973.34,
            "debt_ratio": 11.25,
            "inventory_turnover_ratio": 0.34,
            "account_receivable_turnover_ratio": 1.02,
            "reinvestment_rate": null,
            "research_to_sale_ratio": 2.89,
            "price_fair": 60.9,
            "eps_avg_yearly": 1.74,
            "eps_latest_yearly": 2.92,
            "eps_growth_yearly": 897.4
        },
        "20102": {
            "year_quarter": 20102,
            "year": 2010,
            "quarter": 2,
            "eps": 0.16,
            "eps_growth_year": 44.32,
            "eps_4q": 0.92,
            "eps_4q_growth_year": null,
            "roe": 1.56,
            "roe_4q": 10.28,
            "gross_profit": 57387,
            "gross_margin": 23.63,
            "gross_margin_4q_avg": 22.15,
            "net_income": 29514,
            "revenue": 242864,
            "common_shares": 1884108,
            "book_valuer_per_share": 11.24,
            "book_valuer_per_share_4q_avg": 10.7,
            "equity": 1909313,
            "current_ratio": 900.53,
            "debt_ratio": 11.86,
            "inventory_turnover_ratio": 0.47,
            "account_receivable_turnover_ratio": 2.28,
            "reinvestment_rate": null,
            "research_to_sale_ratio": 2.03,
            "price_fair": 60.9,
            "eps_avg_yearly": 1.74,
            "eps_latest_yearly": 2.92,
            "eps_growth_yearly": 897.4
        },
        "20103": {
            "year_quarter": 20103,
            "year": 2010,
            "quarter": 3,
            "eps": 0.03,
            "eps_growth_year": -78.35,
            "eps_4q": 0.81,
            "eps_4q_growth_year": null,
            "roe": 0.25,
            "roe_4q": 8.93,
            "gross_profit": 21466,
            "gross_margin": 12.28,
            "gross_margin_4q_avg": 19.2,
            "net_income": 4815,
            "revenue": 174764,
            "common_shares": 1884108,
            "book_valuer_per_share": 11.24,
            "book_valuer_per_share_4q_avg": 11.2,
            "equity": 1908902,
            "current_ratio": 856.57,
            "debt_ratio": 12.19,
            "inventory_turnover_ratio": 0.4,
            "account_receivable_turnover_ratio": 1.47,
            "reinvestment_rate": null,
            "research_to_sale_ratio": 2.07,
            "price_fair": 42,
            "eps_avg_yearly": 1.2,
            "eps_latest_yearly": 0.12,
            "eps_growth_yearly": 489.94
        },
        "20104": {
            "year_quarter": 20104,
            "year": 2010,
            "quarter": 4,
            "eps": -0.02,
            "eps_growth_year": -103.08,
            "eps_4q": 0.06,
            "eps_4q_growth_year": -93.99,
            "roe": -0.21,
            "roe_4q": 0.6600000000000001,
            "gross_profit": 13574,
            "gross_margin": 7.33,
            "gross_margin_4q_avg": 11.35,
            "net_income": -3905,
            "revenue": 185228,
            "common_shares": 1884108,
            "book_valuer_per_share": 11.16,
            "book_valuer_per_share_4q_avg": 11.18,
            "equity": 1894792,
            "current_ratio": 879.77,
            "debt_ratio": 12.02,
            "inventory_turnover_ratio": 0.44,
            "account_receivable_turnover_ratio": 1.6,
            "reinvestment_rate": null,
            "research_to_sale_ratio": 2.41,
            "price_fair": 42,
            "eps_avg_yearly": 1.2,
            "eps_latest_yearly": 0.12,
            "eps_growth_yearly": 489.94
        },
        "20111": {
            "year_quarter": 20111,
            "year": 2011,
            "quarter": 1,
            "eps": -0.04,
            "eps_growth_year": null,
            "eps_4q": 0.13,
            "eps_4q_growth_year": -85.49,
            "roe": -0.37,
            "roe_4q": 1.23,
            "gross_profit": 11860,
            "gross_margin": 7.03,
            "gross_margin_4q_avg": 12.57,
            "net_income": -7020,
            "revenue": 168774,
            "common_shares": 1884108,
            "book_valuer_per_share": 11.07,
            "book_valuer_per_share_4q_avg": 11.18,
            "equity": 1880560,
            "current_ratio": 784.35,
            "debt_ratio": 12.89,
            "inventory_turnover_ratio": 0.39,
            "account_receivable_turnover_ratio": 1.42,
            "reinvestment_rate": null,
            "research_to_sale_ratio": 2.31,
            "price_fair": 42,
            "eps_avg_yearly": 1.2,
            "eps_latest_yearly": 0.12,
            "eps_growth_yearly": 489.94
        },
        "20112": {
            "year_quarter": 20112,
            "year": 2011,
            "quarter": 2,
            "eps": -0.03,
            "eps_growth_year": -117.32,
            "eps_4q": -0.06,
            "eps_4q_growth_year": -106.54,
            "roe": -0.26,
            "roe_4q": -0.59,
            "gross_profit": 17577,
            "gross_margin": 10.46,
            "gross_margin_4q_avg": 9.28,
            "net_income": -4965,
            "revenue": 168042,
            "common_shares": 1884108,
            "book_valuer_per_share": 11.04,
            "book_valuer_per_share_4q_avg": 11.13,
            "equity": 1874152,
            "current_ratio": 949.08,
            "debt_ratio": 11.66,
            "inventory_turnover_ratio": 0.37,
            "account_receivable_turnover_ratio": 1.46,
            "reinvestment_rate": null,
            "research_to_sale_ratio": 2.19,
            "price_fair": 42,
            "eps_avg_yearly": 1.2,
            "eps_latest_yearly": 0.12,
            "eps_growth_yearly": 489.94
        },
        "20113": {
            "year_quarter": 20113,
            "year": 2011,
            "quarter": 3,
            "eps": -0.03,
            "eps_growth_year": -207.97,
            "eps_4q": -0.12,
            "eps_4q_growth_year": -115.19,
            "roe": -0.29,
            "roe_4q": -1.1300000000000001,
            "gross_profit": 16108,
            "gross_margin": 9.21,
            "gross_margin_4q_avg": 8.51,
            "net_income": -5399,
            "revenue": 174831,
            "common_shares": 1884108,
            "book_valuer_per_share": 11.04,
            "book_valuer_per_share_4q_avg": 11.08,
            "equity": 1874439,
            "current_ratio": 779.77,
            "debt_ratio": 12.87,
            "inventory_turnover_ratio": 0.39,
            "account_receivable_turnover_ratio": 1.61,
            "reinvestment_rate": null,
            "research_to_sale_ratio": 2.33,
            "price_fair": 42,
            "eps_avg_yearly": 1.2,
            "eps_latest_yearly": 0.12,
            "eps_growth_yearly": 489.94
        },
        "20114": {
            "year_quarter": 20114,
            "year": 2011,
            "quarter": 4,
            "eps": 0.27,
            "eps_growth_year": null,
            "eps_4q": 0.17,
            "eps_4q_growth_year": 202.93,
            "roe": 2.38,
            "roe_4q": 1.46,
            "gross_profit": 18960,
            "gross_margin": 11.16,
            "gross_margin_4q_avg": 9.47,
            "net_income": 45179,
            "revenue": 169895,
            "common_shares": 1884108,
            "book_valuer_per_share": 11.31,
            "book_valuer_per_share_4q_avg": 11.12,
            "equity": 1918857,
            "current_ratio": 685.66,
            "debt_ratio": 16.96,
            "inventory_turnover_ratio": 0.36,
            "account_receivable_turnover_ratio": 1.66,
            "reinvestment_rate": null,
            "research_to_sale_ratio": 2.13,
            "price_fair": 42,
            "eps_avg_yearly": 1.2,
            "eps_latest_yearly": 0.12,
            "eps_growth_yearly": 489.94
        },
        "20121": {
            "year_quarter": 20121,
            "year": 2012,
            "quarter": 1,
            "eps": -0.12,
            "eps_growth_year": null,
            "eps_4q": 0.1,
            "eps_4q_growth_year": -23,
            "roe": -0.99,
            "roe_4q": 0.8399999999999999,
            "gross_profit": 2962,
            "gross_margin": 2.16,
            "gross_margin_4q_avg": 8.25,
            "net_income": -18962,
            "revenue": 137058,
            "common_shares": 1884108,
            "book_valuer_per_share": 11.18,
            "book_valuer_per_share_4q_avg": 11.14,
            "equity": 1898779,
            "current_ratio": 421.19,
            "debt_ratio": 21.14,
            "inventory_turnover_ratio": 0.31,
            "account_receivable_turnover_ratio": 1.36,
            "reinvestment_rate": null,
            "research_to_sale_ratio": 2.41,
            "price_fair": 42,
            "eps_avg_yearly": 1.2,
            "eps_latest_yearly": 0.12,
            "eps_growth_yearly": 489.94
        },
        "20122": {
            "year_quarter": 20122,
            "year": 2012,
            "quarter": 2,
            "eps": -0.07,
            "eps_growth_year": null,
            "eps_4q": 0.05,
            "eps_4q_growth_year": null,
            "roe": -0.59,
            "roe_4q": 0.5099999999999998,
            "gross_profit": 1660,
            "gross_margin": 1.03,
            "gross_margin_4q_avg": 5.89,
            "net_income": -11741,
            "revenue": 160883,
            "common_shares": 1884108,
            "book_valuer_per_share": 11.46,
            "book_valuer_per_share_4q_avg": 11.25,
            "equity": 2095603,
            "current_ratio": 450.9,
            "debt_ratio": 19.9,
            "inventory_turnover_ratio": 0.36,
            "account_receivable_turnover_ratio": 1.47,
            "reinvestment_rate": null,
            "research_to_sale_ratio": 2.28,
            "price_fair": 42,
            "eps_avg_yearly": 1.2,
            "eps_latest_yearly": 0.12,
            "eps_growth_yearly": 489.94
        },
        "20123": {
            "year_quarter": 20123,
            "year": 2012,
            "quarter": 3,
            "eps": -0.03,
            "eps_growth_year": null,
            "eps_4q": 0.05,
            "eps_4q_growth_year": null,
            "roe": -0.68,
            "roe_4q": 0.1200000000000001,
            "gross_profit": 3848,
            "gross_margin": 2.09,
            "gross_margin_4q_avg": 4.11,
            "net_income": -14104,
            "revenue": 183900,
            "common_shares": 1884108,
            "book_valuer_per_share": 11.42,
            "book_valuer_per_share_4q_avg": 11.34,
            "equity": 2078693,
            "current_ratio": 268.16,
            "debt_ratio": 28.7,
            "inventory_turnover_ratio": 0.37,
            "account_receivable_turnover_ratio": 1.18,
            "reinvestment_rate": null,
            "research_to_sale_ratio": 1.79,
            "price_fair": 42,
            "eps_avg_yearly": 1.2,
            "eps_latest_yearly": 0.12,
            "eps_growth_yearly": 489.94
        },
        "20124": {
            "year_quarter": 20124,
            "year": 2012,
            "quarter": 4,
            "eps": -0.01,
            "eps_growth_year": -102.32,
            "eps_4q": -0.23,
            "eps_4q_growth_year": -231.39,
            "roe": -0.23,
            "roe_4q": -2.49,
            "gross_profit": 12450,
            "gross_margin": 6.45,
            "gross_margin_4q_avg": 2.93,
            "net_income": -4870,
            "revenue": 193028,
            "common_shares": 1884108,
            "book_valuer_per_share": 11.4,
            "book_valuer_per_share_4q_avg": 11.37,
            "equity": 2083857,
            "current_ratio": 269.82,
            "debt_ratio": 27.95,
            "inventory_turnover_ratio": 0.33,
            "account_receivable_turnover_ratio": 1.15,
            "reinvestment_rate": 85.36,
            "research_to_sale_ratio": 1.77,
            "price_fair": 42,
            "eps_avg_yearly": 1.2,
            "eps_latest_yearly": 0.12,
            "eps_growth_yearly": 489.94
        },
        "20131": {
            "year_quarter": 20131,
            "year": 2013,
            "quarter": 1,
            "eps": 0.01,
            "eps_growth_year": null,
            "eps_4q": -0.1,
            "eps_4q_growth_year": -199.13,
            "roe": -0.03,
            "roe_4q": -1.53,
            "gross_profit": 18100,
            "gross_margin": 9.07,
            "gross_margin_4q_avg": 4.66,
            "net_income": -681,
            "revenue": 199473,
            "common_shares": 1884108,
            "book_valuer_per_share": 11.43,
            "book_valuer_per_share_4q_avg": 11.43,
            "equity": 2088185,
            "current_ratio": 225.86,
            "debt_ratio": 32.33,
            "inventory_turnover_ratio": 0.31,
            "account_receivable_turnover_ratio": 1.39,
            "reinvestment_rate": 88.88,
            "research_to_sale_ratio": 1.76,
            "price_fair": 42,
            "eps_avg_yearly": 1.2,
            "eps_latest_yearly": 0.12,
            "eps_growth_yearly": 489.94
        },
        "20132": {
            "year_quarter": 20132,
            "year": 2013,
            "quarter": 2,
            "eps": -0.01,
            "eps_growth_year": null,
            "eps_4q": -0.03,
            "eps_4q_growth_year": -161.28,
            "roe": -0.2,
            "roe_4q": -1.1400000000000001,
            "gross_profit": 24482,
            "gross_margin": 10.41,
            "gross_margin_4q_avg": 7.01,
            "net_income": -4169,
            "revenue": 235105,
            "common_shares": 1884108,
            "book_valuer_per_share": 11.42,
            "book_valuer_per_share_4q_avg": 11.42,
            "equity": 2083535,
            "current_ratio": 210.69,
            "debt_ratio": 33.89,
            "inventory_turnover_ratio": 0.33,
            "account_receivable_turnover_ratio": 1.46,
            "reinvestment_rate": 73.97,
            "research_to_sale_ratio": 1.27,
            "price_fair": 42,
            "eps_avg_yearly": 1.2,
            "eps_latest_yearly": 0.12,
            "eps_growth_yearly": 489.94
        },
        "20133": {
            "year_quarter": 20133,
            "year": 2013,
            "quarter": 3,
            "eps": 0.01,
            "eps_growth_year": null,
            "eps_4q": 0.01,
            "eps_4q_growth_year": -81.8,
            "roe": 0.03,
            "roe_4q": -0.43000000000000005,
            "gross_profit": 14870,
            "gross_margin": 6.17,
            "gross_margin_4q_avg": 8.03,
            "net_income": 621,
            "revenue": 241177,
            "common_shares": 1884108,
            "book_valuer_per_share": 11.42,
            "book_valuer_per_share_4q_avg": 11.42,
            "equity": 2080008,
            "current_ratio": 200.74,
            "debt_ratio": 35.92,
            "inventory_turnover_ratio": 0.33,
            "account_receivable_turnover_ratio": 1.41,
            "reinvestment_rate": 72.5,
            "research_to_sale_ratio": 1.23,
            "price_fair": 53.2,
            "eps_avg_yearly": 1.52,
            "eps_latest_yearly": 0.12,
            "eps_growth_yearly": 680.36
        },
        "20134": {
            "year_quarter": 20134,
            "year": 2013,
            "quarter": 4,
            "eps": 0.32,
            "eps_growth_year": null,
            "eps_4q": 0.33,
            "eps_4q_growth_year": null,
            "roe": 2.98,
            "roe_4q": 2.78,
            "gross_profit": 30050,
            "gross_margin": 11.84,
            "gross_margin_4q_avg": 9.37,
            "net_income": 62903,
            "revenue": 253755,
            "common_shares": 1884108,
            "book_valuer_per_share": 11.75,
            "book_valuer_per_share_4q_avg": 11.51,
            "equity": 2147413,
            "current_ratio": 208.09,
            "debt_ratio": 34.71,
            "inventory_turnover_ratio": 0.3,
            "account_receivable_turnover_ratio": 1.47,
            "reinvestment_rate": 68.38,
            "research_to_sale_ratio": 1.17,
            "price_fair": 24.5,
            "eps_avg_yearly": 0.7,
            "eps_latest_yearly": 1.28,
            "eps_growth_yearly": 6037.5
        },
        "20141": {
            "year_quarter": 20141,
            "year": 2014,
            "quarter": 1,
            "eps": 0.06,
            "eps_growth_year": 500,
            "eps_4q": 0.37,
            "eps_4q_growth_year": null,
            "roe": 0.26,
            "roe_4q": 3.07,
            "gross_profit": 26539,
            "gross_margin": 9.94,
            "gross_margin_4q_avg": 9.59,
            "net_income": 5701,
            "revenue": 267094,
            "common_shares": 1884108,
            "book_valuer_per_share": 11.83,
            "book_valuer_per_share_4q_avg": 11.61,
            "equity": 2218901,
            "current_ratio": 221.44,
            "debt_ratio": 33.08,
            "inventory_turnover_ratio": 0.29,
            "account_receivable_turnover_ratio": 1.43,
            "reinvestment_rate": 44.62,
            "research_to_sale_ratio": 1.05,
            "price_fair": 19.13,
            "eps_avg_yearly": 0.55,
            "eps_latest_yearly": 0.24,
            "eps_growth_yearly": 3916.67
        },
        "20142": {
            "year_quarter": 20142,
            "year": 2014,
            "quarter": 2,
            "eps": 0.1,
            "eps_growth_year": null,
            "eps_4q": 0.48,
            "eps_4q_growth_year": null,
            "roe": 0.49,
            "roe_4q": 3.76,
            "gross_profit": 32123,
            "gross_margin": 12.3,
            "gross_margin_4q_avg": 10.06,
            "net_income": 10910,
            "revenue": 261239,
            "common_shares": 1884108,
            "book_valuer_per_share": 11.55,
            "book_valuer_per_share_4q_avg": 11.64,
            "equity": 2221168,
            "current_ratio": 194.51,
            "debt_ratio": 37.98,
            "inventory_turnover_ratio": 0.26,
            "account_receivable_turnover_ratio": 1.38,
            "reinvestment_rate": 45.85,
            "research_to_sale_ratio": 1.1,
            "price_fair": 17.85,
            "eps_avg_yearly": 0.51,
            "eps_latest_yearly": 0.4,
            "eps_growth_yearly": 3004.17
        },
        "20143": {
            "year_quarter": 20143,
            "year": 2014,
            "quarter": 3,
            "eps": 0.1,
            "eps_growth_year": 900,
            "eps_4q": 0.57,
            "eps_4q_growth_year": 5822.3,
            "roe": 0.5,
            "roe_4q": 4.23,
            "gross_profit": 26070,
            "gross_margin": 9.87,
            "gross_margin_4q_avg": 10.99,
            "net_income": 11168,
            "revenue": 264193,
            "common_shares": 1884108,
            "book_valuer_per_share": 11.72,
            "book_valuer_per_share_4q_avg": 11.71,
            "equity": 2263597,
            "current_ratio": 196.78,
            "debt_ratio": 36.95,
            "inventory_turnover_ratio": 0.25,
            "account_receivable_turnover_ratio": 1.41,
            "reinvestment_rate": 132.22,
            "research_to_sale_ratio": 1.08,
            "price_fair": 20.3,
            "eps_avg_yearly": 0.58,
            "eps_latest_yearly": 0.4,
            "eps_growth_yearly": 3085.42
        },
        "20144": {
            "year_quarter": 20144,
            "year": 2014,
            "quarter": 4,
            "eps": 0.38,
            "eps_growth_year": 20.32,
            "eps_4q": 0.63,
            "eps_4q_growth_year": 89.41,
            "roe": 2.87,
            "roe_4q": 4.12,
            "gross_profit": 22477,
            "gross_margin": -8.72,
            "gross_margin_4q_avg": 5.85,
            "net_income": 61623,
            "revenue": -257784,
            "common_shares": 1732684,
            "book_valuer_per_share": 11.94,
            "book_valuer_per_share_4q_avg": 11.76,
            "equity": 2030141,
            "current_ratio": 197.81,
            "debt_ratio": 37.84,
            "inventory_turnover_ratio": -0.3,
            "account_receivable_turnover_ratio": -1.82,
            "reinvestment_rate": -4.19,
            "research_to_sale_ratio": -1.03,
            "price_fair": 26.88,
            "eps_avg_yearly": 0.77,
            "eps_latest_yearly": 1.52,
            "eps_growth_yearly": 2692.33
        },
        "20151": {
            "year_quarter": 20151,
            "year": 2015,
            "quarter": 1,
            "eps": 0.14,
            "eps_growth_year": 133.33,
            "eps_4q": 0.72,
            "eps_4q_growth_year": 91.07,
            "roe": 1.09,
            "roe_4q": 4.95,
            "gross_profit": 26950,
            "gross_margin": 20.08,
            "gross_margin_4q_avg": 8.38,
            "net_income": 22238,
            "revenue": 134186,
            "common_shares": 1732684,
            "book_valuer_per_share": 12.05,
            "book_valuer_per_share_4q_avg": 11.82,
            "equity": 2047530,
            "current_ratio": 197.95,
            "debt_ratio": 37.96,
            "inventory_turnover_ratio": 0.12,
            "account_receivable_turnover_ratio": 1.39,
            "reinvestment_rate": 33.25,
            "research_to_sale_ratio": 2.15,
            "price_fair": 25.67,
            "eps_avg_yearly": 0.73,
            "eps_latest_yearly": 0.56,
            "eps_growth_yearly": 2201.51
        },
        "20152": {
            "year_quarter": 20152,
            "year": 2015,
            "quarter": 2,
            "eps": 0.03,
            "eps_growth_year": -70,
            "eps_4q": 0.65,
            "eps_4q_growth_year": 36.08,
            "roe": 0.26,
            "roe_4q": 4.720000000000001,
            "gross_profit": 18500,
            "gross_margin": 14.81,
            "gross_margin_4q_avg": 9.01,
            "net_income": 5172,
            "revenue": 124908,
            "common_shares": 1732684,
            "book_valuer_per_share": 11.66,
            "book_valuer_per_share_4q_avg": 11.84,
            "equity": 1982982,
            "current_ratio": 178.03,
            "debt_ratio": 41.98,
            "inventory_turnover_ratio": 0.11,
            "account_receivable_turnover_ratio": 1.3,
            "reinvestment_rate": 41.88,
            "research_to_sale_ratio": 2.26,
            "price_fair": 22.6,
            "eps_avg_yearly": 0.65,
            "eps_latest_yearly": 0.12,
            "eps_growth_yearly": 1842.11
        },
        "20153": {
            "year_quarter": 20153,
            "year": 2015,
            "quarter": 3,
            "eps": 0.15,
            "eps_growth_year": 50,
            "eps_4q": 0.7,
            "eps_4q_growth_year": 24.06,
            "roe": 1.23,
            "roe_4q": 5.45,
            "gross_profit": 21433,
            "gross_margin": 17.58,
            "gross_margin_4q_avg": 10.94,
            "net_income": 24702,
            "revenue": 121900,
            "common_shares": 1732684,
            "book_valuer_per_share": 11.92,
            "book_valuer_per_share_4q_avg": 11.89,
            "equity": 2026621,
            "current_ratio": 183.08,
            "debt_ratio": 40.47,
            "inventory_turnover_ratio": 0.1,
            "account_receivable_turnover_ratio": 1.34,
            "reinvestment_rate": 43.75,
            "research_to_sale_ratio": 2.25,
            "price_fair": 22.4,
            "eps_avg_yearly": 0.64,
            "eps_latest_yearly": 0.6,
            "eps_growth_yearly": 1811.84
        },
        "20154": {
            "year_quarter": 20154,
            "year": 2015,
            "quarter": 4,
            "eps": 0.19,
            "eps_growth_year": -50.98,
            "eps_4q": 0.51,
            "eps_4q_growth_year": -19.46,
            "roe": 1.62,
            "roe_4q": 4.2,
            "gross_profit": 28962,
            "gross_margin": 22.5,
            "gross_margin_4q_avg": 18.74,
            "net_income": 33069,
            "revenue": 128735,
            "common_shares": 1732684,
            "book_valuer_per_share": 12.06,
            "book_valuer_per_share_4q_avg": 11.92,
            "equity": 2052254,
            "current_ratio": 177.43,
            "debt_ratio": 42.48,
            "inventory_turnover_ratio": 0.09,
            "account_receivable_turnover_ratio": 1.49,
            "reinvestment_rate": 49.38,
            "research_to_sale_ratio": null,
            "price_fair": 22.87,
            "eps_avg_yearly": 0.65,
            "eps_latest_yearly": 0.76,
            "eps_growth_yearly": 1622.38
        },
        "20161": {
            "year_quarter": 20161,
            "year": 2016,
            "quarter": 1,
            "eps": 0.2,
            "eps_growth_year": 42.86,
            "eps_4q": 0.57,
            "eps_4q_growth_year": -20.6,
            "roe": 1.55,
            "roe_4q": 4.66,
            "gross_profit": 27999,
            "gross_margin": 21.69,
            "gross_margin_4q_avg": 19.15,
            "net_income": 31852,
            "revenue": 129079,
            "common_shares": 1732684,
            "book_valuer_per_share": 12.17,
            "book_valuer_per_share_4q_avg": 11.95,
            "equity": 2068762,
            "current_ratio": 168.14,
            "debt_ratio": 44.48,
            "inventory_turnover_ratio": 0.09,
            "account_receivable_turnover_ratio": 1.47,
            "reinvestment_rate": 14.21,
            "research_to_sale_ratio": 2.47,
            "price_fair": 23.38,
            "eps_avg_yearly": 0.67,
            "eps_latest_yearly": 0.8,
            "eps_growth_yearly": 1462.25
        },
        "20162": {
            "year_quarter": 20162,
            "year": 2016,
            "quarter": 2,
            "eps": 0.21,
            "eps_growth_year": 600,
            "eps_4q": 0.74,
            "eps_4q_growth_year": 13.38,
            "roe": 1.63,
            "roe_4q": 6.029999999999999,
            "gross_profit": 27272,
            "gross_margin": 20.54,
            "gross_margin_4q_avg": 20.58,
            "net_income": 33103,
            "revenue": 132788,
            "common_shares": 1732684,
            "book_valuer_per_share": 11.64,
            "book_valuer_per_share_4q_avg": 11.95,
            "equity": 1982866,
            "current_ratio": 154.47,
            "debt_ratio": 48.37,
            "inventory_turnover_ratio": 0.09,
            "account_receivable_turnover_ratio": 1.43,
            "reinvestment_rate": 8.11,
            "research_to_sale_ratio": 2.37,
            "price_fair": 23.93,
            "eps_avg_yearly": 0.68,
            "eps_latest_yearly": 0.84,
            "eps_growth_yearly": 1331.13
        },
        "20163": {
            "year_quarter": 20163,
            "year": 2016,
            "quarter": 3,
            "eps": 0.23,
            "eps_growth_year": 53.33,
            "eps_4q": 0.82,
            "eps_4q_growth_year": 16.99,
            "roe": 1.91,
            "roe_4q": 6.71,
            "gross_profit": 23354,
            "gross_margin": 19.78,
            "gross_margin_4q_avg": 21.13,
            "net_income": 38308,
            "revenue": 118049,
            "common_shares": 1732684,
            "book_valuer_per_share": 11.85,
            "book_valuer_per_share_4q_avg": 11.93,
            "equity": 2018261,
            "current_ratio": 162.34,
            "debt_ratio": 45.55,
            "inventory_turnover_ratio": 0.08,
            "account_receivable_turnover_ratio": 1.34,
            "reinvestment_rate": 4.57,
            "research_to_sale_ratio": 2.58,
            "price_fair": 24.62,
            "eps_avg_yearly": 0.7,
            "eps_latest_yearly": 0.92,
            "eps_growth_yearly": 1223.38
        },
        "20164": {
            "year_quarter": 20164,
            "year": 2016,
            "quarter": 4,
            "eps": 3.32,
            "eps_growth_year": 1668.54,
            "eps_4q": 3.95,
            "eps_4q_growth_year": 676.08,
            "roe": 28.32,
            "roe_4q": 33.41,
            "gross_profit": 823025,
            "gross_margin": 47.38,
            "gross_margin_4q_avg": 27.35,
            "net_income": 665669,
            "revenue": 1737192,
            "common_shares": 1732684,
            "book_valuer_per_share": 15.16,
            "book_valuer_per_share_4q_avg": 12.71,
            "equity": 2683426,
            "current_ratio": 277.12,
            "debt_ratio": 27.49,
            "inventory_turnover_ratio": 0.88,
            "account_receivable_turnover_ratio": 4.62,
            "reinvestment_rate": 2.52,
            "research_to_sale_ratio": 0.33,
            "price_fair": 58.48,
            "eps_avg_yearly": 1.67,
            "eps_latest_yearly": 13.28,
            "eps_growth_yearly": 1542.65
        },
        "20171": {
            "year_quarter": 20171,
            "year": 2017,
            "quarter": 1,
            "eps": 1.98,
            "eps_growth_year": 890,
            "eps_4q": 5.73,
            "eps_4q_growth_year": 907.86,
            "roe": 13.65,
            "roe_4q": 45.51,
            "gross_profit": 467193,
            "gross_margin": 55.56,
            "gross_margin_4q_avg": 35.82,
            "net_income": 391330,
            "revenue": 840954,
            "common_shares": 1732684,
            "book_valuer_per_share": 17,
            "book_valuer_per_share_4q_avg": 13.91,
            "equity": 3051791,
            "current_ratio": 505.3,
            "debt_ratio": 16.35,
            "inventory_turnover_ratio": 0.55,
            "account_receivable_turnover_ratio": 1.84,
            "reinvestment_rate": -0.17,
            "research_to_sale_ratio": 0.57,
            "price_fair": 74.1,
            "eps_avg_yearly": 2.12,
            "eps_latest_yearly": 7.92,
            "eps_growth_yearly": 1420.93
        },
        "20172": {
            "year_quarter": 20172,
            "year": 2017,
            "quarter": 2,
            "eps": 0.42,
            "eps_growth_year": 100,
            "eps_4q": 5.86,
            "eps_4q_growth_year": 691.33,
            "roe": 2.84,
            "roe_4q": 46.72,
            "gross_profit": 88005,
            "gross_margin": 33.83,
            "gross_margin_4q_avg": 39.14,
            "net_income": 79077,
            "revenue": 260161,
            "common_shares": 1732684,
            "book_valuer_per_share": 14.08,
            "book_valuer_per_share_4q_avg": 14.52,
            "equity": 2507490,
            "current_ratio": 254.58,
            "debt_ratio": 29.44,
            "inventory_turnover_ratio": 0.34,
            "account_receivable_turnover_ratio": 1.53,
            "reinvestment_rate": 3.85,
            "research_to_sale_ratio": 0.67,
            "price_fair": 73.08,
            "eps_avg_yearly": 2.09,
            "eps_latest_yearly": 1.68,
            "eps_growth_yearly": 1305.19
        },
        "20173": {
            "year_quarter": 20173,
            "year": 2017,
            "quarter": 3,
            "eps": 1.09,
            "eps_growth_year": 373.91,
            "eps_4q": 6.72,
            "eps_4q_growth_year": 715.73,
            "roe": 8.08,
            "roe_4q": 52.89,
            "gross_profit": 260907,
            "gross_margin": 51.15,
            "gross_margin_4q_avg": 46.98,
            "net_income": 212644,
            "revenue": 510124,
            "common_shares": 1732684,
            "book_valuer_per_share": 15.37,
            "book_valuer_per_share_4q_avg": 15.4,
            "equity": 2752790,
            "current_ratio": 761.14,
            "debt_ratio": 11.46,
            "inventory_turnover_ratio": 0.61,
            "account_receivable_turnover_ratio": 5.44,
            "reinvestment_rate": 3.94,
            "research_to_sale_ratio": 0.62,
            "price_fair": 78.05,
            "eps_avg_yearly": 2.23,
            "eps_latest_yearly": 4.36,
            "eps_growth_yearly": 1263.5
        },
        "20174": {
            "year_quarter": 20174,
            "year": 2017,
            "quarter": 4,
            "eps": 0.02,
            "eps_growth_year": -99.44,
            "eps_4q": 3.48,
            "eps_4q_growth_year": -12.05,
            "roe": 0.05,
            "roe_4q": 24.62,
            "gross_profit": 11762,
            "gross_margin": 10.75,
            "gross_margin_4q_avg": 37.82,
            "net_income": 1352,
            "revenue": 109400,
            "common_shares": 1732684,
            "book_valuer_per_share": 15.34,
            "book_valuer_per_share_4q_avg": 15.45,
            "equity": 2745006,
            "current_ratio": 832.57,
            "debt_ratio": 10.83,
            "inventory_turnover_ratio": 0.29,
            "account_receivable_turnover_ratio": 1.27,
            "reinvestment_rate": 4.18,
            "research_to_sale_ratio": 2.82,
            "price_fair": 75.43,
            "eps_avg_yearly": 2.16,
            "eps_latest_yearly": 0.08,
            "eps_growth_yearly": 463.96
        },
        "20181": {
            "year_quarter": 20181,
            "year": 2018,
            "quarter": 1,
            "eps": 0.66,
            "eps_growth_year": -66.67,
            "eps_4q": 2.18,
            "eps_4q_growth_year": -61.89,
            "roe": 4.58,
            "roe_4q": 15.55,
            "gross_profit": 149204,
            "gross_margin": 42.86,
            "gross_margin_4q_avg": 34.65,
            "net_income": 128466,
            "revenue": 348121,
            "common_shares": 1732684,
            "book_valuer_per_share": 15.96,
            "book_valuer_per_share_4q_avg": 15.19,
            "equity": 2867996,
            "current_ratio": 1002.59,
            "debt_ratio": 9.51,
            "inventory_turnover_ratio": 0.71,
            "account_receivable_turnover_ratio": 4.35,
            "reinvestment_rate": -1.58,
            "research_to_sale_ratio": null,
            "price_fair": 80.68,
            "eps_avg_yearly": 2.31,
            "eps_latest_yearly": 2.64,
            "eps_growth_yearly": 1284.27
        },
        "20182": {
            "year_quarter": 20182,
            "year": 2018,
            "quarter": 2,
            "eps": 0.44,
            "eps_growth_year": 4.76,
            "eps_4q": 2.2,
            "eps_4q_growth_year": -62.38,
            "roe": 3.19,
            "roe_4q": 15.899999999999999,
            "gross_profit": 96701,
            "gross_margin": 36.88,
            "gross_margin_4q_avg": 35.41,
            "net_income": 82561,
            "revenue": 262223,
            "common_shares": 1732684,
            "book_valuer_per_share": 13.34,
            "book_valuer_per_share_4q_avg": 15,
            "equity": 2310954,
            "current_ratio": 278.66,
            "debt_ratio": 25.73,
            "inventory_turnover_ratio": 0.81,
            "account_receivable_turnover_ratio": 3.26,
            "reinvestment_rate": 0.49,
            "research_to_sale_ratio": 1.12,
            "price_fair": 83.65,
            "eps_avg_yearly": 2.39,
            "eps_latest_yearly": 1.76,
            "eps_growth_yearly": 1259.27
        },
        "20183": {
            "year_quarter": 20183,
            "year": 2018,
            "quarter": 3,
            "eps": 0.32,
            "eps_growth_year": -70.64,
            "eps_4q": 1.44,
            "eps_4q_growth_year": -78.6,
            "roe": 2.58,
            "roe_4q": 10.4,
            "gross_profit": 57413,
            "gross_margin": 29.57,
            "gross_margin_4q_avg": 30.02,
            "net_income": 60676,
            "revenue": 194170,
            "common_shares": 1732684,
            "book_valuer_per_share": 13.8,
            "book_valuer_per_share_4q_avg": 14.61,
            "equity": 2394641,
            "current_ratio": 776.95,
            "debt_ratio": 11.02,
            "inventory_turnover_ratio": 0.8,
            "account_receivable_turnover_ratio": 2.25,
            "reinvestment_rate": -5.24,
            "research_to_sale_ratio": 1.45,
            "price_fair": 85.58,
            "eps_avg_yearly": 2.45,
            "eps_latest_yearly": 1.28,
            "eps_growth_yearly": 1252.45
        },
        "20184": {
            "year_quarter": 20184,
            "year": 2018,
            "quarter": 4,
            "eps": 0.2,
            "eps_growth_year": 966.46,
            "eps_4q": 1.62,
            "eps_4q_growth_year": -53.46,
            "roe": 1.51,
            "roe_4q": 11.86,
            "gross_profit": 49056,
            "gross_margin": 29.14,
            "gross_margin_4q_avg": 34.61,
            "net_income": 36341,
            "revenue": 168363,
            "common_shares": 1732684,
            "book_valuer_per_share": 14.04,
            "book_valuer_per_share_4q_avg": 14.29,
            "equity": 2433100,
            "current_ratio": 899.48,
            "debt_ratio": 10.05,
            "inventory_turnover_ratio": 0.75,
            "account_receivable_turnover_ratio": 1.81,
            "reinvestment_rate": 3.62,
            "research_to_sale_ratio": 2.94,
            "price_fair": 84,
            "eps_avg_yearly": 2.4,
            "eps_latest_yearly": 0.8,
            "eps_growth_yearly": 1173.08
        },
        "20191": {
            "year_quarter": 20191,
            "year": 2019,
            "quarter": 1,
            "eps": 0.29,
            "eps_growth_year": -56.06,
            "eps_4q": 1.25,
            "eps_4q_growth_year": -42.69,
            "roe": 2.06,
            "roe_4q": 9.34,
            "gross_profit": 45236,
            "gross_margin": 29.24,
            "gross_margin_4q_avg": 31.21,
            "net_income": 50691,
            "revenue": 154707,
            "common_shares": 1732684,
            "book_valuer_per_share": 14.34,
            "book_valuer_per_share_4q_avg": 13.88,
            "equity": 2486017,
            "current_ratio": 864,
            "debt_ratio": 10.22,
            "inventory_turnover_ratio": 0.71,
            "account_receivable_turnover_ratio": 1.77,
            "reinvestment_rate": 5.2,
            "research_to_sale_ratio": 1.97,
            "price_fair": 85.31,
            "eps_avg_yearly": 2.44,
            "eps_latest_yearly": 1.16,
            "eps_growth_yearly": 1200.12
        },
        "20192": {
            "year_quarter": 20192,
            "year": 2019,
            "quarter": 2,
            "eps": 0.14,
            "eps_growth_year": -68.18,
            "eps_4q": 0.95,
            "eps_4q_growth_year": -56.95,
            "roe": 0.94,
            "roe_4q": 7.09,
            "gross_profit": 18373,
            "gross_margin": 14.3,
            "gross_margin_4q_avg": 25.56,
            "net_income": 22139,
            "revenue": 128487,
            "common_shares": 1732684,
            "book_valuer_per_share": 13.01,
            "book_valuer_per_share_4q_avg": 13.8,
            "equity": 2231682,
            "current_ratio": 390.65,
            "debt_ratio": 17.87,
            "inventory_turnover_ratio": 0.63,
            "account_receivable_turnover_ratio": 1.5,
            "reinvestment_rate": 4.36,
            "research_to_sale_ratio": 2,
            "price_fair": 86.28,
            "eps_avg_yearly": 2.47,
            "eps_latest_yearly": 0.56,
            "eps_growth_yearly": 1206.83
        },
        "20193": {
            "year_quarter": 20193,
            "year": 2019,
            "quarter": 3,
            "eps": 0.23,
            "eps_growth_year": -28.12,
            "eps_4q": 0.86,
            "eps_4q_growth_year": -40.29,
            "roe": 1.91,
            "roe_4q": 6.42,
            "gross_profit": 36886,
            "gross_margin": 23.77,
            "gross_margin_4q_avg": 24.11,
            "net_income": 43237,
            "revenue": 155175,
            "common_shares": 1732684,
            "book_valuer_per_share": 13.33,
            "book_valuer_per_share_4q_avg": 13.68,
            "equity": 2288938,
            "current_ratio": 911.44,
            "debt_ratio": 9.84,
            "inventory_turnover_ratio": 0.63,
            "account_receivable_turnover_ratio": 1.8,
            "reinvestment_rate": 3.03,
            "research_to_sale_ratio": 1.98,
            "price_fair": 86.98,
            "eps_avg_yearly": 2.49,
            "eps_latest_yearly": 0.92,
            "eps_growth_yearly": 1122.9
        },
        "20194": {
            "year_quarter": 20194,
            "year": 2019,
            "quarter": 4,
            "eps": 0.04,
            "eps_growth_year": -81.52,
            "eps_4q": 0.7,
            "eps_4q_growth_year": -56.9,
            "roe": 0.23,
            "roe_4q": 5.140000000000001,
            "gross_profit": 17884,
            "gross_margin": 15.5,
            "gross_margin_4q_avg": 20.7,
            "net_income": 5271,
            "revenue": 115407,
            "common_shares": 1732684,
            "book_valuer_per_share": 13.43,
            "book_valuer_per_share_4q_avg": 13.53,
            "equity": 2310158,
            "current_ratio": 999.43,
            "debt_ratio": 9.78,
            "inventory_turnover_ratio": 0.54,
            "account_receivable_turnover_ratio": 1.37,
            "reinvestment_rate": 1.98,
            "research_to_sale_ratio": 5.28,
            "price_fair": 85.66,
            "eps_avg_yearly": 2.45,
            "eps_latest_yearly": 0.16,
            "eps_growth_yearly": 1095.58
        },
        "20201": {
            "year_quarter": 20201,
            "year": 2020,
            "quarter": 1,
            "eps": 0.23,
            "eps_growth_year": -20.69,
            "eps_4q": 0.64,
            "eps_4q_growth_year": -48.65,
            "roe": 1.91,
            "roe_4q": 4.99,
            "gross_profit": 64538,
            "gross_margin": 31.62,
            "gross_margin_4q_avg": 21.3,
            "net_income": 44572,
            "revenue": 204077,
            "common_shares": 1732684,
            "book_valuer_per_share": 13.66,
            "book_valuer_per_share_4q_avg": 13.36,
            "equity": 2353820,
            "current_ratio": 885.31,
            "debt_ratio": 10.33,
            "inventory_turnover_ratio": 0.85,
            "account_receivable_turnover_ratio": 2.34,
            "reinvestment_rate": 2.86,
            "research_to_sale_ratio": 1.55,
            "price_fair": 85.93,
            "eps_avg_yearly": 2.46,
            "eps_latest_yearly": 0.92,
            "eps_growth_yearly": 1213.01
        },
        "20202": {
            "year_quarter": 20202,
            "year": 2020,
            "quarter": 2,
            "eps": -0.02,
            "eps_growth_year": -114.29,
            "eps_4q": 0.48,
            "eps_4q_growth_year": -49.15,
            "roe": -0.2,
            "roe_4q": 3.8499999999999996,
            "gross_profit": -5951,
            "gross_margin": -9.59,
            "gross_margin_4q_avg": 15.33,
            "net_income": -4532,
            "revenue": 62053,
            "common_shares": 1732684,
            "book_valuer_per_share": 12.98,
            "book_valuer_per_share_4q_avg": 13.35,
            "equity": 2234697,
            "current_ratio": 634.32,
            "debt_ratio": 12.62,
            "inventory_turnover_ratio": 0.44,
            "account_receivable_turnover_ratio": 0.9,
            "reinvestment_rate": 1.24,
            "research_to_sale_ratio": 3.02,
            "price_fair": 89.69,
            "eps_avg_yearly": 2.56,
            "eps_latest_yearly": 0.92,
            "eps_growth_yearly": 1292.55
        },
        "20203": {
            "year_quarter": 20203,
            "year": 2020,
            "quarter": 3,
            "eps": -0.04,
            "eps_growth_year": -117.39,
            "eps_4q": 0.21,
            "eps_4q_growth_year": -75.51,
            "roe": -0.24,
            "roe_4q": 1.7,
            "gross_profit": 9768,
            "gross_margin": 11.58,
            "gross_margin_4q_avg": 12.28,
            "net_income": -5275,
            "revenue": 84341,
            "common_shares": 1732684,
            "book_valuer_per_share": 12.94,
            "book_valuer_per_share_4q_avg": 13.25,
            "equity": 2228902,
            "current_ratio": 593.93,
            "debt_ratio": 13.24,
            "inventory_turnover_ratio": 0.47,
            "account_receivable_turnover_ratio": 1.54,
            "reinvestment_rate": -0.14,
            "research_to_sale_ratio": 2.4,
            "price_fair": 93.8,
            "eps_avg_yearly": 2.68,
            "eps_latest_yearly": 0.92,
            "eps_growth_yearly": 1382.15
        },
        "20204": {
            "year_quarter": 20204,
            "year": 2020,
            "quarter": 4,
            "eps": 0.15,
            "eps_growth_year": 321.24,
            "eps_4q": 0.33,
            "eps_4q_growth_year": -52.97,
            "roe": 1.18,
            "roe_4q": 2.65,
            "gross_profit": 16396,
            "gross_margin": 17.99,
            "gross_margin_4q_avg": 12.9,
            "net_income": 26337,
            "revenue": 91138,
            "common_shares": 1732684,
            "book_valuer_per_share": 13.05,
            "book_valuer_per_share_4q_avg": 13.16,
            "equity": 2247837,
            "current_ratio": 517.12,
            "debt_ratio": 14.67,
            "inventory_turnover_ratio": 0.41,
            "account_receivable_turnover_ratio": 1.39,
            "reinvestment_rate": -5.85,
            "research_to_sale_ratio": 2.22,
            "price_fair": 65.26,
            "eps_avg_yearly": 1.86,
            "eps_latest_yearly": 0.92,
            "eps_growth_yearly": 1075.09
        },
        "20211": {
            "year_quarter": 20211,
            "year": 2021,
            "quarter": 1,
            "eps": 0.19,
            "eps_growth_year": -17.39,
            "eps_4q": 0.29,
            "eps_4q_growth_year": -55.46,
            "roe": 1.37,
            "roe_4q": 2.1099999999999994,
            "gross_profit": 20974,
            "gross_margin": 19.61,
            "gross_margin_4q_avg": 9.9,
            "net_income": 31104,
            "revenue": 106948,
            "common_shares": 1732684,
            "book_valuer_per_share": 13.25,
            "book_valuer_per_share_4q_avg": 13.06,
            "equity": 2280738,
            "current_ratio": 499.35,
            "debt_ratio": 15.09,
            "inventory_turnover_ratio": 0.4,
            "account_receivable_turnover_ratio": 1.58,
            "reinvestment_rate": -6.9,
            "research_to_sale_ratio": 2.46,
            "price_fair": 45.98,
            "eps_avg_yearly": 1.31,
            "eps_latest_yearly": 0.76,
            "eps_growth_yearly": 1095.72
        },
        "20212": {
            "year_quarter": 20212,
            "year": 2021,
            "quarter": 2,
            "eps": 0.02,
            "eps_growth_year": null,
            "eps_4q": 0.33,
            "eps_4q_growth_year": -30.93,
            "roe": 0.15,
            "roe_4q": 2.46,
            "gross_profit": 23506,
            "gross_margin": 20.49,
            "gross_margin_4q_avg": 17.42,
            "net_income": 3530,
            "revenue": 114729,
            "common_shares": 1732684,
            "book_valuer_per_share": 13.33,
            "book_valuer_per_share_4q_avg": 13.14,
            "equity": 2287459,
            "current_ratio": 460.2,
            "debt_ratio": 15.96,
            "inventory_turnover_ratio": 0.38,
            "account_receivable_turnover_ratio": 1.58,
            "reinvestment_rate": -3.89,
            "research_to_sale_ratio": 2.29,
            "price_fair": 41.68,
            "eps_avg_yearly": 1.19,
            "eps_latest_yearly": 0.08,
            "eps_growth_yearly": 1092.43
        },
        "20213": {
            "year_quarter": 20213,
            "year": 2021,
            "quarter": 3,
            "eps": -0.02,
            "eps_growth_year": null,
            "eps_4q": 0.35,
            "eps_4q_growth_year": 66.72,
            "roe": -0.04,
            "roe_4q": 2.66,
            "gross_profit": 4317,
            "gross_margin": 4.29,
            "gross_margin_4q_avg": 15.6,
            "net_income": -934,
            "revenue": 100662,
            "common_shares": 1732684,
            "book_valuer_per_share": 13,
            "book_valuer_per_share_4q_avg": 13.16,
            "equity": 2234734,
            "current_ratio": 393.12,
            "debt_ratio": 17.95,
            "inventory_turnover_ratio": 0.36,
            "account_receivable_turnover_ratio": 1.45,
            "reinvestment_rate": -8.82,
            "research_to_sale_ratio": 2.23,
            "price_fair": 32.43,
            "eps_avg_yearly": 0.93,
            "eps_latest_yearly": 0.08,
            "eps_growth_yearly": 1130.29
        },
        "20214": {
            "year_quarter": 20214,
            "year": 2021,
            "quarter": 4,
            "eps": 0.29,
            "eps_growth_year": 90.86,
            "eps_4q": 0.49,
            "eps_4q_growth_year": 49.66,
            "roe": 2.16,
            "roe_4q": 3.64,
            "gross_profit": 22172,
            "gross_margin": 16.52,
            "gross_margin_4q_avg": 15.23,
            "net_income": 48750,
            "revenue": 134225,
            "common_shares": 1732684,
            "book_valuer_per_share": 13.26,
            "book_valuer_per_share_4q_avg": 13.21,
            "equity": 2282219,
            "current_ratio": 429.09,
            "debt_ratio": 16.76,
            "inventory_turnover_ratio": 0.38,
            "account_receivable_turnover_ratio": 1.78,
            "reinvestment_rate": -5.76,
            "research_to_sale_ratio": 1.75,
            "price_fair": 35.13,
            "eps_avg_yearly": 1,
            "eps_latest_yearly": 0.08,
            "eps_growth_yearly": 1268.74
        },
        "20221": {
            "year_quarter": 20221,
            "year": 2022,
            "quarter": 1,
            "eps": 0.03,
            "eps_growth_year": -84.21,
            "eps_4q": 0.33,
            "eps_4q_growth_year": 14.87,
            "roe": 0.2,
            "roe_4q": 2.47,
            "gross_profit": 25675,
            "gross_margin": 19.05,
            "gross_margin_4q_avg": 15.09,
            "net_income": 4648,
            "revenue": 134789,
            "common_shares": 1732684,
            "book_valuer_per_share": 13.36,
            "book_valuer_per_share_4q_avg": 13.24,
            "equity": 2298851,
            "current_ratio": 396.3,
            "debt_ratio": 17.49,
            "inventory_turnover_ratio": 0.35,
            "account_receivable_turnover_ratio": 1.53,
            "reinvestment_rate": 19.78,
            "research_to_sale_ratio": 1.71,
            "price_fair": 27.11,
            "eps_avg_yearly": 0.77,
            "eps_latest_yearly": 0.12,
            "eps_growth_yearly": 72.5
        },
        "20222": {
            "year_quarter": 20222,
            "year": 2022,
            "quarter": 2,
            "eps": -0.23,
            "eps_growth_year": -1250,
            "eps_4q": 0.08,
            "eps_4q_growth_year": -77.29,
            "roe": -1.7,
            "roe_4q": 0.6200000000000001,
            "gross_profit": 15669,
            "gross_margin": 13.31,
            "gross_margin_4q_avg": 13.29,
            "net_income": -38123,
            "revenue": 117740,
            "common_shares": 1732684,
            "book_valuer_per_share": 12.73,
            "book_valuer_per_share_4q_avg": 13.09,
            "equity": 2192410,
            "current_ratio": 334.29,
            "debt_ratio": 19.69,
            "inventory_turnover_ratio": 0.3,
            "account_receivable_turnover_ratio": 1.43,
            "reinvestment_rate": 24.61,
            "research_to_sale_ratio": 1.84,
            "price_fair": 23.66,
            "eps_avg_yearly": 0.68,
            "eps_latest_yearly": 0.12,
            "eps_growth_yearly": 93.09
        },
        "20223": {
            "year_quarter": 20223,
            "year": 2022,
            "quarter": 3,
            "eps": 0.28,
            "eps_growth_year": null,
            "eps_4q": 0.38,
            "eps_4q_growth_year": 8.02,
            "roe": 2.15,
            "roe_4q": 2.81,
            "gross_profit": 18245,
            "gross_margin": 14.68,
            "gross_margin_4q_avg": 15.89,
            "net_income": 48066,
            "revenue": 124317,
            "common_shares": 1732684,
            "book_valuer_per_share": 13.22,
            "book_valuer_per_share_4q_avg": 13.14,
            "equity": 2273748,
            "current_ratio": 388.25,
            "debt_ratio": 17.18,
            "inventory_turnover_ratio": 0.29,
            "account_receivable_turnover_ratio": 1.49,
            "reinvestment_rate": 44.15,
            "research_to_sale_ratio": 1.89,
            "price_fair": 21.31,
            "eps_avg_yearly": 0.61,
            "eps_latest_yearly": 0.12,
            "eps_growth_yearly": 115.55
        },
        "20224": {
            "year_quarter": 20224,
            "year": 2022,
            "quarter": 4,
            "eps": 0.33,
            "eps_growth_year": 13.26,
            "eps_4q": 0.42,
            "eps_4q_growth_year": -14.86,
            "roe": 2.36,
            "roe_4q": 3.01,
            "gross_profit": 16964,
            "gross_margin": 14.25,
            "gross_margin_4q_avg": 15.32,
            "net_income": 54288,
            "revenue": 119086,
            "common_shares": 1732684,
            "book_valuer_per_share": 13.51,
            "book_valuer_per_share_4q_avg": 13.21,
            "equity": 2321569,
            "current_ratio": 386.21,
            "debt_ratio": 17.82,
            "inventory_turnover_ratio": 0.25,
            "account_receivable_turnover_ratio": 1.35,
            "reinvestment_rate": 35.42,
            "research_to_sale_ratio": 2.09,
            "price_fair": 23.33,
            "eps_avg_yearly": 0.67,
            "eps_latest_yearly": 1.32,
            "eps_growth_yearly": 140.15
        },
        "20231": {
            "year_quarter": 20231,
            "year": 2023,
            "quarter": 1,
            "eps": 0.21,
            "eps_growth_year": 600,
            "eps_4q": 0.59,
            "eps_4q_growth_year": 80.07,
            "roe": 1.44,
            "roe_4q": 4.249999999999999,
            "gross_profit": 1236,
            "gross_margin": 1.37,
            "gross_margin_4q_avg": 10.9,
            "net_income": 33617,
            "revenue": 90273,
            "common_shares": 1732684,
            "book_valuer_per_share": 13.7,
            "book_valuer_per_share_4q_avg": 13.29,
            "equity": 2351898,
            "current_ratio": 400.26,
            "debt_ratio": 17.46,
            "inventory_turnover_ratio": 0.2,
            "account_receivable_turnover_ratio": 1.13,
            "reinvestment_rate": 26.95,
            "research_to_sale_ratio": 2.66,
            "price_fair": 22.09,
            "eps_avg_yearly": 0.63,
            "eps_latest_yearly": 0.84,
            "eps_growth_yearly": 103.99
        },
        "20232": {
            "year_quarter": 20232,
            "year": 2023,
            "quarter": 2,
            "eps": -0.02,
            "eps_growth_year": null,
            "eps_4q": 0.81,
            "eps_4q_growth_year": 964.01,
            "roe": -0.12,
            "roe_4q": 5.83,
            "gross_profit": -7433,
            "gross_margin": -11.3,
            "gross_margin_4q_avg": 4.75,
            "net_income": -2790,
            "revenue": 65784,
            "common_shares": 1732684,
            "book_valuer_per_share": 13.31,
            "book_valuer_per_share_4q_avg": 13.44,
            "equity": 2288976,
            "current_ratio": 350.03,
            "debt_ratio": 19.3,
            "inventory_turnover_ratio": 0.15,
            "account_receivable_turnover_ratio": 0.99,
            "reinvestment_rate": 27.18,
            "research_to_sale_ratio": 3.42,
            "price_fair": 22.4,
            "eps_avg_yearly": 0.64,
            "eps_latest_yearly": 0.84,
            "eps_growth_yearly": 142.85
        }
    },
    "months": {
        "2001-06": {
            "month": "2001-06",
            "price": "6.48",
            "revenue": 93174
        },
        "2001-07": {
            "month": "2001-07",
            "price": "5.10",
            "revenue": 90890
        },
        "2001-08": {
            "month": "2001-08",
            "price": "4.64",
            "revenue": 92858
        },
        "2001-09": {
            "month": "2001-09",
            "price": "4.45",
            "revenue": 96106
        },
        "2001-10": {
            "month": "2001-10",
            "price": "4.00",
            "revenue": 113529
        },
        "2001-11": {
            "month": "2001-11",
            "price": "4.01",
            "revenue": 113101
        },
        "2001-12": {
            "month": "2001-12",
            "price": "4.32",
            "revenue": 72713
        },
        "2002-01": {
            "month": "2002-01",
            "price": "4.39",
            "revenue": 62534
        },
        "2002-02": {
            "month": "2002-02",
            "price": "4.33",
            "revenue": 52116
        },
        "2002-03": {
            "month": "2002-03",
            "price": "5.32",
            "revenue": 103395
        },
        "2002-04": {
            "month": "2002-04",
            "price": "5.87",
            "revenue": 96259
        },
        "2002-05": {
            "month": "2002-05",
            "price": "5.00",
            "revenue": 103620
        },
        "2002-06": {
            "month": "2002-06",
            "price": "4.99",
            "revenue": 74903
        },
        "2002-07": {
            "month": "2002-07",
            "price": "4.99",
            "revenue": 73970
        },
        "2002-08": {
            "month": "2002-08",
            "price": "4.67",
            "revenue": 86343
        },
        "2002-09": {
            "month": "2002-09",
            "price": "4.55",
            "revenue": 92306
        },
        "2002-10": {
            "month": "2002-10",
            "price": "4.01",
            "revenue": 103380
        },
        "2002-11": {
            "month": "2002-11",
            "price": "4.32",
            "revenue": 86851
        },
        "2002-12": {
            "month": "2002-12",
            "price": "4.69",
            "revenue": 80166
        },
        "2003-01": {
            "month": "2003-01",
            "price": "5.26",
            "revenue": 63216
        },
        "2003-02": {
            "month": "2003-02",
            "price": "5.05",
            "revenue": 50598
        },
        "2003-03": {
            "month": "2003-03",
            "price": "4.33",
            "revenue": 90886
        },
        "2003-04": {
            "month": "2003-04",
            "price": "4.15",
            "revenue": 91925
        },
        "2003-05": {
            "month": "2003-05",
            "price": "3.74",
            "revenue": 84230
        },
        "2003-06": {
            "month": "2003-06",
            "price": "4.16",
            "revenue": 57194
        },
        "2003-07": {
            "month": "2003-07",
            "price": "4.15",
            "revenue": 57533
        },
        "2003-08": {
            "month": "2003-08",
            "price": "4.16",
            "revenue": 85458
        },
        "2003-09": {
            "month": "2003-09",
            "price": "4.00",
            "revenue": 73974
        },
        "2003-10": {
            "month": "2003-10",
            "price": "4.21",
            "revenue": 86519
        },
        "2003-11": {
            "month": "2003-11",
            "price": "4.72",
            "revenue": 83251
        },
        "2003-12": {
            "month": "2003-12",
            "price": "4.49",
            "revenue": 75843
        },
        "2004-01": {
            "month": "2004-01",
            "price": "5.01",
            "revenue": 47486
        },
        "2004-02": {
            "month": "2004-02",
            "price": "6.94",
            "revenue": 71913
        },
        "2004-03": {
            "month": "2004-03",
            "price": "7.15",
            "revenue": 74590
        },
        "2004-04": {
            "month": "2004-04",
            "price": "8.40",
            "revenue": 85643
        },
        "2004-05": {
            "month": "2004-05",
            "price": "7.79",
            "revenue": 89106
        },
        "2004-06": {
            "month": "2004-06",
            "price": "8.15",
            "revenue": 78658
        },
        "2004-07": {
            "month": "2004-07",
            "price": "6.40",
            "revenue": 60887
        },
        "2004-08": {
            "month": "2004-08",
            "price": "5.70",
            "revenue": 69527
        },
        "2004-09": {
            "month": "2004-09",
            "price": "7.71",
            "revenue": 74140
        },
        "2004-10": {
            "month": "2004-10",
            "price": "7.34",
            "revenue": 96117
        },
        "2004-11": {
            "month": "2004-11",
            "price": "6.70",
            "revenue": 89632
        },
        "2004-12": {
            "month": "2004-12",
            "price": "6.99",
            "revenue": 69897
        },
        "2005-01": {
            "month": "2005-01",
            "price": "7.37",
            "revenue": 46083
        },
        "2005-02": {
            "month": "2005-02",
            "price": "6.93",
            "revenue": 48300
        },
        "2005-03": {
            "month": "2005-03",
            "price": "6.60",
            "revenue": 84504
        },
        "2005-04": {
            "month": "2005-04",
            "price": "6.37",
            "revenue": 83649
        },
        "2005-05": {
            "month": "2005-05",
            "price": "6.05",
            "revenue": 70670
        },
        "2005-06": {
            "month": "2005-06",
            "price": "7.06",
            "revenue": 77846
        },
        "2005-07": {
            "month": "2005-07",
            "price": "7.04",
            "revenue": 80507
        },
        "2005-08": {
            "month": "2005-08",
            "price": "6.23",
            "revenue": 75791
        },
        "2005-09": {
            "month": "2005-09",
            "price": "5.56",
            "revenue": 77266
        },
        "2005-10": {
            "month": "2005-10",
            "price": "5.19",
            "revenue": 91646
        },
        "2005-11": {
            "month": "2005-11",
            "price": "5.35",
            "revenue": 93294
        },
        "2005-12": {
            "month": "2005-12",
            "price": "5.33",
            "revenue": 76853
        },
        "2006-01": {
            "month": "2006-01",
            "price": "5.10",
            "revenue": 63807
        },
        "2006-02": {
            "month": "2006-02",
            "price": "4.92",
            "revenue": 48051
        },
        "2006-03": {
            "month": "2006-03",
            "price": "4.47",
            "revenue": 84160
        },
        "2006-04": {
            "month": "2006-04",
            "price": "4.53",
            "revenue": 75338
        },
        "2006-05": {
            "month": "2006-05",
            "price": "5.00",
            "revenue": 66114
        },
        "2006-06": {
            "month": "2006-06",
            "price": "4.35",
            "revenue": 56200
        },
        "2006-07": {
            "month": "2006-07",
            "price": "4.29",
            "revenue": 60482
        },
        "2006-08": {
            "month": "2006-08",
            "price": "4.07",
            "revenue": 72778
        },
        "2006-09": {
            "month": "2006-09",
            "price": "4.32",
            "revenue": 78340
        },
        "2006-10": {
            "month": "2006-10",
            "price": "4.81",
            "revenue": 78658
        },
        "2006-11": {
            "month": "2006-11",
            "price": "5.45",
            "revenue": 70676
        },
        "2006-12": {
            "month": "2006-12",
            "price": "7.05",
            "revenue": 65134
        },
        "2007-01": {
            "month": "2007-01",
            "price": "6.81",
            "revenue": 64105
        },
        "2007-02": {
            "month": "2007-02",
            "price": "6.48",
            "revenue": 40994
        },
        "2007-03": {
            "month": "2007-03",
            "price": "6.52",
            "revenue": 102099
        },
        "2007-04": {
            "month": "2007-04",
            "price": "7.47",
            "revenue": 107555
        },
        "2007-05": {
            "month": "2007-05",
            "price": "7.31",
            "revenue": 107763
        },
        "2007-06": {
            "month": "2007-06",
            "price": "6.98",
            "revenue": 67490
        },
        "2007-07": {
            "month": "2007-07",
            "price": "9.73",
            "revenue": 66335
        },
        "2007-08": {
            "month": "2007-08",
            "price": "8.58",
            "revenue": 67687
        },
        "2007-09": {
            "month": "2007-09",
            "price": "8.81",
            "revenue": 68535
        },
        "2007-10": {
            "month": "2007-10",
            "price": "7.88",
            "revenue": 82911
        },
        "2007-11": {
            "month": "2007-11",
            "price": "6.13",
            "revenue": 77998
        },
        "2007-12": {
            "month": "2007-12",
            "price": "5.75",
            "revenue": 61958
        },
        "2008-01": {
            "month": "2008-01",
            "price": "5.82",
            "revenue": 53478
        },
        "2008-02": {
            "month": "2008-02",
            "price": "6.20",
            "revenue": 54980
        },
        "2008-03": {
            "month": "2008-03",
            "price": "7.63",
            "revenue": 83362
        },
        "2008-04": {
            "month": "2008-04",
            "price": "8.44",
            "revenue": 71857
        },
        "2008-05": {
            "month": "2008-05",
            "price": "7.95",
            "revenue": 60164
        },
        "2008-06": {
            "month": "2008-06",
            "price": "6.90",
            "revenue": 63878
        },
        "2008-07": {
            "month": "2008-07",
            "price": "5.88",
            "revenue": 54183
        },
        "2008-08": {
            "month": "2008-08",
            "price": "6.07",
            "revenue": 56362
        },
        "2008-09": {
            "month": "2008-09",
            "price": "4.69",
            "revenue": 57807
        },
        "2008-10": {
            "month": "2008-10",
            "price": "3.41",
            "revenue": 53839
        },
        "2008-11": {
            "month": "2008-11",
            "price": "2.47",
            "revenue": 30335
        },
        "2008-12": {
            "month": "2008-12",
            "price": "2.44",
            "revenue": 32459
        },
        "2009-01": {
            "month": "2009-01",
            "price": "2.41",
            "revenue": 26823
        },
        "2009-02": {
            "month": "2009-02",
            "price": "2.54",
            "revenue": 41806
        },
        "2009-03": {
            "month": "2009-03",
            "price": "3.20",
            "revenue": 67774
        },
        "2009-04": {
            "month": "2009-04",
            "price": "3.55",
            "revenue": 55170
        },
        "2009-05": {
            "month": "2009-05",
            "price": "4.28",
            "revenue": 49077
        },
        "2009-06": {
            "month": "2009-06",
            "price": "5.18",
            "revenue": 44000
        },
        "2009-07": {
            "month": "2009-07",
            "price": "5.36",
            "revenue": 30211
        },
        "2009-08": {
            "month": "2009-08",
            "price": "5.38",
            "revenue": 39341
        },
        "2009-09": {
            "month": "2009-09",
            "price": "5.45",
            "revenue": 46983
        },
        "2009-10": {
            "month": "2009-10",
            "price": "5.96",
            "revenue": 45387
        },
        "2009-11": {
            "month": "2009-11",
            "price": "6.80",
            "revenue": 50079
        },
        "2009-12": {
            "month": "2009-12",
            "price": "9.85",
            "revenue": 48616
        },
        "2010-01": {
            "month": "2010-01",
            "price": "10.82",
            "revenue": 35424
        },
        "2010-02": {
            "month": "2010-02",
            "price": "9.32",
            "revenue": 24928
        },
        "2010-03": {
            "month": "2010-03",
            "price": "9.22",
            "revenue": 54056
        },
        "2010-04": {
            "month": "2010-04",
            "price": "9.24",
            "revenue": 55615
        },
        "2010-05": {
            "month": "2010-05",
            "price": "9.36",
            "revenue": 60819
        },
        "2010-06": {
            "month": "2010-06",
            "price": "8.59",
            "revenue": 55094
        },
        "2010-07": {
            "month": "2010-07",
            "price": "8.68",
            "revenue": 46198
        },
        "2010-08": {
            "month": "2010-08",
            "price": "9.59",
            "revenue": 53978
        },
        "2010-09": {
            "month": "2010-09",
            "price": "9.88",
            "revenue": 46241
        },
        "2010-10": {
            "month": "2010-10",
            "price": "10.44",
            "revenue": 52086
        },
        "2010-11": {
            "month": "2010-11",
            "price": "10.25",
            "revenue": 49561
        },
        "2010-12": {
            "month": "2010-12",
            "price": "11.57",
            "revenue": 47742
        },
        "2011-01": {
            "month": "2011-01",
            "price": "11.93",
            "revenue": 50182
        },
        "2011-02": {
            "month": "2011-02",
            "price": "12.46",
            "revenue": 35893
        },
        "2011-03": {
            "month": "2011-03",
            "price": "11.14",
            "revenue": 59355
        },
        "2011-04": {
            "month": "2011-04",
            "price": "11.10",
            "revenue": 53156
        },
        "2011-05": {
            "month": "2011-05",
            "price": "10.91",
            "revenue": 55988
        },
        "2011-06": {
            "month": "2011-06",
            "price": "10.15",
            "revenue": 39754
        },
        "2011-07": {
            "month": "2011-07",
            "price": "10.68",
            "revenue": 41045
        },
        "2011-08": {
            "month": "2011-08",
            "price": "10.23",
            "revenue": 48759
        },
        "2011-09": {
            "month": "2011-09",
            "price": "9.78",
            "revenue": 42839
        },
        "2011-10": {
            "month": "2011-10",
            "price": "9.47",
            "revenue": 47822
        },
        "2011-11": {
            "month": "2011-11",
            "price": "9.31",
            "revenue": 33500
        },
        "2011-12": {
            "month": "2011-12",
            "price": "7.59",
            "revenue": 43592
        },
        "2012-01": {
            "month": "2012-01",
            "price": "7.63",
            "revenue": 19767
        },
        "2012-02": {
            "month": "2012-02",
            "price": "9.50",
            "revenue": 42772
        },
        "2012-03": {
            "month": "2012-03",
            "price": "10.05",
            "revenue": 40124
        },
        "2012-04": {
            "month": "2012-04",
            "price": "10.12",
            "revenue": 40605
        },
        "2012-05": {
            "month": "2012-05",
            "price": "10.16",
            "revenue": 40338
        },
        "2012-06": {
            "month": "2012-06",
            "price": "10.02",
            "revenue": 38961
        },
        "2012-07": {
            "month": "2012-07",
            "price": "9.84",
            "revenue": 39066
        },
        "2012-08": {
            "month": "2012-08",
            "price": "10.96",
            "revenue": 35661
        },
        "2012-09": {
            "month": "2012-09",
            "price": "12.42",
            "revenue": 40474
        },
        "2012-10": {
            "month": "2012-10",
            "price": "11.58",
            "revenue": 45203
        },
        "2012-11": {
            "month": "2012-11",
            "price": "10.19",
            "revenue": 36873
        },
        "2012-12": {
            "month": "2012-12",
            "price": "10.41",
            "revenue": 42440
        },
        "2013-01": {
            "month": "2013-01",
            "price": "11.93",
            "revenue": 64050
        },
        "2013-02": {
            "month": "2013-02",
            "price": "12.19",
            "revenue": 45380
        },
        "2013-03": {
            "month": "2013-03",
            "price": "12.59",
            "revenue": 93040
        },
        "2013-04": {
            "month": "2013-04",
            "price": "12.69",
            "revenue": 79331
        },
        "2013-05": {
            "month": "2013-05",
            "price": "13.72",
            "revenue": 88782
        },
        "2013-06": {
            "month": "2013-06",
            "price": "14.45",
            "revenue": 64359
        },
        "2013-07": {
            "month": "2013-07",
            "price": "14.01",
            "revenue": 79654
        },
        "2013-08": {
            "month": "2013-08",
            "price": "14.25",
            "revenue": 80775
        },
        "2013-09": {
            "month": "2013-09",
            "price": "14.34",
            "revenue": 80382
        },
        "2013-10": {
            "month": "2013-10",
            "price": "14.87",
            "revenue": 107610
        },
        "2013-11": {
            "month": "2013-11",
            "price": "18.92",
            "revenue": 72156
        },
        "2013-12": {
            "month": "2013-12",
            "price": "18.80",
            "revenue": 74945
        },
        "2014-01": {
            "month": "2014-01",
            "price": "17.42",
            "revenue": 82071
        },
        "2014-02": {
            "month": "2014-02",
            "price": "17.19",
            "revenue": 69421
        },
        "2014-03": {
            "month": "2014-03",
            "price": "16.88",
            "revenue": 117009
        },
        "2014-04": {
            "month": "2014-04",
            "price": "16.41",
            "revenue": 95421
        },
        "2014-05": {
            "month": "2014-05",
            "price": "14.47",
            "revenue": 95517
        },
        "2014-06": {
            "month": "2014-06",
            "price": "14.81",
            "revenue": 75809
        },
        "2014-07": {
            "month": "2014-07",
            "price": "15.01",
            "revenue": 83067
        },
        "2014-08": {
            "month": "2014-08",
            "price": "15.00",
            "revenue": 100169
        },
        "2014-09": {
            "month": "2014-09",
            "price": "15.05",
            "revenue": 84182
        },
        "2014-10": {
            "month": "2014-10",
            "price": "15.39",
            "revenue": 99418
        },
        "2014-11": {
            "month": "2014-11",
            "price": "14.89",
            "revenue": 81412
        },
        "2014-12": {
            "month": "2014-12",
            "price": "15.38",
            "revenue": 45699
        },
        "2015-01": {
            "month": "2015-01",
            "price": "16.88",
            "revenue": 39576
        },
        "2015-02": {
            "month": "2015-02",
            "price": "17.04",
            "revenue": 36724
        },
        "2015-03": {
            "month": "2015-03",
            "price": "16.68",
            "revenue": 57887
        },
        "2015-04": {
            "month": "2015-04",
            "price": "17.44",
            "revenue": 48239
        },
        "2015-05": {
            "month": "2015-05",
            "price": "19.00",
            "revenue": 37548
        },
        "2015-06": {
            "month": "2015-06",
            "price": "17.67",
            "revenue": 39120
        },
        "2015-07": {
            "month": "2015-07",
            "price": "16.94",
            "revenue": 39605
        },
        "2015-08": {
            "month": "2015-08",
            "price": "15.70",
            "revenue": 40820
        },
        "2015-09": {
            "month": "2015-09",
            "price": "15.19",
            "revenue": 41475
        },
        "2015-10": {
            "month": "2015-10",
            "price": "15.82",
            "revenue": 46657
        },
        "2015-11": {
            "month": "2015-11",
            "price": "16.10",
            "revenue": 35455
        },
        "2015-12": {
            "month": "2015-12",
            "price": "16.43",
            "revenue": 46622
        },
        "2016-01": {
            "month": "2016-01",
            "price": "15.74",
            "revenue": 37267
        },
        "2016-02": {
            "month": "2016-02",
            "price": "16.42",
            "revenue": 36182
        },
        "2016-03": {
            "month": "2016-03",
            "price": "17.83",
            "revenue": 55631
        },
        "2016-04": {
            "month": "2016-04",
            "price": "17.54",
            "revenue": 47797
        },
        "2016-05": {
            "month": "2016-05",
            "price": "16.91",
            "revenue": 46994
        },
        "2016-06": {
            "month": "2016-06",
            "price": "17.64",
            "revenue": 37996
        },
        "2016-07": {
            "month": "2016-07",
            "price": "17.85",
            "revenue": 41218
        },
        "2016-08": {
            "month": "2016-08",
            "price": "17.70",
            "revenue": 43013
        },
        "2016-09": {
            "month": "2016-09",
            "price": "17.90",
            "revenue": 33818
        },
        "2016-10": {
            "month": "2016-10",
            "price": "18.30",
            "revenue": 45138
        },
        "2016-11": {
            "month": "2016-11",
            "price": "18.20",
            "revenue": 36274
        },
        "2016-12": {
            "month": "2016-12",
            "price": "20.28",
            "revenue": 1660028
        },
        "2017-01": {
            "month": "2017-01",
            "price": "21.16",
            "revenue": 227948
        },
        "2017-02": {
            "month": "2017-02",
            "price": "21.62",
            "revenue": 66401
        },
        "2017-03": {
            "month": "2017-03",
            "price": "23.89",
            "revenue": 553333
        },
        "2017-04": {
            "month": "2017-04",
            "price": "27.14",
            "revenue": 133751
        },
        "2017-05": {
            "month": "2017-05",
            "price": "27.90",
            "revenue": 42310
        },
        "2017-06": {
            "month": "2017-06",
            "price": "29.13",
            "revenue": 85023
        },
        "2017-07": {
            "month": "2017-07",
            "price": "26.48",
            "revenue": 236764
        },
        "2017-08": {
            "month": "2017-08",
            "price": "24.59",
            "revenue": 150380
        },
        "2017-09": {
            "month": "2017-09",
            "price": "25.82",
            "revenue": 118935
        },
        "2017-10": {
            "month": "2017-10",
            "price": "26.59",
            "revenue": 41856
        },
        "2017-11": {
            "month": "2017-11",
            "price": "26.91",
            "revenue": 34027
        },
        "2017-12": {
            "month": "2017-12",
            "price": "25.13",
            "revenue": 34813
        },
        "2018-01": {
            "month": "2018-01",
            "price": "23.89",
            "revenue": 127782
        },
        "2018-02": {
            "month": "2018-02",
            "price": "21.42",
            "revenue": 88321
        },
        "2018-03": {
            "month": "2018-03",
            "price": "23.30",
            "revenue": 131145
        },
        "2018-04": {
            "month": "2018-04",
            "price": "22.97",
            "revenue": 43396
        },
        "2018-05": {
            "month": "2018-05",
            "price": "22.39",
            "revenue": 45521
        },
        "2018-06": {
            "month": "2018-06",
            "price": "23.05",
            "revenue": 175089
        },
        "2018-07": {
            "month": "2018-07",
            "price": "19.33",
            "revenue": 42431
        },
        "2018-08": {
            "month": "2018-08",
            "price": "17.03",
            "revenue": 72017
        },
        "2018-09": {
            "month": "2018-09",
            "price": "15.95",
            "revenue": 80955
        },
        "2018-10": {
            "month": "2018-10",
            "price": "13.25",
            "revenue": 87571
        },
        "2018-11": {
            "month": "2018-11",
            "price": "12.70",
            "revenue": 41421
        },
        "2018-12": {
            "month": "2018-12",
            "price": "12.94",
            "revenue": 40106
        },
        "2019-01": {
            "month": "2019-01",
            "price": "12.83",
            "revenue": 71333
        },
        "2019-02": {
            "month": "2019-02",
            "price": "13.35",
            "revenue": 29540
        },
        "2019-03": {
            "month": "2019-03",
            "price": "14.92",
            "revenue": 53502
        },
        "2019-04": {
            "month": "2019-04",
            "price": "15.52",
            "revenue": 47524
        },
        "2019-05": {
            "month": "2019-05",
            "price": "15.48",
            "revenue": 43251
        },
        "2019-06": {
            "month": "2019-06",
            "price": "15.85",
            "revenue": 36770
        },
        "2019-07": {
            "month": "2019-07",
            "price": "15.31",
            "revenue": 41112
        },
        "2019-08": {
            "month": "2019-08",
            "price": "13.44",
            "revenue": 77681
        },
        "2019-09": {
            "month": "2019-09",
            "price": "13.46",
            "revenue": 39033
        },
        "2019-10": {
            "month": "2019-10",
            "price": "13.19",
            "revenue": 39084
        },
        "2019-11": {
            "month": "2019-11",
            "price": "12.97",
            "revenue": 35319
        },
        "2019-12": {
            "month": "2019-12",
            "price": "13.10",
            "revenue": 43323
        },
        "2020-01": {
            "month": "2020-01",
            "price": "13.03",
            "revenue": 32907
        },
        "2020-02": {
            "month": "2020-02",
            "price": "12.76",
            "revenue": 124950
        },
        "2020-03": {
            "month": "2020-03",
            "price": "11.15",
            "revenue": 46737
        },
        "2020-04": {
            "month": "2020-04",
            "price": "11.21",
            "revenue": 33359
        },
        "2020-05": {
            "month": "2020-05",
            "price": "11.53",
            "revenue": 20764
        },
        "2020-06": {
            "month": "2020-06",
            "price": "12.19",
            "revenue": 17457
        },
        "2020-07": {
            "month": "2020-07",
            "price": "11.99",
            "revenue": 25016
        },
        "2020-08": {
            "month": "2020-08",
            "price": "11.69",
            "revenue": 26967
        },
        "2020-09": {
            "month": "2020-09",
            "price": "12.90",
            "revenue": 32314
        },
        "2020-10": {
            "month": "2020-10",
            "price": "12.39",
            "revenue": 24174
        },
        "2020-11": {
            "month": "2020-11",
            "price": "12.22",
            "revenue": 34679
        },
        "2020-12": {
            "month": "2020-12",
            "price": "12.53",
            "revenue": 32329
        },
        "2021-01": {
            "month": "2021-01",
            "price": "12.80",
            "revenue": 36696
        },
        "2021-02": {
            "month": "2021-02",
            "price": "12.41",
            "revenue": 29312
        },
        "2021-03": {
            "month": "2021-03",
            "price": "12.76",
            "revenue": 40940
        },
        "2021-04": {
            "month": "2021-04",
            "price": "13.60",
            "revenue": 45616
        },
        "2021-05": {
            "month": "2021-05",
            "price": "13.68",
            "revenue": 41311
        },
        "2021-06": {
            "month": "2021-06",
            "price": "15.53",
            "revenue": 25946
        },
        "2021-07": {
            "month": "2021-07",
            "price": "14.75",
            "revenue": 41995
        },
        "2021-08": {
            "month": "2021-08",
            "price": "13.88",
            "revenue": 28601
        },
        "2021-09": {
            "month": "2021-09",
            "price": "14.11",
            "revenue": 31922
        },
        "2021-10": {
            "month": "2021-10",
            "price": "14.25",
            "revenue": 45128
        },
        "2021-11": {
            "month": "2021-11",
            "price": "14.18",
            "revenue": 44173
        },
        "2021-12": {
            "month": "2021-12",
            "price": "14.53",
            "revenue": 44924
        },
        "2022-01": {
            "month": "2022-01",
            "price": "13.80",
            "revenue": 44170
        },
        "2022-02": {
            "month": "2022-02",
            "price": "13.84",
            "revenue": 36908
        },
        "2022-03": {
            "month": "2022-03",
            "price": "13.66",
            "revenue": 52762
        },
        "2022-04": {
            "month": "2022-04",
            "price": "13.92",
            "revenue": 48319
        },
        "2022-05": {
            "month": "2022-05",
            "price": "13.64",
            "revenue": 36762
        },
        "2022-06": {
            "month": "2022-06",
            "price": "13.86",
            "revenue": 32641
        },
        "2022-07": {
            "month": "2022-07",
            "price": "13.77",
            "revenue": 43449
        },
        "2022-08": {
            "month": "2022-08",
            "price": "14.08",
            "revenue": 37194
        },
        "2022-09": {
            "month": "2022-09",
            "price": "14.12",
            "revenue": 44659
        },
        "2022-10": {
            "month": "2022-10",
            "price": "13.89",
            "revenue": 44495
        },
        "2022-11": {
            "month": "2022-11",
            "price": "14.04",
            "revenue": 32091
        },
        "2022-12": {
            "month": "2022-12",
            "price": "14.38",
            "revenue": 39664
        },
        "2023-01": {
            "month": "2023-01",
            "price": "14.68",
            "revenue": 24069
        },
        "2023-02": {
            "month": "2023-02",
            "price": "14.90",
            "revenue": 32328
        },
        "2023-03": {
            "month": "2023-03",
            "price": "14.51",
            "revenue": 36671
        },
        "2023-04": {
            "month": "2023-04",
            "price": "14.30",
            "revenue": 17110
        },
        "2023-05": {
            "month": "2023-05",
            "price": "14.47",
            "revenue": 22992
        },
        "2023-06": {
            "month": "2023-06",
            "price": "14.58",
            "revenue": 24894
        },
        "2023-07": {
            "month": "2023-07",
            "price": "14.73",
            "revenue": 25823
        },
        "2023-08": {
            "month": "2023-08",
            "price": "15.16",
            "revenue": 38818
        }
    }
}
