{
    "summary": {
        "stock_name": "得力",
        "stock_id": "1464",
        "category": "紡織纖維",
        "main_business": "各種紡織品之印染、整理加工製造及買賣業務<br>紗類原料之製造買賣、加工及進出口貿易業務",
        "website_url": "http://www.delicacy.com.tw",
        "ceo": "游逸能",
        "pe_ratio": 100,
        "report_year_from": 2001,
        "report_year_to": 2023,
        "age": 23,
        "eps_negative_percentage": 22,
        "eps_growth_avg": {
            "last_all": -22.8,
            "last_2y": 5.73,
            "last_4y": 2.86,
            "last_8y": -14.83,
            "last_12y": -14.24,
            "last_16y": -21.75,
            "last_20y": -29.36,
            "at_2006_last_3y": -62.37,
            "at_2007_last_3y": -79.83,
            "at_2008_last_3y": -100,
            "at_2009_last_3y": -100,
            "at_2010_last_3y": -63.04,
            "at_2011_last_3y": -28.3,
            "at_2012_last_3y": 11.97,
            "at_2013_last_3y": -16.02,
            "at_2014_last_3y": -12.66,
            "at_2015_last_3y": -48.23,
            "at_2016_last_3y": -54.47,
            "at_2017_last_3y": -26.43,
            "at_2018_last_3y": -32.53,
            "at_2019_last_3y": 8.86,
            "at_2020_last_3y": -16.67,
            "at_2021_last_3y": -16.94,
            "at_2022_last_3y": 33.33,
            "at_2023_last_3y": -29.51,
            "at_2024_last_3y": -29.51,
            "at_2006_last_all": -26.22,
            "at_2007_last_all": -26.22,
            "at_2008_last_all": -40.98,
            "at_2009_last_all": -40.98,
            "at_2010_last_all": -38.49,
            "at_2011_last_all": -27.11,
            "at_2012_last_all": -21.12,
            "at_2013_last_all": -29.88,
            "at_2014_last_all": -29.88,
            "at_2015_last_all": -33.45,
            "at_2016_last_all": -30.22,
            "at_2017_last_all": -29.02,
            "at_2018_last_all": -30.7,
            "at_2019_last_all": -21.36,
            "at_2020_last_all": -26.6,
            "at_2021_last_all": -26.6,
            "at_2022_last_all": -18.69,
            "at_2023_last_all": -22.8,
            "at_2024_last_all": -22.8
        },
        "latest_eps": 0.06,
        "latest_price": 13.35,
        "latest_roe": 1.05,
        "latest_gross_margin": 13.9,
        "latest_equity": 5742050,
        "latest_revenue": 2537043,
        "latest_gross_profit": 352531,
        "latest_net_income": 46064,
        "latest_debt_ratio": 64.67,
        "latest_current_ratio": 149.84,
        "latest_account_receivable_turnover_ratio": 1.72,
        "latest_inventory_turnover_ratio": 0.62,
        "latest_reinvestment_rate": -102.06,
        "latest_research_to_sale_ratio": 2.27
    },
    "eps_dividends": {
        "1995": {
            "cash": 0,
            "stock": 1.5,
            "eps": 0
        },
        "1996": {
            "cash": 0,
            "stock": 2,
            "eps": 0
        },
        "1997": {
            "cash": 0,
            "stock": 2,
            "eps": 0
        },
        "1998": {
            "cash": 0,
            "stock": 2.5,
            "eps": 0
        },
        "1999": {
            "cash": 0,
            "stock": 2.5,
            "eps": 0
        },
        "2001": {
            "cash": 0,
            "stock": 0,
            "eps": 0.9
        },
        "2002": {
            "cash": 0,
            "stock": 0,
            "eps": 1.64
        },
        "2003": {
            "cash": 0,
            "stock": 0,
            "eps": 1.19
        },
        "2004": {
            "cash": 0.15,
            "stock": 0,
            "eps": 0.48
        },
        "2005": {
            "cash": 0,
            "stock": 0,
            "eps": -3.1
        },
        "2006": {
            "cash": 0,
            "stock": 0,
            "eps": -0.17
        },
        "2007": {
            "cash": 0,
            "stock": 0,
            "eps": 0.24
        },
        "2008": {
            "cash": 0.2,
            "stock": 0,
            "eps": -0.81
        },
        "2009": {
            "cash": 0,
            "stock": 0,
            "eps": 0.23
        },
        "2010": {
            "cash": 0.2,
            "stock": 0,
            "eps": 0.17
        },
        "2011": {
            "cash": 0.35,
            "stock": 0,
            "eps": 0.24
        },
        "2012": {
            "cash": 0,
            "stock": 0,
            "eps": 0.29
        },
        "2013": {
            "cash": 0.2,
            "stock": 0,
            "eps": -0.19
        },
        "2014": {
            "cash": 0,
            "stock": 0,
            "eps": 4.12
        },
        "2015": {
            "cash": 1,
            "stock": 0.5,
            "eps": 1.42
        },
        "2016": {
            "cash": 2.2,
            "stock": 0,
            "eps": 1.45
        },
        "2017": {
            "cash": 2,
            "stock": 0.5,
            "eps": 1.22
        },
        "2018": {
            "cash": 2.2,
            "stock": 0,
            "eps": 0.6
        },
        "2019": {
            "cash": 1.5,
            "stock": 0,
            "eps": 1.61
        },
        "2020": {
            "cash": 1.5,
            "stock": 0,
            "eps": -0.54
        },
        "2021": {
            "cash": 0.3,
            "stock": 0,
            "eps": 0.47
        },
        "2022": {
            "cash": 0.25,
            "stock": 0,
            "eps": 0.96
        },
        "2023": {
            "cash": 0.4,
            "stock": 0.6,
            "eps": 0.11
        }
    },
    "dividends": {
        "1995-04-24": {
            "cash": 0,
            "stock": 1.5
        },
        "1996-04-29": {
            "cash": 0,
            "stock": 2
        },
        "1997-05-07": {
            "cash": 0,
            "stock": 2
        },
        "1998-05-25": {
            "cash": 0,
            "stock": 2.5
        },
        "1999-05-27": {
            "cash": 0,
            "stock": 2.5
        },
        "2004-03-23": {
            "cash": 0.15,
            "stock": 0
        },
        "2008-03-18": {
            "cash": 0.2,
            "stock": 0
        },
        "2010-03-25": {
            "cash": 0.2,
            "stock": 0
        },
        "2011-01-01": {
            "cash": 0.2,
            "stock": 0
        },
        "2011-03-28": {
            "cash": 0.15,
            "stock": 0
        },
        "2013-03-25": {
            "cash": 0.2,
            "stock": 0
        },
        "2015-08-28": {
            "cash": 1,
            "stock": 0.5
        },
        "2016-08-17": {
            "cash": 2.2,
            "stock": 0
        },
        "2017-10-03": {
            "cash": 2,
            "stock": 0.5
        },
        "2018-08-31": {
            "cash": 2.2,
            "stock": 0
        },
        "2019-07-31": {
            "cash": 1.5,
            "stock": 0
        },
        "2020-07-31": {
            "cash": 1.5,
            "stock": 0
        },
        "2021-08-27": {
            "cash": 0.3,
            "stock": 0
        },
        "2022-07-28": {
            "cash": 0.25,
            "stock": 0
        },
        "2023-09-28": {
            "cash": 0.4,
            "stock": 0.6
        }
    },
    "prices": {
        "200101": "3.37",
        "200102": "3.64",
        "200103": "3.37",
        "200104": "3.26",
        "200105": "3.14",
        "200106": "2.97",
        "200107": "2.76",
        "200108": "3.06",
        "200109": "3.44",
        "200110": "3.82",
        "200111": "4.18",
        "200112": "5.29",
        "200201": "7.79",
        "200202": "8.36",
        "200203": "8.17",
        "200204": "8.57",
        "200205": "10.33",
        "200206": "11.60",
        "200207": "10.71",
        "200208": "9.77",
        "200209": "8.41",
        "200210": "7.72",
        "200211": "10.06",
        "200212": "10.10",
        "200301": "10.65",
        "200302": "9.40",
        "200303": "8.02",
        "200304": "8.88",
        "200305": "8.27",
        "200306": "8.59",
        "200307": "8.37",
        "200308": "8.40",
        "200309": "8.50",
        "200310": "9.84",
        "200311": "10.72",
        "200312": "9.88",
        "200401": "10.00",
        "200402": "12.55",
        "200403": "12.17",
        "200404": "10.50",
        "200405": "7.98",
        "200406": "7.44",
        "200407": "6.15",
        "200408": "5.73",
        "200409": "6.51",
        "200410": "6.37",
        "200411": "6.41",
        "200412": "7.06",
        "200501": "7.09",
        "200502": "6.44",
        "200503": "5.79",
        "200504": "4.92",
        "200505": "4.77",
        "200506": "5.14",
        "200507": "4.87",
        "200508": "4.84",
        "200509": "4.53",
        "200510": "4.55",
        "200511": "4.61",
        "200512": "4.71",
        "200601": "4.99",
        "200602": "5.30",
        "200603": "5.76",
        "200604": "5.49",
        "200605": "5.45",
        "200606": "5.10",
        "200607": "5.02",
        "200608": "4.99",
        "200609": "5.15",
        "200610": "5.26",
        "200611": "5.60",
        "200612": "6.35",
        "200701": "6.21",
        "200702": "6.15",
        "200703": "6.25",
        "200704": "6.83",
        "200705": "6.75",
        "200706": "7.14",
        "200707": "8.12",
        "200708": "8.15",
        "200709": "8.41",
        "200710": "8.63",
        "200711": "8.08",
        "200712": "7.26",
        "200801": "7.20",
        "200802": "7.02",
        "200803": "7.16",
        "200804": "7.61",
        "200805": "7.63",
        "200806": "7.06",
        "200807": "6.68",
        "200808": "6.38",
        "200809": "5.03",
        "200810": "4.69",
        "200811": "4.11",
        "200812": "4.57",
        "200901": "4.96",
        "200902": "4.43",
        "200903": "4.52",
        "200904": "5.32",
        "200905": "5.31",
        "200906": "5.13",
        "200907": "5.27",
        "200908": "5.47",
        "200909": "5.66",
        "200910": "6.12",
        "200911": "6.14",
        "200912": "6.57",
        "201001": "6.93",
        "201002": "6.44",
        "201003": "6.74",
        "201004": "8.29",
        "201005": "14.56",
        "201006": "13.13",
        "201007": "14.93",
        "201008": "15.80",
        "201009": "14.05",
        "201010": "13.82",
        "201011": "12.24",
        "201012": "12.73",
        "201101": "13.47",
        "201102": "11.73",
        "201103": "10.43",
        "201104": "10.67",
        "201105": "10.11",
        "201106": "9.96",
        "201107": "9.63",
        "201108": "8.98",
        "201109": "9.53",
        "201110": "9.44",
        "201111": "9.10",
        "201112": "8.92",
        "201201": "9.06",
        "201202": "9.46",
        "201203": "9.45",
        "201204": "9.02",
        "201205": "8.43",
        "201206": "8.31",
        "201207": "8.74",
        "201208": "8.48",
        "201209": "9.29",
        "201210": "9.64",
        "201211": "8.75",
        "201212": "8.92",
        "201301": "9.06",
        "201302": "9.07",
        "201303": "9.08",
        "201304": "9.49",
        "201305": "10.26",
        "201306": "10.42",
        "201307": "9.84",
        "201308": "9.49",
        "201309": "9.72",
        "201310": "11.00",
        "201311": "11.49",
        "201312": "13.04",
        "201401": "13.13",
        "201402": "13.05",
        "201403": "13.17",
        "201404": "12.34",
        "201405": "12.22",
        "201406": "12.16",
        "201407": "11.82",
        "201408": "11.38",
        "201409": "12.19",
        "201410": "11.51",
        "201411": "11.82",
        "201412": "12.95",
        "201501": "14.11",
        "201502": "14.87",
        "201503": "16.46",
        "201504": "18.52",
        "201505": "24.66",
        "201506": "27.64",
        "201507": "28.55",
        "201508": "25.54",
        "201509": "27.92",
        "201510": "34.70",
        "201511": "32.61",
        "201512": "32.58",
        "201601": "31.40",
        "201602": "38.17",
        "201603": "36.80",
        "201604": "34.36",
        "201605": "30.43",
        "201606": "29.78",
        "201607": "31.42",
        "201608": "29.00",
        "201609": "27.75",
        "201610": "26.51",
        "201611": "25.02",
        "201612": "26.25",
        "201701": "25.59",
        "201702": "25.51",
        "201703": "27.35",
        "201704": "27.81",
        "201705": "28.14",
        "201706": "29.10",
        "201707": "29.94",
        "201708": "28.09",
        "201709": "26.16",
        "201710": "25.59",
        "201711": "25.27",
        "201712": "24.92",
        "201801": "25.20",
        "201802": "24.40",
        "201803": "24.81",
        "201804": "25.59",
        "201805": "24.42",
        "201806": "24.59",
        "201807": "24.47",
        "201808": "23.35",
        "201809": "22.19",
        "201810": "20.84",
        "201811": "19.66",
        "201812": "19.95",
        "201901": "20.13",
        "201902": "20.95",
        "201903": "21.14",
        "201904": "22.43",
        "201905": "23.79",
        "201906": "26.51",
        "201907": "24.77",
        "201908": "23.32",
        "201909": "24.07",
        "201910": "26.20",
        "201911": "26.73",
        "201912": "26.24",
        "202001": "26.04",
        "202002": "23.61",
        "202003": "19.38",
        "202004": "19.22",
        "202005": "20.92",
        "202006": "21.40",
        "202007": "19.40",
        "202008": "18.21",
        "202009": "17.93",
        "202010": "18.22",
        "202011": "18.57",
        "202012": "18.54",
        "202101": "17.84",
        "202102": "17.72",
        "202103": "17.91",
        "202104": "17.78",
        "202105": "17.39",
        "202106": "17.55",
        "202107": "17.98",
        "202108": "16.92",
        "202109": "16.20",
        "202110": "15.46",
        "202111": "15.72",
        "202112": "15.50",
        "202201": "15.99",
        "202202": "16.12",
        "202203": "15.39",
        "202204": "15.50",
        "202205": "14.23",
        "202206": "13.93",
        "202207": "13.17",
        "202208": "14.54",
        "202209": "14.96",
        "202210": "14.06",
        "202211": "14.29",
        "202212": "14.21",
        "202301": "14.06",
        "202302": "14.18",
        "202303": "14.92",
        "202304": "14.97",
        "202305": "15.13",
        "202306": "15.37",
        "202307": "15.35",
        "202308": "14.66",
        "202309": "13.81",
        "202310": "13.36",
        "202311": "13.10",
        "202312": "13.27"
    },
    "quarters": {
        "20011": {
            "year_quarter": 20011,
            "year": 2001,
            "quarter": 1,
            "eps": 0.1,
            "eps_growth_year": 42.86,
            "eps_4q": 0.11,
            "eps_4q_growth_year": null,
            "roe": 1.7,
            "roe_4q": 1.7,
            "gross_profit": 145966,
            "gross_margin": 23.59,
            "gross_margin_4q_avg": 23.59,
            "net_income": 24553,
            "net_income_4q": null,
            "revenue": 618656,
            "revenue_4q": null,
            "common_shares": 2396194,
            "book_valuer_per_share": 6.1,
            "book_valuer_per_share_4q_avg": 6.1,
            "equity": 1461231,
            "current_ratio": 64.6,
            "debt_ratio": 53.69,
            "inventory_turnover_ratio": 0.96,
            "account_receivable_turnover_ratio": null,
            "reinvestment_rate": null,
            "research_to_sale_ratio": null,
            "price_fair": 0,
            "eps_avg_yearly": 0,
            "eps_latest_yearly": 0,
            "eps_growth_yearly": 0
        },
        "20012": {
            "year_quarter": 20012,
            "year": 2001,
            "quarter": 2,
            "eps": 0.12,
            "eps_growth_year": 200,
            "eps_4q": 0.19,
            "eps_4q_growth_year": null,
            "roe": 1.98,
            "roe_4q": 3.6799999999999997,
            "gross_profit": 150829,
            "gross_margin": 22.94,
            "gross_margin_4q_avg": 23.27,
            "net_income": 29210,
            "net_income_4q": null,
            "revenue": 657444,
            "revenue_4q": null,
            "common_shares": 2396194,
            "book_valuer_per_share": 6.23,
            "book_valuer_per_share_4q_avg": 6.17,
            "equity": 1491755,
            "current_ratio": 64.44,
            "debt_ratio": 52.25,
            "inventory_turnover_ratio": 1.05,
            "account_receivable_turnover_ratio": null,
            "reinvestment_rate": null,
            "research_to_sale_ratio": null,
            "price_fair": 0,
            "eps_avg_yearly": 0,
            "eps_latest_yearly": 0,
            "eps_growth_yearly": 0
        },
        "20013": {
            "year_quarter": 20013,
            "year": 2001,
            "quarter": 3,
            "eps": 0.27,
            "eps_growth_year": null,
            "eps_4q": 0.52,
            "eps_4q_growth_year": null,
            "roe": 4.25,
            "roe_4q": 7.930000000000001,
            "gross_profit": 193731,
            "gross_margin": 26.5,
            "gross_margin_4q_avg": 24.34,
            "net_income": 65213,
            "net_income_4q": null,
            "revenue": 731102,
            "revenue_4q": null,
            "common_shares": 2396194,
            "book_valuer_per_share": 6.58,
            "book_valuer_per_share_4q_avg": 6.3,
            "equity": 1576668,
            "current_ratio": 68.18,
            "debt_ratio": 50.94,
            "inventory_turnover_ratio": 1.12,
            "account_receivable_turnover_ratio": null,
            "reinvestment_rate": null,
            "research_to_sale_ratio": null,
            "price_fair": 0,
            "eps_avg_yearly": 0,
            "eps_latest_yearly": 0,
            "eps_growth_yearly": 0
        },
        "20014": {
            "year_quarter": 20014,
            "year": 2001,
            "quarter": 4,
            "eps": 0.41,
            "eps_growth_year": 1950,
            "eps_4q": 0.9,
            "eps_4q_growth_year": 1298.09,
            "roe": 5.86,
            "roe_4q": 13.79,
            "gross_profit": 186368,
            "gross_margin": 23.4,
            "gross_margin_4q_avg": 24.11,
            "net_income": 98705,
            "net_income_4q": null,
            "revenue": 796434,
            "revenue_4q": null,
            "common_shares": 2396194,
            "book_valuer_per_share": 7.48,
            "book_valuer_per_share_4q_avg": 6.6,
            "equity": 1792518,
            "current_ratio": 313.02,
            "debt_ratio": 44.7,
            "inventory_turnover_ratio": 1.29,
            "account_receivable_turnover_ratio": null,
            "reinvestment_rate": null,
            "research_to_sale_ratio": null,
            "price_fair": 0,
            "eps_avg_yearly": 0,
            "eps_latest_yearly": 0,
            "eps_growth_yearly": 0
        },
        "20021": {
            "year_quarter": 20021,
            "year": 2002,
            "quarter": 1,
            "eps": 0.42,
            "eps_growth_year": 320,
            "eps_4q": 1.42,
            "eps_4q_growth_year": 1243.68,
            "roe": 4.74,
            "roe_4q": 16.830000000000002,
            "gross_profit": 152653,
            "gross_margin": 24.42,
            "gross_margin_4q_avg": 24.32,
            "net_income": 81041,
            "net_income_4q": null,
            "revenue": 625055,
            "revenue_4q": null,
            "common_shares": 2396194,
            "book_valuer_per_share": 6.79,
            "book_valuer_per_share_4q_avg": 6.77,
            "equity": 1627541,
            "current_ratio": 317.64,
            "debt_ratio": 47.88,
            "inventory_turnover_ratio": 1,
            "account_receivable_turnover_ratio": null,
            "reinvestment_rate": null,
            "research_to_sale_ratio": null,
            "price_fair": 33.19,
            "eps_avg_yearly": 1.68,
            "eps_latest_yearly": 1.68,
            "eps_growth_yearly": 9.76
        },
        "20022": {
            "year_quarter": 20022,
            "year": 2002,
            "quarter": 2,
            "eps": 0.53,
            "eps_growth_year": 341.67,
            "eps_4q": 1.81,
            "eps_4q_growth_year": 852.89,
            "roe": 6.08,
            "roe_4q": 20.93,
            "gross_profit": 199080,
            "gross_margin": 24.67,
            "gross_margin_4q_avg": 24.75,
            "net_income": 101667,
            "net_income_4q": null,
            "revenue": 806871,
            "revenue_4q": null,
            "common_shares": 2396194,
            "book_valuer_per_share": 7.16,
            "book_valuer_per_share_4q_avg": 7,
            "equity": 1716721,
            "current_ratio": 222.06,
            "debt_ratio": 48.44,
            "inventory_turnover_ratio": 1.19,
            "account_receivable_turnover_ratio": null,
            "reinvestment_rate": null,
            "research_to_sale_ratio": null,
            "price_fair": 66.5,
            "eps_avg_yearly": 1.9,
            "eps_latest_yearly": 2.12,
            "eps_growth_yearly": 57.26
        },
        "20023": {
            "year_quarter": 20023,
            "year": 2002,
            "quarter": 3,
            "eps": 0.26,
            "eps_growth_year": -3.7,
            "eps_4q": 1.72,
            "eps_4q_growth_year": 233.44,
            "roe": 2.86,
            "roe_4q": 19.54,
            "gross_profit": 128496,
            "gross_margin": 19.72,
            "gross_margin_4q_avg": 23.05,
            "net_income": 50104,
            "net_income_4q": null,
            "revenue": 651466,
            "revenue_4q": null,
            "common_shares": 2396194,
            "book_valuer_per_share": 7.48,
            "book_valuer_per_share_4q_avg": 7.23,
            "equity": 1791686,
            "current_ratio": 332.3,
            "debt_ratio": 43.64,
            "inventory_turnover_ratio": 0.96,
            "account_receivable_turnover_ratio": null,
            "reinvestment_rate": null,
            "research_to_sale_ratio": null,
            "price_fair": 4.84,
            "eps_avg_yearly": 1.61,
            "eps_latest_yearly": 1.04,
            "eps_growth_yearly": -29.75
        },
        "20024": {
            "year_quarter": 20024,
            "year": 2002,
            "quarter": 4,
            "eps": 0.43,
            "eps_growth_year": 4.88,
            "eps_4q": 1.64,
            "eps_4q_growth_year": 81.48,
            "roe": 4.53,
            "roe_4q": 18.21,
            "gross_profit": 177005,
            "gross_margin": 20.75,
            "gross_margin_4q_avg": 22.39,
            "net_income": 82668,
            "net_income_4q": null,
            "revenue": 852950,
            "revenue_4q": null,
            "common_shares": 2396194,
            "book_valuer_per_share": 7.77,
            "book_valuer_per_share_4q_avg": 7.3,
            "equity": 1861920,
            "current_ratio": 333.79,
            "debt_ratio": 41.33,
            "inventory_turnover_ratio": 1.27,
            "account_receivable_turnover_ratio": null,
            "reinvestment_rate": null,
            "research_to_sale_ratio": null,
            "price_fair": 57.4,
            "eps_avg_yearly": 1.64,
            "eps_latest_yearly": 1.72,
            "eps_growth_yearly": 43.07
        },
        "20031": {
            "year_quarter": 20031,
            "year": 2003,
            "quarter": 1,
            "eps": 0.33,
            "eps_growth_year": -21.43,
            "eps_4q": 1.54,
            "eps_4q_growth_year": 8.08,
            "roe": 3.39,
            "roe_4q": 16.86,
            "gross_profit": 111140,
            "gross_margin": 19.33,
            "gross_margin_4q_avg": 21.12,
            "net_income": 64164,
            "net_income_4q": null,
            "revenue": 575012,
            "revenue_4q": null,
            "common_shares": 2396194,
            "book_valuer_per_share": 8.04,
            "book_valuer_per_share_4q_avg": 7.61,
            "equity": 1925927,
            "current_ratio": 312.57,
            "debt_ratio": 39.86,
            "inventory_turnover_ratio": 0.86,
            "account_receivable_turnover_ratio": null,
            "reinvestment_rate": -332.78,
            "research_to_sale_ratio": null,
            "price_fair": 40.74,
            "eps_avg_yearly": 1.58,
            "eps_latest_yearly": 1.32,
            "eps_growth_yearly": 15.85
        },
        "20032": {
            "year_quarter": 20032,
            "year": 2003,
            "quarter": 2,
            "eps": 0.4,
            "eps_growth_year": -24.53,
            "eps_4q": 1.41,
            "eps_4q_growth_year": -22.1,
            "roe": 3.98,
            "roe_4q": 14.76,
            "gross_profit": 139770,
            "gross_margin": 17.45,
            "gross_margin_4q_avg": 19.31,
            "net_income": 78181,
            "net_income_4q": null,
            "revenue": 800989,
            "revenue_4q": null,
            "common_shares": 2396194,
            "book_valuer_per_share": 8.35,
            "book_valuer_per_share_4q_avg": 7.91,
            "equity": 2001285,
            "current_ratio": 281.49,
            "debt_ratio": 37.38,
            "inventory_turnover_ratio": 1.26,
            "account_receivable_turnover_ratio": null,
            "reinvestment_rate": -172.85,
            "research_to_sale_ratio": null,
            "price_fair": 55.3,
            "eps_avg_yearly": 1.58,
            "eps_latest_yearly": 1.6,
            "eps_growth_yearly": 27.35
        },
        "20033": {
            "year_quarter": 20033,
            "year": 2003,
            "quarter": 3,
            "eps": 0.17,
            "eps_growth_year": -34.62,
            "eps_4q": 1.33,
            "eps_4q_growth_year": -22.84,
            "roe": 1.65,
            "roe_4q": 13.55,
            "gross_profit": 103405,
            "gross_margin": 16.43,
            "gross_margin_4q_avg": 18.49,
            "net_income": 33052,
            "net_income_4q": null,
            "revenue": 629417,
            "revenue_4q": null,
            "common_shares": 2396194,
            "book_valuer_per_share": 8.35,
            "book_valuer_per_share_4q_avg": 8.13,
            "equity": 2000551,
            "current_ratio": 127.6,
            "debt_ratio": 33.13,
            "inventory_turnover_ratio": 1.13,
            "account_receivable_turnover_ratio": null,
            "reinvestment_rate": -74,
            "research_to_sale_ratio": null,
            "price_fair": 4.35,
            "eps_avg_yearly": 1.45,
            "eps_latest_yearly": 0.68,
            "eps_growth_yearly": -9.41
        },
        "20034": {
            "year_quarter": 20034,
            "year": 2003,
            "quarter": 4,
            "eps": 0.29,
            "eps_growth_year": -32.56,
            "eps_4q": 1.2,
            "eps_4q_growth_year": -26.69,
            "roe": 2.74,
            "roe_4q": 11.760000000000002,
            "gross_profit": 118603,
            "gross_margin": 17.58,
            "gross_margin_4q_avg": 17.7,
            "net_income": 55711,
            "net_income_4q": null,
            "revenue": 674783,
            "revenue_4q": null,
            "common_shares": 2398194,
            "book_valuer_per_share": 8.6,
            "book_valuer_per_share_4q_avg": 8.34,
            "equity": 2062206,
            "current_ratio": 183.71,
            "debt_ratio": 28.23,
            "inventory_turnover_ratio": 1.22,
            "account_receivable_turnover_ratio": null,
            "reinvestment_rate": -35.91,
            "research_to_sale_ratio": null,
            "price_fair": 49.53,
            "eps_avg_yearly": 1.42,
            "eps_latest_yearly": 1.16,
            "eps_growth_yearly": 27.06
        },
        "20041": {
            "year_quarter": 20041,
            "year": 2004,
            "quarter": 1,
            "eps": 0.25,
            "eps_growth_year": -24.24,
            "eps_4q": 1.11,
            "eps_4q_growth_year": -27.48,
            "roe": 2.32,
            "roe_4q": 10.690000000000001,
            "gross_profit": 94591,
            "gross_margin": 15.66,
            "gross_margin_4q_avg": 16.78,
            "net_income": 48320,
            "net_income_4q": null,
            "revenue": 603930,
            "revenue_4q": null,
            "common_shares": 2398194,
            "book_valuer_per_share": 8.75,
            "book_valuer_per_share_4q_avg": 8.51,
            "equity": 2097261,
            "current_ratio": 209.82,
            "debt_ratio": 26.8,
            "inventory_turnover_ratio": 1.12,
            "account_receivable_turnover_ratio": null,
            "reinvestment_rate": -33.24,
            "research_to_sale_ratio": null,
            "price_fair": 38.22,
            "eps_avg_yearly": 1.37,
            "eps_latest_yearly": 1,
            "eps_growth_yearly": 17.92
        },
        "20042": {
            "year_quarter": 20042,
            "year": 2004,
            "quarter": 2,
            "eps": 0.12,
            "eps_growth_year": -70,
            "eps_4q": 0.86,
            "eps_4q_growth_year": -39.14,
            "roe": 1.07,
            "roe_4q": 7.779999999999999,
            "gross_profit": 124443,
            "gross_margin": 16.94,
            "gross_margin_4q_avg": 16.65,
            "net_income": 22330,
            "net_income_4q": null,
            "revenue": 734641,
            "revenue_4q": null,
            "common_shares": 2398194,
            "book_valuer_per_share": 8.63,
            "book_valuer_per_share_4q_avg": 8.58,
            "equity": 2069027,
            "current_ratio": 190.44,
            "debt_ratio": 28.32,
            "inventory_turnover_ratio": 1.38,
            "account_receivable_turnover_ratio": null,
            "reinvestment_rate": -32.56,
            "research_to_sale_ratio": null,
            "price_fair": 3.84,
            "eps_avg_yearly": 1.28,
            "eps_latest_yearly": 0.48,
            "eps_growth_yearly": -4.67
        },
        "20043": {
            "year_quarter": 20043,
            "year": 2004,
            "quarter": 3,
            "eps": 0.16,
            "eps_growth_year": -5.88,
            "eps_4q": 0.83,
            "eps_4q_growth_year": -37.46,
            "roe": 1.46,
            "roe_4q": 7.59,
            "gross_profit": 60980,
            "gross_margin": 12.81,
            "gross_margin_4q_avg": 15.75,
            "net_income": 30169,
            "net_income_4q": null,
            "revenue": 476116,
            "revenue_4q": null,
            "common_shares": 2398194,
            "book_valuer_per_share": 8.66,
            "book_valuer_per_share_4q_avg": 8.66,
            "equity": 2077508,
            "current_ratio": 204.64,
            "debt_ratio": 27.15,
            "inventory_turnover_ratio": 0.92,
            "account_receivable_turnover_ratio": null,
            "reinvestment_rate": -30.39,
            "research_to_sale_ratio": null,
            "price_fair": 21.84,
            "eps_avg_yearly": 1.22,
            "eps_latest_yearly": 0.64,
            "eps_growth_yearly": 7.87
        },
        "20044": {
            "year_quarter": 20044,
            "year": 2004,
            "quarter": 4,
            "eps": -0.05,
            "eps_growth_year": -117.24,
            "eps_4q": 0.48,
            "eps_4q_growth_year": -60.1,
            "roe": -0.46,
            "roe_4q": 4.390000000000001,
            "gross_profit": 55443,
            "gross_margin": 9.72,
            "gross_margin_4q_avg": 13.78,
            "net_income": -9359,
            "net_income_4q": null,
            "revenue": 570144,
            "revenue_4q": null,
            "common_shares": 2301374,
            "book_valuer_per_share": 8.65,
            "book_valuer_per_share_4q_avg": 8.67,
            "equity": 1989646,
            "current_ratio": 216.07,
            "debt_ratio": 28.43,
            "inventory_turnover_ratio": 1.16,
            "account_receivable_turnover_ratio": null,
            "reinvestment_rate": -30.36,
            "research_to_sale_ratio": null,
            "price_fair": 21.84,
            "eps_avg_yearly": 1.22,
            "eps_latest_yearly": 0.64,
            "eps_growth_yearly": 7.87
        },
        "20051": {
            "year_quarter": 20051,
            "year": 2005,
            "quarter": 1,
            "eps": -0.32,
            "eps_growth_year": -228,
            "eps_4q": -0.08,
            "eps_4q_growth_year": -106.81,
            "roe": -2.91,
            "roe_4q": -0.8400000000000001,
            "gross_profit": 24664,
            "gross_margin": 6.57,
            "gross_margin_4q_avg": 11.51,
            "net_income": -56548,
            "net_income_4q": null,
            "revenue": 375455,
            "revenue_4q": null,
            "common_shares": 2301374,
            "book_valuer_per_share": 8.25,
            "book_valuer_per_share_4q_avg": 8.55,
            "equity": 1897959,
            "current_ratio": 169.73,
            "debt_ratio": 29.1,
            "inventory_turnover_ratio": 0.79,
            "account_receivable_turnover_ratio": null,
            "reinvestment_rate": -35.92,
            "research_to_sale_ratio": null,
            "price_fair": 21.84,
            "eps_avg_yearly": 1.22,
            "eps_latest_yearly": 0.64,
            "eps_growth_yearly": 7.87
        },
        "20052": {
            "year_quarter": 20052,
            "year": 2005,
            "quarter": 2,
            "eps": -0.22,
            "eps_growth_year": -283.33,
            "eps_4q": -0.34,
            "eps_4q_growth_year": -139.3,
            "roe": -2.08,
            "roe_4q": -3.99,
            "gross_profit": 20444,
            "gross_margin": 4.12,
            "gross_margin_4q_avg": 8.31,
            "net_income": -39050,
            "net_income_4q": null,
            "revenue": 496403,
            "revenue_4q": null,
            "common_shares": 2221374,
            "book_valuer_per_share": 8.37,
            "book_valuer_per_share_4q_avg": 8.48,
            "equity": 1860334,
            "current_ratio": 160.73,
            "debt_ratio": 28.54,
            "inventory_turnover_ratio": 1.11,
            "account_receivable_turnover_ratio": null,
            "reinvestment_rate": -37.81,
            "research_to_sale_ratio": null,
            "price_fair": 21.84,
            "eps_avg_yearly": 1.22,
            "eps_latest_yearly": 0.64,
            "eps_growth_yearly": 7.87
        },
        "20053": {
            "year_quarter": 20053,
            "year": 2005,
            "quarter": 3,
            "eps": 0.06,
            "eps_growth_year": -62.5,
            "eps_4q": -0.51,
            "eps_4q_growth_year": -161.05,
            "roe": 0.59,
            "roe_4q": -4.86,
            "gross_profit": 48863,
            "gross_margin": 11.28,
            "gross_margin_4q_avg": 7.92,
            "net_income": 11110,
            "net_income_4q": null,
            "revenue": 433330,
            "revenue_4q": null,
            "common_shares": 2221374,
            "book_valuer_per_share": 8.63,
            "book_valuer_per_share_4q_avg": 8.48,
            "equity": 1916477,
            "current_ratio": 178.72,
            "debt_ratio": 26.11,
            "inventory_turnover_ratio": 1.12,
            "account_receivable_turnover_ratio": null,
            "reinvestment_rate": -39.53,
            "research_to_sale_ratio": null,
            "price_fair": 21.84,
            "eps_avg_yearly": 1.22,
            "eps_latest_yearly": 0.64,
            "eps_growth_yearly": 7.87
        },
        "20054": {
            "year_quarter": 20054,
            "year": 2005,
            "quarter": 4,
            "eps": -2.62,
            "eps_growth_year": null,
            "eps_4q": -3.1,
            "eps_4q_growth_year": -745.83,
            "roe": -23.87,
            "roe_4q": -28.27,
            "gross_profit": 36691,
            "gross_margin": 10.17,
            "gross_margin_4q_avg": 8.04,
            "net_income": -459789,
            "net_income_4q": null,
            "revenue": 360841,
            "revenue_4q": null,
            "common_shares": 1755960,
            "book_valuer_per_share": 11.02,
            "book_valuer_per_share_4q_avg": 9.07,
            "equity": 1935557,
            "current_ratio": 259.22,
            "debt_ratio": 24.37,
            "inventory_turnover_ratio": 1.09,
            "account_receivable_turnover_ratio": null,
            "reinvestment_rate": -261.98,
            "research_to_sale_ratio": null,
            "price_fair": 21.84,
            "eps_avg_yearly": 1.22,
            "eps_latest_yearly": 0.64,
            "eps_growth_yearly": 7.87
        },
        "20061": {
            "year_quarter": 20061,
            "year": 2006,
            "quarter": 1,
            "eps": -0.19,
            "eps_growth_year": null,
            "eps_4q": -2.92,
            "eps_4q_growth_year": null,
            "roe": -1.77,
            "roe_4q": -27.130000000000003,
            "gross_profit": 16080,
            "gross_margin": 5.73,
            "gross_margin_4q_avg": 7.83,
            "net_income": -33963,
            "net_income_4q": null,
            "revenue": 280450,
            "revenue_4q": null,
            "common_shares": 1755960,
            "book_valuer_per_share": 10.79,
            "book_valuer_per_share_4q_avg": 9.7,
            "equity": 1895365,
            "current_ratio": 175.94,
            "debt_ratio": 25.05,
            "inventory_turnover_ratio": 0.85,
            "account_receivable_turnover_ratio": null,
            "reinvestment_rate": null,
            "research_to_sale_ratio": null,
            "price_fair": 20.8,
            "eps_avg_yearly": 1.18,
            "eps_latest_yearly": 0.64,
            "eps_growth_yearly": 7.69
        },
        "20062": {
            "year_quarter": 20062,
            "year": 2006,
            "quarter": 2,
            "eps": -0.03,
            "eps_growth_year": null,
            "eps_4q": -2.78,
            "eps_4q_growth_year": null,
            "roe": -0.31,
            "roe_4q": -25.360000000000003,
            "gross_profit": 46917,
            "gross_margin": 11.33,
            "gross_margin_4q_avg": 9.63,
            "net_income": -5821,
            "net_income_4q": null,
            "revenue": 414064,
            "revenue_4q": null,
            "common_shares": 1755960,
            "book_valuer_per_share": 10.77,
            "book_valuer_per_share_4q_avg": 10.3,
            "equity": 1891209,
            "current_ratio": 163.22,
            "debt_ratio": 25.21,
            "inventory_turnover_ratio": 1.11,
            "account_receivable_turnover_ratio": null,
            "reinvestment_rate": null,
            "research_to_sale_ratio": null,
            "price_fair": 3.21,
            "eps_avg_yearly": 1.07,
            "eps_latest_yearly": 0.64,
            "eps_growth_yearly": -3.1
        },
        "20063": {
            "year_quarter": 20063,
            "year": 2006,
            "quarter": 3,
            "eps": 0.06,
            "eps_growth_year": 0,
            "eps_4q": -2.85,
            "eps_4q_growth_year": null,
            "roe": 0.54,
            "roe_4q": -25.41,
            "gross_profit": 49280,
            "gross_margin": 12.59,
            "gross_margin_4q_avg": 9.96,
            "net_income": 10305,
            "net_income_4q": null,
            "revenue": 391575,
            "revenue_4q": null,
            "common_shares": 1755960,
            "book_valuer_per_share": 10.82,
            "book_valuer_per_share_4q_avg": 10.85,
            "equity": 1900106,
            "current_ratio": 173.27,
            "debt_ratio": 25.48,
            "inventory_turnover_ratio": 1.02,
            "account_receivable_turnover_ratio": null,
            "reinvestment_rate": null,
            "research_to_sale_ratio": null,
            "price_fair": 34.38,
            "eps_avg_yearly": 1.08,
            "eps_latest_yearly": 0.64,
            "eps_growth_yearly": 21.98
        },
        "20064": {
            "year_quarter": 20064,
            "year": 2006,
            "quarter": 4,
            "eps": -0.01,
            "eps_growth_year": null,
            "eps_4q": -0.59,
            "eps_4q_growth_year": null,
            "roe": -0.06,
            "roe_4q": -1.6,
            "gross_profit": 55785,
            "gross_margin": 15.21,
            "gross_margin_4q_avg": 11.22,
            "net_income": -1333,
            "net_income_4q": null,
            "revenue": 366779,
            "revenue_4q": null,
            "common_shares": 1755960,
            "book_valuer_per_share": 10.83,
            "book_valuer_per_share_4q_avg": 10.8,
            "equity": 2786447,
            "current_ratio": 174.14,
            "debt_ratio": 31.92,
            "inventory_turnover_ratio": 0.5,
            "account_receivable_turnover_ratio": null,
            "reinvestment_rate": null,
            "research_to_sale_ratio": null,
            "price_fair": 2.95,
            "eps_avg_yearly": 0.98,
            "eps_latest_yearly": 0.64,
            "eps_growth_yearly": -12.24
        },
        "20071": {
            "year_quarter": 20071,
            "year": 2007,
            "quarter": 1,
            "eps": -0.1,
            "eps_growth_year": null,
            "eps_4q": -0.08,
            "eps_4q_growth_year": null,
            "roe": -0.71,
            "roe_4q": -0.54,
            "gross_profit": 31407,
            "gross_margin": 11.11,
            "gross_margin_4q_avg": 12.56,
            "net_income": -16564,
            "net_income_4q": null,
            "revenue": 282576,
            "revenue_4q": null,
            "common_shares": 1755960,
            "book_valuer_per_share": 10.82,
            "book_valuer_per_share_4q_avg": 10.81,
            "equity": 1899775,
            "current_ratio": 99.54,
            "debt_ratio": 28.65,
            "inventory_turnover_ratio": 0.39,
            "account_receivable_turnover_ratio": null,
            "reinvestment_rate": null,
            "research_to_sale_ratio": null,
            "price_fair": 10.4,
            "eps_avg_yearly": 0.93,
            "eps_latest_yearly": 0.64,
            "eps_growth_yearly": 1.23
        },
        "20072": {
            "year_quarter": 20072,
            "year": 2007,
            "quarter": 2,
            "eps": 0.1,
            "eps_growth_year": null,
            "eps_4q": 0.06,
            "eps_4q_growth_year": null,
            "roe": 0.92,
            "roe_4q": 0.6900000000000002,
            "gross_profit": 63398,
            "gross_margin": 15.82,
            "gross_margin_4q_avg": 13.68,
            "net_income": 17537,
            "net_income_4q": null,
            "revenue": 400815,
            "revenue_4q": null,
            "common_shares": 1755960,
            "book_valuer_per_share": 10.95,
            "book_valuer_per_share_4q_avg": 10.86,
            "equity": 1923302,
            "current_ratio": 97.14,
            "debt_ratio": 30.78,
            "inventory_turnover_ratio": 0.84,
            "account_receivable_turnover_ratio": null,
            "reinvestment_rate": null,
            "research_to_sale_ratio": null,
            "price_fair": 2.38,
            "eps_avg_yearly": 0.79,
            "eps_latest_yearly": 0.64,
            "eps_growth_yearly": -15.5
        },
        "20073": {
            "year_quarter": 20073,
            "year": 2007,
            "quarter": 3,
            "eps": 0.07,
            "eps_growth_year": 16.67,
            "eps_4q": 0.07,
            "eps_4q_growth_year": null,
            "roe": 0.62,
            "roe_4q": 0.77,
            "gross_profit": 52112,
            "gross_margin": 11.98,
            "gross_margin_4q_avg": 13.53,
            "net_income": 11925,
            "net_income_4q": null,
            "revenue": 434878,
            "revenue_4q": null,
            "common_shares": 1755960,
            "book_valuer_per_share": 10.92,
            "book_valuer_per_share_4q_avg": 10.88,
            "equity": 1917702,
            "current_ratio": 93.34,
            "debt_ratio": 31.14,
            "inventory_turnover_ratio": 0.93,
            "account_receivable_turnover_ratio": null,
            "reinvestment_rate": null,
            "research_to_sale_ratio": null,
            "price_fair": 11.75,
            "eps_avg_yearly": 0.71,
            "eps_latest_yearly": 0.28,
            "eps_growth_yearly": 6.5
        },
        "20074": {
            "year_quarter": 20074,
            "year": 2007,
            "quarter": 4,
            "eps": 0.17,
            "eps_growth_year": null,
            "eps_4q": 0.25,
            "eps_4q_growth_year": null,
            "roe": 1.17,
            "roe_4q": 2,
            "gross_profit": 62293,
            "gross_margin": 14.67,
            "gross_margin_4q_avg": 13.4,
            "net_income": 27975,
            "net_income_4q": null,
            "revenue": 424691,
            "revenue_4q": null,
            "common_shares": 1755960,
            "book_valuer_per_share": 11.05,
            "book_valuer_per_share_4q_avg": 10.94,
            "equity": 2874563,
            "current_ratio": 159.86,
            "debt_ratio": 34.11,
            "inventory_turnover_ratio": 0.5,
            "account_receivable_turnover_ratio": null,
            "reinvestment_rate": null,
            "research_to_sale_ratio": null,
            "price_fair": 21.56,
            "eps_avg_yearly": 0.62,
            "eps_latest_yearly": 0.68,
            "eps_growth_yearly": 64.32
        },
        "20081": {
            "year_quarter": 20081,
            "year": 2008,
            "quarter": 1,
            "eps": -0.3,
            "eps_growth_year": null,
            "eps_4q": 0.04,
            "eps_4q_growth_year": null,
            "roe": -2.43,
            "roe_4q": 0.2799999999999998,
            "gross_profit": 90159,
            "gross_margin": 10.12,
            "gross_margin_4q_avg": 13.15,
            "net_income": -68454,
            "net_income_4q": null,
            "revenue": 891036,
            "revenue_4q": null,
            "common_shares": 1686930,
            "book_valuer_per_share": 11.11,
            "book_valuer_per_share_4q_avg": 11.01,
            "equity": 2767898,
            "current_ratio": 146.05,
            "debt_ratio": 37.46,
            "inventory_turnover_ratio": 0.74,
            "account_receivable_turnover_ratio": null,
            "reinvestment_rate": null,
            "research_to_sale_ratio": null,
            "price_fair": 18.2,
            "eps_avg_yearly": 0.52,
            "eps_latest_yearly": 0.68,
            "eps_growth_yearly": 94.19
        },
        "20082": {
            "year_quarter": 20082,
            "year": 2008,
            "quarter": 2,
            "eps": -0.07,
            "eps_growth_year": -170,
            "eps_4q": -0.12,
            "eps_4q_growth_year": -312.54,
            "roe": -0.15,
            "roe_4q": -0.7900000000000001,
            "gross_profit": 129276,
            "gross_margin": 14.45,
            "gross_margin_4q_avg": 12.81,
            "net_income": -4119,
            "net_income_4q": null,
            "revenue": 894831,
            "revenue_4q": null,
            "common_shares": 1686930,
            "book_valuer_per_share": 10.86,
            "book_valuer_per_share_4q_avg": 10.99,
            "equity": 2720621,
            "current_ratio": 143.86,
            "debt_ratio": 37.72,
            "inventory_turnover_ratio": 0.65,
            "account_receivable_turnover_ratio": null,
            "reinvestment_rate": null,
            "research_to_sale_ratio": null,
            "price_fair": 18.67,
            "eps_avg_yearly": 0.53,
            "eps_latest_yearly": 0.68,
            "eps_growth_yearly": 194.92
        },
        "20083": {
            "year_quarter": 20083,
            "year": 2008,
            "quarter": 3,
            "eps": -0.07,
            "eps_growth_year": -200,
            "eps_4q": -0.25,
            "eps_4q_growth_year": -475.61,
            "roe": -0.6,
            "roe_4q": -2.0100000000000002,
            "gross_profit": 99177,
            "gross_margin": 11.06,
            "gross_margin_4q_avg": 12.58,
            "net_income": -16465,
            "net_income_4q": null,
            "revenue": 896968,
            "revenue_4q": null,
            "common_shares": 1686930,
            "book_valuer_per_share": 10.94,
            "book_valuer_per_share_4q_avg": 10.99,
            "equity": 2781844,
            "current_ratio": 142.88,
            "debt_ratio": 38.52,
            "inventory_turnover_ratio": 0.66,
            "account_receivable_turnover_ratio": null,
            "reinvestment_rate": null,
            "research_to_sale_ratio": null,
            "price_fair": 16.8,
            "eps_avg_yearly": 0.48,
            "eps_latest_yearly": 0.68,
            "eps_growth_yearly": 225.71
        },
        "20084": {
            "year_quarter": 20084,
            "year": 2008,
            "quarter": 4,
            "eps": -0.37,
            "eps_growth_year": -317.65,
            "eps_4q": -0.78,
            "eps_4q_growth_year": -413.49,
            "roe": -1.73,
            "roe_4q": -4.91,
            "gross_profit": 106761,
            "gross_margin": 10.41,
            "gross_margin_4q_avg": 11.51,
            "net_income": -47919,
            "net_income_4q": null,
            "revenue": 1025311,
            "revenue_4q": null,
            "common_shares": 1648490,
            "book_valuer_per_share": 10.87,
            "book_valuer_per_share_4q_avg": 10.95,
            "equity": 2758427,
            "current_ratio": 141.54,
            "debt_ratio": 38.45,
            "inventory_turnover_ratio": 0.82,
            "account_receivable_turnover_ratio": 4.33,
            "reinvestment_rate": null,
            "research_to_sale_ratio": null,
            "price_fair": 16.8,
            "eps_avg_yearly": 0.48,
            "eps_latest_yearly": 0.68,
            "eps_growth_yearly": 225.71
        },
        "20091": {
            "year_quarter": 20091,
            "year": 2009,
            "quarter": 1,
            "eps": -0.04,
            "eps_growth_year": null,
            "eps_4q": -0.53,
            "eps_4q_growth_year": -1590.22,
            "roe": 0.24,
            "roe_4q": -2.2399999999999998,
            "gross_profit": 115704,
            "gross_margin": 17.23,
            "gross_margin_4q_avg": 13.29,
            "net_income": 6687,
            "net_income_4q": null,
            "revenue": 671567,
            "revenue_4q": null,
            "common_shares": 1648490,
            "book_valuer_per_share": 10.72,
            "book_valuer_per_share_4q_avg": 10.85,
            "equity": 2762808,
            "current_ratio": 153.28,
            "debt_ratio": 34.33,
            "inventory_turnover_ratio": 0.54,
            "account_receivable_turnover_ratio": 1.55,
            "reinvestment_rate": null,
            "research_to_sale_ratio": null,
            "price_fair": 16.8,
            "eps_avg_yearly": 0.48,
            "eps_latest_yearly": 0.68,
            "eps_growth_yearly": 225.71
        },
        "20092": {
            "year_quarter": 20092,
            "year": 2009,
            "quarter": 2,
            "eps": 0.17,
            "eps_growth_year": null,
            "eps_4q": -0.3,
            "eps_4q_growth_year": null,
            "roe": 1.04,
            "roe_4q": -1.0499999999999998,
            "gross_profit": 162082,
            "gross_margin": 17.91,
            "gross_margin_4q_avg": 14.15,
            "net_income": 28449,
            "net_income_4q": null,
            "revenue": 904920,
            "revenue_4q": null,
            "common_shares": 1568490,
            "book_valuer_per_share": 11.34,
            "book_valuer_per_share_4q_avg": 10.97,
            "equity": 2727824,
            "current_ratio": 147.07,
            "debt_ratio": 34.1,
            "inventory_turnover_ratio": 0.73,
            "account_receivable_turnover_ratio": 2.04,
            "reinvestment_rate": null,
            "research_to_sale_ratio": null,
            "price_fair": 16.8,
            "eps_avg_yearly": 0.48,
            "eps_latest_yearly": 0.68,
            "eps_growth_yearly": 225.71
        },
        "20093": {
            "year_quarter": 20093,
            "year": 2009,
            "quarter": 3,
            "eps": 0,
            "eps_growth_year": null,
            "eps_4q": -0.25,
            "eps_4q_growth_year": null,
            "roe": -0.19,
            "roe_4q": -0.6399999999999999,
            "gross_profit": 138118,
            "gross_margin": 17.22,
            "gross_margin_4q_avg": 15.69,
            "net_income": -5423,
            "net_income_4q": null,
            "revenue": 801934,
            "revenue_4q": null,
            "common_shares": 1568490,
            "book_valuer_per_share": 11.26,
            "book_valuer_per_share_4q_avg": 11.05,
            "equity": 2884177,
            "current_ratio": 130.72,
            "debt_ratio": 36.65,
            "inventory_turnover_ratio": 0.66,
            "account_receivable_turnover_ratio": 1.7,
            "reinvestment_rate": null,
            "research_to_sale_ratio": null,
            "price_fair": 16.8,
            "eps_avg_yearly": 0.48,
            "eps_latest_yearly": 0.68,
            "eps_growth_yearly": 225.71
        },
        "20094": {
            "year_quarter": 20094,
            "year": 2009,
            "quarter": 4,
            "eps": 0.1,
            "eps_growth_year": null,
            "eps_4q": 0.24,
            "eps_4q_growth_year": null,
            "roe": 0.73,
            "roe_4q": 1.82,
            "gross_profit": 172906,
            "gross_margin": 19.23,
            "gross_margin_4q_avg": 17.9,
            "net_income": 21174,
            "net_income_4q": null,
            "revenue": 899282,
            "revenue_4q": null,
            "common_shares": 1568490,
            "book_valuer_per_share": 11.59,
            "book_valuer_per_share_4q_avg": 11.23,
            "equity": 2892637,
            "current_ratio": 159.14,
            "debt_ratio": 35.61,
            "inventory_turnover_ratio": 0.69,
            "account_receivable_turnover_ratio": 3.56,
            "reinvestment_rate": null,
            "research_to_sale_ratio": null,
            "price_fair": 16.8,
            "eps_avg_yearly": 0.48,
            "eps_latest_yearly": 0.68,
            "eps_growth_yearly": 225.71
        },
        "20101": {
            "year_quarter": 20101,
            "year": 2010,
            "quarter": 1,
            "eps": -0.16,
            "eps_growth_year": null,
            "eps_4q": 0.11,
            "eps_4q_growth_year": null,
            "roe": -1.72,
            "roe_4q": -0.1399999999999999,
            "gross_profit": 95627,
            "gross_margin": 11.09,
            "gross_margin_4q_avg": 16.36,
            "net_income": -49223,
            "net_income_4q": null,
            "revenue": 862024,
            "revenue_4q": null,
            "common_shares": 1568490,
            "book_valuer_per_share": 11.39,
            "book_valuer_per_share_4q_avg": 11.4,
            "equity": 2833324,
            "current_ratio": 153.8,
            "debt_ratio": 37.43,
            "inventory_turnover_ratio": 0.66,
            "account_receivable_turnover_ratio": 1.66,
            "reinvestment_rate": null,
            "research_to_sale_ratio": 2.98,
            "price_fair": 16.8,
            "eps_avg_yearly": 0.48,
            "eps_latest_yearly": 0.68,
            "eps_growth_yearly": 225.71
        },
        "20102": {
            "year_quarter": 20102,
            "year": 2010,
            "quarter": 2,
            "eps": 0.2,
            "eps_growth_year": 17.56,
            "eps_4q": 0.14,
            "eps_4q_growth_year": null,
            "roe": 1.6,
            "roe_4q": 0.4200000000000001,
            "gross_profit": 197682,
            "gross_margin": 16.84,
            "gross_margin_4q_avg": 16.1,
            "net_income": 45702,
            "net_income_4q": null,
            "revenue": 1173545,
            "revenue_4q": null,
            "common_shares": 1568490,
            "book_valuer_per_share": 11.46,
            "book_valuer_per_share_4q_avg": 11.43,
            "equity": 2873280,
            "current_ratio": 143.25,
            "debt_ratio": 40.86,
            "inventory_turnover_ratio": 0.78,
            "account_receivable_turnover_ratio": 1.94,
            "reinvestment_rate": null,
            "research_to_sale_ratio": 2.2,
            "price_fair": 16.8,
            "eps_avg_yearly": 0.48,
            "eps_latest_yearly": 0.68,
            "eps_growth_yearly": 225.71
        },
        "20103": {
            "year_quarter": 20103,
            "year": 2010,
            "quarter": 3,
            "eps": 0.03,
            "eps_growth_year": null,
            "eps_4q": 0.16,
            "eps_4q_growth_year": null,
            "roe": -0.01,
            "roe_4q": 0.6000000000000001,
            "gross_profit": 163226,
            "gross_margin": 15.91,
            "gross_margin_4q_avg": 15.77,
            "net_income": -254,
            "net_income_4q": null,
            "revenue": 1025932,
            "revenue_4q": null,
            "common_shares": 1568490,
            "book_valuer_per_share": 11.42,
            "book_valuer_per_share_4q_avg": 11.47,
            "equity": 2846988,
            "current_ratio": 145.28,
            "debt_ratio": 40.46,
            "inventory_turnover_ratio": 0.64,
            "account_receivable_turnover_ratio": 1.62,
            "reinvestment_rate": null,
            "research_to_sale_ratio": 2.78,
            "price_fair": 12.6,
            "eps_avg_yearly": 0.36,
            "eps_latest_yearly": 0.12,
            "eps_growth_yearly": 37.14
        },
        "20104": {
            "year_quarter": 20104,
            "year": 2010,
            "quarter": 4,
            "eps": 0.1,
            "eps_growth_year": 1.22,
            "eps_4q": 0.17,
            "eps_4q_growth_year": -28.63,
            "roe": 0.95,
            "roe_4q": 0.8200000000000001,
            "gross_profit": 207166,
            "gross_margin": 17.12,
            "gross_margin_4q_avg": 15.24,
            "net_income": 26683,
            "net_income_4q": null,
            "revenue": 1209846,
            "revenue_4q": null,
            "common_shares": 1568490,
            "book_valuer_per_share": 11.27,
            "book_valuer_per_share_4q_avg": 11.39,
            "equity": 2777353,
            "current_ratio": 145.88,
            "debt_ratio": 41.33,
            "inventory_turnover_ratio": 0.72,
            "account_receivable_turnover_ratio": 1.91,
            "reinvestment_rate": null,
            "research_to_sale_ratio": 2.41,
            "price_fair": 12.95,
            "eps_avg_yearly": 0.37,
            "eps_latest_yearly": 0.4,
            "eps_growth_yearly": 261.19
        },
        "20111": {
            "year_quarter": 20111,
            "year": 2011,
            "quarter": 1,
            "eps": -0.15,
            "eps_growth_year": null,
            "eps_4q": 0.18,
            "eps_4q_growth_year": 65.85,
            "roe": -1.27,
            "roe_4q": 1.27,
            "gross_profit": 104678,
            "gross_margin": 10.42,
            "gross_margin_4q_avg": 15.07,
            "net_income": -35325,
            "net_income_4q": null,
            "revenue": 1004515,
            "revenue_4q": null,
            "common_shares": 1568490,
            "book_valuer_per_share": 11.18,
            "book_valuer_per_share_4q_avg": 11.33,
            "equity": 2766192,
            "current_ratio": 137.39,
            "debt_ratio": 45.17,
            "inventory_turnover_ratio": 0.61,
            "account_receivable_turnover_ratio": 1.48,
            "reinvestment_rate": null,
            "research_to_sale_ratio": 2.7,
            "price_fair": 12.95,
            "eps_avg_yearly": 0.37,
            "eps_latest_yearly": 0.4,
            "eps_growth_yearly": 261.19
        },
        "20112": {
            "year_quarter": 20112,
            "year": 2011,
            "quarter": 2,
            "eps": 0.18,
            "eps_growth_year": -10.21,
            "eps_4q": 0.16,
            "eps_4q_growth_year": 14.57,
            "roe": 1.46,
            "roe_4q": 1.13,
            "gross_profit": 180097,
            "gross_margin": 13.49,
            "gross_margin_4q_avg": 14.24,
            "net_income": 39230,
            "net_income_4q": null,
            "revenue": 1335056,
            "revenue_4q": null,
            "common_shares": 1568490,
            "book_valuer_per_share": 11.17,
            "book_valuer_per_share_4q_avg": 11.26,
            "equity": 2613766,
            "current_ratio": 130.08,
            "debt_ratio": 46.34,
            "inventory_turnover_ratio": 0.78,
            "account_receivable_turnover_ratio": 1.95,
            "reinvestment_rate": null,
            "research_to_sale_ratio": 2.13,
            "price_fair": 12.95,
            "eps_avg_yearly": 0.37,
            "eps_latest_yearly": 0.4,
            "eps_growth_yearly": 261.19
        },
        "20113": {
            "year_quarter": 20113,
            "year": 2011,
            "quarter": 3,
            "eps": 0,
            "eps_growth_year": -88.41,
            "eps_4q": 0.13,
            "eps_4q_growth_year": -19.88,
            "roe": -0.36,
            "roe_4q": 0.78,
            "gross_profit": 133661,
            "gross_margin": 11.79,
            "gross_margin_4q_avg": 13.21,
            "net_income": -9674,
            "net_income_4q": null,
            "revenue": 1133560,
            "revenue_4q": null,
            "common_shares": 1568490,
            "book_valuer_per_share": 11.43,
            "book_valuer_per_share_4q_avg": 11.26,
            "equity": 2690488,
            "current_ratio": 125.37,
            "debt_ratio": 47.81,
            "inventory_turnover_ratio": 0.68,
            "account_receivable_turnover_ratio": 1.67,
            "reinvestment_rate": null,
            "research_to_sale_ratio": 2.41,
            "price_fair": 14,
            "eps_avg_yearly": 0.4,
            "eps_latest_yearly": 0.4,
            "eps_growth_yearly": 388.25
        },
        "20114": {
            "year_quarter": 20114,
            "year": 2011,
            "quarter": 4,
            "eps": 0.21,
            "eps_growth_year": 107.41,
            "eps_4q": 0.23,
            "eps_4q_growth_year": 37.49,
            "roe": 1.98,
            "roe_4q": 1.81,
            "gross_profit": 206814,
            "gross_margin": 15.98,
            "gross_margin_4q_avg": 12.92,
            "net_income": 56830,
            "net_income_4q": null,
            "revenue": 1294369,
            "revenue_4q": null,
            "common_shares": 2274390,
            "book_valuer_per_share": 11.26,
            "book_valuer_per_share_4q_avg": 11.26,
            "equity": 3048429,
            "current_ratio": 136.81,
            "debt_ratio": 42.23,
            "inventory_turnover_ratio": 0.71,
            "account_receivable_turnover_ratio": 1.78,
            "reinvestment_rate": null,
            "research_to_sale_ratio": 2.06,
            "price_fair": 9.1,
            "eps_avg_yearly": 0.26,
            "eps_latest_yearly": 0.4,
            "eps_growth_yearly": 296.67
        },
        "20121": {
            "year_quarter": 20121,
            "year": 2012,
            "quarter": 1,
            "eps": 0.01,
            "eps_growth_year": null,
            "eps_4q": 0.35,
            "eps_4q_growth_year": 97.07,
            "roe": 0.08,
            "roe_4q": 3.16,
            "gross_profit": 139252,
            "gross_margin": 13.7,
            "gross_margin_4q_avg": 13.74,
            "net_income": 2155,
            "net_income_4q": null,
            "revenue": 1016632,
            "revenue_4q": null,
            "common_shares": 2274390,
            "book_valuer_per_share": 11.11,
            "book_valuer_per_share_4q_avg": 11.24,
            "equity": 2654948,
            "current_ratio": 128.18,
            "debt_ratio": 46.45,
            "inventory_turnover_ratio": 0.56,
            "account_receivable_turnover_ratio": 1.42,
            "reinvestment_rate": -471.46,
            "research_to_sale_ratio": 2.66,
            "price_fair": 6.53,
            "eps_avg_yearly": 0.19,
            "eps_latest_yearly": 0.04,
            "eps_growth_yearly": 70.79
        },
        "20122": {
            "year_quarter": 20122,
            "year": 2012,
            "quarter": 2,
            "eps": 0.03,
            "eps_growth_year": -84.51,
            "eps_4q": 0.25,
            "eps_4q_growth_year": 59.98,
            "roe": 0.27,
            "roe_4q": 1.9700000000000002,
            "gross_profit": 167876,
            "gross_margin": 14.02,
            "gross_margin_4q_avg": 13.87,
            "net_income": 7134,
            "net_income_4q": null,
            "revenue": 1197153,
            "revenue_4q": null,
            "common_shares": 2230800,
            "book_valuer_per_share": 10.98,
            "book_valuer_per_share_4q_avg": 11.2,
            "equity": 2625335,
            "current_ratio": 124.77,
            "debt_ratio": 46.17,
            "inventory_turnover_ratio": 0.67,
            "account_receivable_turnover_ratio": 1.82,
            "reinvestment_rate": -292.78,
            "research_to_sale_ratio": 2.27,
            "price_fair": 5.95,
            "eps_avg_yearly": 0.17,
            "eps_latest_yearly": 0.12,
            "eps_growth_yearly": 253.1
        },
        "20123": {
            "year_quarter": 20123,
            "year": 2012,
            "quarter": 3,
            "eps": 0,
            "eps_growth_year": 1.6,
            "eps_4q": 0.26,
            "eps_4q_growth_year": 96.21,
            "roe": -0.1,
            "roe_4q": 2.23,
            "gross_profit": 132228,
            "gross_margin": 13.8,
            "gross_margin_4q_avg": 14.38,
            "net_income": -2539,
            "net_income_4q": null,
            "revenue": 958232,
            "revenue_4q": null,
            "common_shares": 2230800,
            "book_valuer_per_share": 10.93,
            "book_valuer_per_share_4q_avg": 11.07,
            "equity": 2541792,
            "current_ratio": 122.72,
            "debt_ratio": 46.24,
            "inventory_turnover_ratio": 0.58,
            "account_receivable_turnover_ratio": 1.46,
            "reinvestment_rate": -294.88,
            "research_to_sale_ratio": 2.98,
            "price_fair": 5.95,
            "eps_avg_yearly": 0.17,
            "eps_latest_yearly": 0.12,
            "eps_growth_yearly": 253.1
        },
        "20124": {
            "year_quarter": 20124,
            "year": 2012,
            "quarter": 4,
            "eps": 0.25,
            "eps_growth_year": 19.02,
            "eps_4q": 0.29,
            "eps_4q_growth_year": 25.95,
            "roe": 2.16,
            "roe_4q": 2.41,
            "gross_profit": 218677,
            "gross_margin": 17.43,
            "gross_margin_4q_avg": 14.74,
            "net_income": 55258,
            "net_income_4q": null,
            "revenue": 1254930,
            "revenue_4q": null,
            "common_shares": 2168960,
            "book_valuer_per_share": 11.05,
            "book_valuer_per_share_4q_avg": 11.02,
            "equity": 2568690,
            "current_ratio": 124.35,
            "debt_ratio": 46.71,
            "inventory_turnover_ratio": 0.76,
            "account_receivable_turnover_ratio": 1.82,
            "reinvestment_rate": -116.47,
            "research_to_sale_ratio": 2.37,
            "price_fair": 5.95,
            "eps_avg_yearly": 0.17,
            "eps_latest_yearly": 0.12,
            "eps_growth_yearly": 253.1
        },
        "20131": {
            "year_quarter": 20131,
            "year": 2013,
            "quarter": 1,
            "eps": 0,
            "eps_growth_year": -100,
            "eps_4q": 0.29,
            "eps_4q_growth_year": -17.84,
            "roe": 0.02,
            "roe_4q": 2.35,
            "gross_profit": 119265,
            "gross_margin": 12.18,
            "gross_margin_4q_avg": 14.36,
            "net_income": 446,
            "net_income_4q": null,
            "revenue": 978909,
            "revenue_4q": null,
            "common_shares": 2168960,
            "book_valuer_per_share": 11.22,
            "book_valuer_per_share_4q_avg": 11.05,
            "equity": 2610641,
            "current_ratio": 124.15,
            "debt_ratio": 47.14,
            "inventory_turnover_ratio": 0.62,
            "account_receivable_turnover_ratio": 1.32,
            "reinvestment_rate": -24.73,
            "research_to_sale_ratio": 2.92,
            "price_fair": 5.95,
            "eps_avg_yearly": 0.17,
            "eps_latest_yearly": 0.12,
            "eps_growth_yearly": 253.1
        },
        "20132": {
            "year_quarter": 20132,
            "year": 2013,
            "quarter": 2,
            "eps": 0.01,
            "eps_growth_year": -64.02,
            "eps_4q": 0.27,
            "eps_4q_growth_year": 8.39,
            "roe": 0.1,
            "roe_4q": 2.18,
            "gross_profit": 123529,
            "gross_margin": 11.22,
            "gross_margin_4q_avg": 13.66,
            "net_income": 2570,
            "net_income_4q": null,
            "revenue": 1101449,
            "revenue_4q": null,
            "common_shares": 2168960,
            "book_valuer_per_share": 11.11,
            "book_valuer_per_share_4q_avg": 11.08,
            "equity": 2587342,
            "current_ratio": 122.97,
            "debt_ratio": 46.27,
            "inventory_turnover_ratio": 0.69,
            "account_receivable_turnover_ratio": 1.57,
            "reinvestment_rate": -37.01,
            "research_to_sale_ratio": 2.81,
            "price_fair": 5.95,
            "eps_avg_yearly": 0.17,
            "eps_latest_yearly": 0.12,
            "eps_growth_yearly": 253.1
        },
        "20133": {
            "year_quarter": 20133,
            "year": 2013,
            "quarter": 3,
            "eps": -0.11,
            "eps_growth_year": -3423.26,
            "eps_4q": 0.16,
            "eps_4q_growth_year": -38.55,
            "roe": -0.95,
            "roe_4q": 1.33,
            "gross_profit": 132438,
            "gross_margin": 12.07,
            "gross_margin_4q_avg": 13.23,
            "net_income": -24459,
            "net_income_4q": null,
            "revenue": 1097051,
            "revenue_4q": null,
            "common_shares": 2168960,
            "book_valuer_per_share": 10.94,
            "book_valuer_per_share_4q_avg": 11.08,
            "equity": 2547541,
            "current_ratio": 116.91,
            "debt_ratio": 50.09,
            "inventory_turnover_ratio": 0.66,
            "account_receivable_turnover_ratio": 1.54,
            "reinvestment_rate": -76.14,
            "research_to_sale_ratio": 2.85,
            "price_fair": 5.95,
            "eps_avg_yearly": 0.17,
            "eps_latest_yearly": 0.12,
            "eps_growth_yearly": 253.1
        },
        "20134": {
            "year_quarter": 20134,
            "year": 2013,
            "quarter": 4,
            "eps": -0.09,
            "eps_growth_year": -134.63,
            "eps_4q": -0.18,
            "eps_4q_growth_year": -161.15,
            "roe": -0.7,
            "roe_4q": -1.5299999999999998,
            "gross_profit": 164442,
            "gross_margin": 11.65,
            "gross_margin_4q_avg": 11.78,
            "net_income": -17948,
            "net_income_4q": null,
            "revenue": 1411630,
            "revenue_4q": null,
            "common_shares": 2168960,
            "book_valuer_per_share": 10.95,
            "book_valuer_per_share_4q_avg": 11.06,
            "equity": 2558870,
            "current_ratio": 110.8,
            "debt_ratio": 53.71,
            "inventory_turnover_ratio": 0.82,
            "account_receivable_turnover_ratio": 1.76,
            "reinvestment_rate": -1052.96,
            "research_to_sale_ratio": 2.69,
            "price_fair": 5.95,
            "eps_avg_yearly": 0.17,
            "eps_latest_yearly": 0.12,
            "eps_growth_yearly": 253.1
        },
        "20141": {
            "year_quarter": 20141,
            "year": 2014,
            "quarter": 1,
            "eps": 0.03,
            "eps_growth_year": null,
            "eps_4q": -0.15,
            "eps_4q_growth_year": -153.14,
            "roe": 0.09,
            "roe_4q": -1.46,
            "gross_profit": 161439,
            "gross_margin": 13.74,
            "gross_margin_4q_avg": 12.17,
            "net_income": 2368,
            "net_income_4q": null,
            "revenue": 1175205,
            "revenue_4q": null,
            "common_shares": 2168960,
            "book_valuer_per_share": 11.08,
            "book_valuer_per_share_4q_avg": 11.02,
            "equity": 2578753,
            "current_ratio": 111.33,
            "debt_ratio": 51.35,
            "inventory_turnover_ratio": 0.66,
            "account_receivable_turnover_ratio": 1.46,
            "reinvestment_rate": -658.94,
            "research_to_sale_ratio": 2.92,
            "price_fair": 5.95,
            "eps_avg_yearly": 0.17,
            "eps_latest_yearly": 0.12,
            "eps_growth_yearly": 253.1
        },
        "20142": {
            "year_quarter": 20142,
            "year": 2014,
            "quarter": 2,
            "eps": 0.12,
            "eps_growth_year": 1100,
            "eps_4q": -0.04,
            "eps_4q_growth_year": -116.39,
            "roe": 1.02,
            "roe_4q": -0.5399999999999998,
            "gross_profit": 156041,
            "gross_margin": 12.75,
            "gross_margin_4q_avg": 12.55,
            "net_income": 26650,
            "net_income_4q": null,
            "revenue": 1224287,
            "revenue_4q": null,
            "common_shares": 2168960,
            "book_valuer_per_share": 11.03,
            "book_valuer_per_share_4q_avg": 11,
            "equity": 2650151,
            "current_ratio": 110.18,
            "debt_ratio": 54.47,
            "inventory_turnover_ratio": 0.66,
            "account_receivable_turnover_ratio": 1.63,
            "reinvestment_rate": -684.83,
            "research_to_sale_ratio": 2.77,
            "price_fair": 8.12,
            "eps_avg_yearly": 0.23,
            "eps_latest_yearly": 0.48,
            "eps_growth_yearly": 442.48
        },
        "20143": {
            "year_quarter": 20143,
            "year": 2014,
            "quarter": 3,
            "eps": 0.03,
            "eps_growth_year": null,
            "eps_4q": 0.1,
            "eps_4q_growth_year": -38.25,
            "roe": 0.3,
            "roe_4q": 0.7100000000000002,
            "gross_profit": 160767,
            "gross_margin": 11.5,
            "gross_margin_4q_avg": 12.41,
            "net_income": 7968,
            "net_income_4q": null,
            "revenue": 1397637,
            "revenue_4q": null,
            "common_shares": 2168960,
            "book_valuer_per_share": 11.17,
            "book_valuer_per_share_4q_avg": 11.06,
            "equity": 2703950,
            "current_ratio": 104.34,
            "debt_ratio": 56.75,
            "inventory_turnover_ratio": 0.73,
            "account_receivable_turnover_ratio": 1.63,
            "reinvestment_rate": -557.07,
            "research_to_sale_ratio": 2.41,
            "price_fair": 8.12,
            "eps_avg_yearly": 0.23,
            "eps_latest_yearly": 0.12,
            "eps_growth_yearly": 450.48
        },
        "20144": {
            "year_quarter": 20144,
            "year": 2014,
            "quarter": 4,
            "eps": 3.94,
            "eps_growth_year": null,
            "eps_4q": 4.13,
            "eps_4q_growth_year": null,
            "roe": 26.41,
            "roe_4q": 27.82,
            "gross_profit": 328135,
            "gross_margin": 17.39,
            "gross_margin_4q_avg": 13.85,
            "net_income": 854118,
            "net_income_4q": null,
            "revenue": 1887445,
            "revenue_4q": null,
            "common_shares": 2168960,
            "book_valuer_per_share": 15.1,
            "book_valuer_per_share_4q_avg": 12.1,
            "equity": 3763989,
            "current_ratio": 118.4,
            "debt_ratio": 53.1,
            "inventory_turnover_ratio": 0.86,
            "account_receivable_turnover_ratio": 1.82,
            "reinvestment_rate": -36.5,
            "research_to_sale_ratio": 2.27,
            "price_fair": 115.64,
            "eps_avg_yearly": 3.3,
            "eps_latest_yearly": 15.76,
            "eps_growth_yearly": 10690.48
        },
        "20151": {
            "year_quarter": 20151,
            "year": 2015,
            "quarter": 1,
            "eps": 0.28,
            "eps_growth_year": 833.33,
            "eps_4q": 4.43,
            "eps_4q_growth_year": null,
            "roe": 2.11,
            "roe_4q": 29.84,
            "gross_profit": 291238,
            "gross_margin": 18.48,
            "gross_margin_4q_avg": 15.03,
            "net_income": 80139,
            "net_income_4q": null,
            "revenue": 1576218,
            "revenue_4q": null,
            "common_shares": 2168960,
            "book_valuer_per_share": 15.46,
            "book_valuer_per_share_4q_avg": 13.19,
            "equity": 3815640,
            "current_ratio": 120.77,
            "debt_ratio": 49.68,
            "inventory_turnover_ratio": 0.66,
            "account_receivable_turnover_ratio": 1.47,
            "reinvestment_rate": -46.41,
            "research_to_sale_ratio": 2.25,
            "price_fair": 102.9,
            "eps_avg_yearly": 2.94,
            "eps_latest_yearly": 1.12,
            "eps_growth_yearly": 8846.8
        },
        "20152": {
            "year_quarter": 20152,
            "year": 2015,
            "quarter": 2,
            "eps": 0.32,
            "eps_growth_year": 166.67,
            "eps_4q": 4.28,
            "eps_4q_growth_year": null,
            "roe": 2.74,
            "roe_4q": 31.56,
            "gross_profit": 271349,
            "gross_margin": 17.29,
            "gross_margin_4q_avg": 16.17,
            "net_income": 105618,
            "net_income_4q": null,
            "revenue": 1569720,
            "revenue_4q": null,
            "common_shares": 2221585,
            "book_valuer_per_share": 15.2,
            "book_valuer_per_share_4q_avg": 14.23,
            "equity": 3899165,
            "current_ratio": 125.99,
            "debt_ratio": 50.09,
            "inventory_turnover_ratio": 0.65,
            "account_receivable_turnover_ratio": 1.5,
            "reinvestment_rate": -26.99,
            "research_to_sale_ratio": 2.34,
            "price_fair": 94.6,
            "eps_avg_yearly": 2.7,
            "eps_latest_yearly": 1.28,
            "eps_growth_yearly": 7591.14
        },
        "20153": {
            "year_quarter": 20153,
            "year": 2015,
            "quarter": 3,
            "eps": 0.39,
            "eps_growth_year": 1200,
            "eps_4q": 4.62,
            "eps_4q_growth_year": 4621.49,
            "roe": 2.6,
            "roe_4q": 33.86,
            "gross_profit": 313100,
            "gross_margin": 17.52,
            "gross_margin_4q_avg": 17.67,
            "net_income": 103843,
            "net_income_4q": null,
            "revenue": 1787156,
            "revenue_4q": null,
            "common_shares": 2337762,
            "book_valuer_per_share": 15.04,
            "book_valuer_per_share_4q_avg": 15.2,
            "equity": 4079129,
            "current_ratio": 121.91,
            "debt_ratio": 51.35,
            "inventory_turnover_ratio": 0.7,
            "account_receivable_turnover_ratio": 1.53,
            "reinvestment_rate": -14.95,
            "research_to_sale_ratio": 2.33,
            "price_fair": 89.6,
            "eps_avg_yearly": 2.56,
            "eps_latest_yearly": 1.56,
            "eps_growth_yearly": 6653.18
        },
        "20154": {
            "year_quarter": 20154,
            "year": 2015,
            "quarter": 4,
            "eps": 0.43,
            "eps_growth_year": -89.16,
            "eps_4q": 1.34,
            "eps_4q_growth_year": -67.43,
            "roe": 2.59,
            "roe_4q": 10.04,
            "gross_profit": 435200,
            "gross_margin": 19.83,
            "gross_margin_4q_avg": 18.28,
            "net_income": 108266,
            "net_income_4q": null,
            "revenue": 2194810,
            "revenue_4q": null,
            "common_shares": 2407222,
            "book_valuer_per_share": 15.35,
            "book_valuer_per_share_4q_avg": 15.26,
            "equity": 4281677,
            "current_ratio": 121.01,
            "debt_ratio": 53.25,
            "inventory_turnover_ratio": 0.83,
            "account_receivable_turnover_ratio": 1.63,
            "reinvestment_rate": 96.13,
            "research_to_sale_ratio": 2.01,
            "price_fair": 86.33,
            "eps_avg_yearly": 2.47,
            "eps_latest_yearly": 1.72,
            "eps_growth_yearly": 5918.5
        },
        "20161": {
            "year_quarter": 20161,
            "year": 2016,
            "quarter": 1,
            "eps": 0.4,
            "eps_growth_year": 42.86,
            "eps_4q": 1.45,
            "eps_4q_growth_year": -67.31,
            "roe": 2.48,
            "roe_4q": 10.41,
            "gross_profit": 338411,
            "gross_margin": 18.26,
            "gross_margin_4q_avg": 18.23,
            "net_income": 108570,
            "net_income_4q": null,
            "revenue": 1853720,
            "revenue_4q": null,
            "common_shares": 2443823,
            "book_valuer_per_share": 15.77,
            "book_valuer_per_share_4q_avg": 15.34,
            "equity": 4477279,
            "current_ratio": 117.59,
            "debt_ratio": 51.58,
            "inventory_turnover_ratio": 0.74,
            "account_receivable_turnover_ratio": 1.33,
            "reinvestment_rate": 97.14,
            "research_to_sale_ratio": 2.29,
            "price_fair": 92.4,
            "eps_avg_yearly": 2.64,
            "eps_latest_yearly": 1.6,
            "eps_growth_yearly": 5957.72
        },
        "20162": {
            "year_quarter": 20162,
            "year": 2016,
            "quarter": 2,
            "eps": 0.26,
            "eps_growth_year": -18.75,
            "eps_4q": 1.31,
            "eps_4q_growth_year": -69.43,
            "roe": 1.75,
            "roe_4q": 9.42,
            "gross_profit": 307882,
            "gross_margin": 18.01,
            "gross_margin_4q_avg": 18.41,
            "net_income": 80186,
            "net_income_4q": null,
            "revenue": 1709111,
            "revenue_4q": null,
            "common_shares": 2745278,
            "book_valuer_per_share": 14.94,
            "book_valuer_per_share_4q_avg": 15.28,
            "equity": 4709586,
            "current_ratio": 122.96,
            "debt_ratio": 48.65,
            "inventory_turnover_ratio": 0.68,
            "account_receivable_turnover_ratio": 1.31,
            "reinvestment_rate": 96.16,
            "research_to_sale_ratio": 2.44,
            "price_fair": 95.98,
            "eps_avg_yearly": 2.74,
            "eps_latest_yearly": 1.04,
            "eps_growth_yearly": 5853.28
        },
        "20163": {
            "year_quarter": 20163,
            "year": 2016,
            "quarter": 3,
            "eps": 0.32,
            "eps_growth_year": -17.95,
            "eps_4q": 1.28,
            "eps_4q_growth_year": -72.24,
            "roe": 2.21,
            "roe_4q": 9.03,
            "gross_profit": 369159,
            "gross_margin": 20.6,
            "gross_margin_4q_avg": 19.18,
            "net_income": 105044,
            "net_income_4q": null,
            "revenue": 1791785,
            "revenue_4q": null,
            "common_shares": 2776816,
            "book_valuer_per_share": 15.03,
            "book_valuer_per_share_4q_avg": 15.27,
            "equity": 4791598,
            "current_ratio": 121.86,
            "debt_ratio": 49.02,
            "inventory_turnover_ratio": 0.67,
            "account_receivable_turnover_ratio": 1.36,
            "reinvestment_rate": 95.22,
            "research_to_sale_ratio": 2.21,
            "price_fair": 90.86,
            "eps_avg_yearly": 2.6,
            "eps_latest_yearly": 1.28,
            "eps_growth_yearly": 5277.18
        },
        "20164": {
            "year_quarter": 20164,
            "year": 2016,
            "quarter": 4,
            "eps": 0.47,
            "eps_growth_year": 10.66,
            "eps_4q": 1.39,
            "eps_4q_growth_year": 3.05,
            "roe": 3.05,
            "roe_4q": 9.49,
            "gross_profit": 403549,
            "gross_margin": 18.38,
            "gross_margin_4q_avg": 18.81,
            "net_income": 148434,
            "net_income_4q": null,
            "revenue": 2195866,
            "revenue_4q": null,
            "common_shares": 2776816,
            "book_valuer_per_share": 15.46,
            "book_valuer_per_share_4q_avg": 15.3,
            "equity": 4939128,
            "current_ratio": 117.89,
            "debt_ratio": 55.47,
            "inventory_turnover_ratio": 0.87,
            "account_receivable_turnover_ratio": 1.48,
            "reinvestment_rate": 131.48,
            "research_to_sale_ratio": 1.92,
            "price_fair": 88.58,
            "eps_avg_yearly": 2.53,
            "eps_latest_yearly": 1.88,
            "eps_growth_yearly": 4814.48
        },
        "20171": {
            "year_quarter": 20171,
            "year": 2017,
            "quarter": 1,
            "eps": 0.35,
            "eps_growth_year": -12.5,
            "eps_4q": 1.39,
            "eps_4q_growth_year": -3.97,
            "roe": 2.35,
            "roe_4q": 9.36,
            "gross_profit": 370973,
            "gross_margin": 20.27,
            "gross_margin_4q_avg": 19.32,
            "net_income": 114868,
            "net_income_4q": null,
            "revenue": 1829734,
            "revenue_4q": null,
            "common_shares": 2776816,
            "book_valuer_per_share": 15.09,
            "book_valuer_per_share_4q_avg": 15.13,
            "equity": 4840072,
            "current_ratio": 103.53,
            "debt_ratio": 55.89,
            "inventory_turnover_ratio": 0.74,
            "account_receivable_turnover_ratio": 1.21,
            "reinvestment_rate": 160.49,
            "research_to_sale_ratio": 2.19,
            "price_fair": 85.28,
            "eps_avg_yearly": 2.44,
            "eps_latest_yearly": 1.4,
            "eps_growth_yearly": 4404.77
        },
        "20172": {
            "year_quarter": 20172,
            "year": 2017,
            "quarter": 2,
            "eps": 0.26,
            "eps_growth_year": 0,
            "eps_4q": 1.34,
            "eps_4q_growth_year": 2.36,
            "roe": 1.85,
            "roe_4q": 9.46,
            "gross_profit": 335439,
            "gross_margin": 18.59,
            "gross_margin_4q_avg": 19.46,
            "net_income": 85296,
            "net_income_4q": null,
            "revenue": 1804197,
            "revenue_4q": null,
            "common_shares": 2776816,
            "book_valuer_per_share": 13.57,
            "book_valuer_per_share_4q_avg": 14.79,
            "equity": 4404826,
            "current_ratio": 105.9,
            "debt_ratio": 64.05,
            "inventory_turnover_ratio": 0.72,
            "account_receivable_turnover_ratio": 1.24,
            "reinvestment_rate": 183.81,
            "research_to_sale_ratio": 2.36,
            "price_fair": 81.52,
            "eps_avg_yearly": 2.33,
            "eps_latest_yearly": 1.04,
            "eps_growth_yearly": 4058.03
        },
        "20173": {
            "year_quarter": 20173,
            "year": 2017,
            "quarter": 3,
            "eps": 0.32,
            "eps_growth_year": 0,
            "eps_4q": 1.21,
            "eps_4q_growth_year": -5.53,
            "roe": 2.19,
            "roe_4q": 9.440000000000001,
            "gross_profit": 330613,
            "gross_margin": 17.28,
            "gross_margin_4q_avg": 18.63,
            "net_income": 109173,
            "net_income_4q": null,
            "revenue": 1913415,
            "revenue_4q": null,
            "common_shares": 3345657,
            "book_valuer_per_share": 14.65,
            "book_valuer_per_share_4q_avg": 14.69,
            "equity": 5553761,
            "current_ratio": 119.8,
            "debt_ratio": 57.24,
            "inventory_turnover_ratio": 0.71,
            "account_receivable_turnover_ratio": 1.31,
            "reinvestment_rate": 183.41,
            "research_to_sale_ratio": 2.14,
            "price_fair": 78.9,
            "eps_avg_yearly": 2.25,
            "eps_latest_yearly": 1.28,
            "eps_growth_yearly": 3774.76
        },
        "20174": {
            "year_quarter": 20174,
            "year": 2017,
            "quarter": 4,
            "eps": 0.29,
            "eps_growth_year": -38.41,
            "eps_4q": 1.11,
            "eps_4q_growth_year": -19.84,
            "roe": 1.88,
            "roe_4q": 8.27,
            "gross_profit": 456308,
            "gross_margin": 19.12,
            "gross_margin_4q_avg": 18.82,
            "net_income": 105224,
            "net_income_4q": null,
            "revenue": 2386086,
            "revenue_4q": null,
            "common_shares": 3345657,
            "book_valuer_per_share": 14.84,
            "book_valuer_per_share_4q_avg": 14.54,
            "equity": 5630158,
            "current_ratio": 119.17,
            "debt_ratio": 59.79,
            "inventory_turnover_ratio": 0.81,
            "account_receivable_turnover_ratio": 1.49,
            "reinvestment_rate": 191.16,
            "research_to_sale_ratio": 2.05,
            "price_fair": 76.35,
            "eps_avg_yearly": 2.18,
            "eps_latest_yearly": 1.16,
            "eps_growth_yearly": 3520.61
        },
        "20181": {
            "year_quarter": 20181,
            "year": 2018,
            "quarter": 1,
            "eps": -0.09,
            "eps_growth_year": -125.71,
            "eps_4q": 0.73,
            "eps_4q_growth_year": -47.41,
            "roe": -0.15,
            "roe_4q": 5.77,
            "gross_profit": 303155,
            "gross_margin": 15.12,
            "gross_margin_4q_avg": 17.53,
            "net_income": -8656,
            "net_income_4q": null,
            "revenue": 2005111,
            "revenue_4q": null,
            "common_shares": 3345657,
            "book_valuer_per_share": 14.65,
            "book_valuer_per_share_4q_avg": 14.43,
            "equity": 5584159,
            "current_ratio": 119,
            "debt_ratio": 61.3,
            "inventory_turnover_ratio": 0.67,
            "account_receivable_turnover_ratio": 1.19,
            "reinvestment_rate": 188.97,
            "research_to_sale_ratio": 2.66,
            "price_fair": 76.35,
            "eps_avg_yearly": 2.18,
            "eps_latest_yearly": 1.16,
            "eps_growth_yearly": 3520.61
        },
        "20182": {
            "year_quarter": 20182,
            "year": 2018,
            "quarter": 2,
            "eps": 0.38,
            "eps_growth_year": 46.15,
            "eps_4q": 0.9,
            "eps_4q_growth_year": -32.92,
            "roe": 2.45,
            "roe_4q": 6.369999999999999,
            "gross_profit": 345667,
            "gross_margin": 15.92,
            "gross_margin_4q_avg": 16.86,
            "net_income": 130978,
            "net_income_4q": null,
            "revenue": 2170816,
            "revenue_4q": null,
            "common_shares": 3345657,
            "book_valuer_per_share": 13.16,
            "book_valuer_per_share_4q_avg": 14.33,
            "equity": 5118355,
            "current_ratio": 110.52,
            "debt_ratio": 67.38,
            "inventory_turnover_ratio": 0.65,
            "account_receivable_turnover_ratio": 1.33,
            "reinvestment_rate": 209.55,
            "research_to_sale_ratio": 2.63,
            "price_fair": 80.6,
            "eps_avg_yearly": 2.3,
            "eps_latest_yearly": 1.16,
            "eps_growth_yearly": 3686.37
        },
        "20183": {
            "year_quarter": 20183,
            "year": 2018,
            "quarter": 3,
            "eps": 0.15,
            "eps_growth_year": -53.12,
            "eps_4q": 0.74,
            "eps_4q_growth_year": -39.15,
            "roe": 1.14,
            "roe_4q": 5.32,
            "gross_profit": 383608,
            "gross_margin": 16.11,
            "gross_margin_4q_avg": 16.57,
            "net_income": 58144,
            "net_income_4q": null,
            "revenue": 2381168,
            "revenue_4q": null,
            "common_shares": 3345657,
            "book_valuer_per_share": 13.02,
            "book_valuer_per_share_4q_avg": 13.92,
            "equity": 5076656,
            "current_ratio": 111.83,
            "debt_ratio": 68.48,
            "inventory_turnover_ratio": 0.68,
            "account_receivable_turnover_ratio": 1.36,
            "reinvestment_rate": 208.58,
            "research_to_sale_ratio": 2.33,
            "price_fair": 81.8,
            "eps_avg_yearly": 2.34,
            "eps_latest_yearly": 0.6,
            "eps_growth_yearly": 3690.5
        },
        "20184": {
            "year_quarter": 20184,
            "year": 2018,
            "quarter": 4,
            "eps": 0.16,
            "eps_growth_year": -44.93,
            "eps_4q": 0.61,
            "eps_4q_growth_year": -45.41,
            "roe": 1.42,
            "roe_4q": 4.859999999999999,
            "gross_profit": 431909,
            "gross_margin": 16.77,
            "gross_margin_4q_avg": 15.98,
            "net_income": 73293,
            "net_income_4q": null,
            "revenue": 2575306,
            "revenue_4q": null,
            "common_shares": 3345657,
            "book_valuer_per_share": 13.27,
            "book_valuer_per_share_4q_avg": 13.53,
            "equity": 5221209,
            "current_ratio": 87.75,
            "debt_ratio": 68.59,
            "inventory_turnover_ratio": 0.74,
            "account_receivable_turnover_ratio": 1.32,
            "reinvestment_rate": 332.54,
            "research_to_sale_ratio": 2.39,
            "price_fair": 3.77,
            "eps_avg_yearly": 1.26,
            "eps_latest_yearly": 0.64,
            "eps_growth_yearly": -31.4
        },
        "20191": {
            "year_quarter": 20191,
            "year": 2019,
            "quarter": 1,
            "eps": 0.31,
            "eps_growth_year": null,
            "eps_4q": 1,
            "eps_4q_growth_year": 36.75,
            "roe": 1.98,
            "roe_4q": 6.99,
            "gross_profit": 420983,
            "gross_margin": 18.04,
            "gross_margin_4q_avg": 16.71,
            "net_income": 105590,
            "net_income_4q": null,
            "revenue": 2333580,
            "revenue_4q": null,
            "common_shares": 3345657,
            "book_valuer_per_share": 13.77,
            "book_valuer_per_share_4q_avg": 13.31,
            "equity": 5417390,
            "current_ratio": 115.66,
            "debt_ratio": 68.53,
            "inventory_turnover_ratio": 0.67,
            "account_receivable_turnover_ratio": 1.19,
            "reinvestment_rate": 352.84,
            "research_to_sale_ratio": 2.29,
            "price_fair": 40.41,
            "eps_avg_yearly": 1.27,
            "eps_latest_yearly": 1.24,
            "eps_growth_yearly": 21.93
        },
        "20192": {
            "year_quarter": 20192,
            "year": 2019,
            "quarter": 2,
            "eps": 0.55,
            "eps_growth_year": 44.74,
            "eps_4q": 1.17,
            "eps_4q_growth_year": 30.05,
            "roe": 3.79,
            "roe_4q": 8.33,
            "gross_profit": 432613,
            "gross_margin": 17.34,
            "gross_margin_4q_avg": 17.07,
            "net_income": 199182,
            "net_income_4q": null,
            "revenue": 2494786,
            "revenue_4q": null,
            "common_shares": 3345657,
            "book_valuer_per_share": 12.75,
            "book_valuer_per_share_4q_avg": 13.2,
            "equity": 5101488,
            "current_ratio": 113.32,
            "debt_ratio": 71.02,
            "inventory_turnover_ratio": 0.68,
            "account_receivable_turnover_ratio": 1.37,
            "reinvestment_rate": 312.19,
            "research_to_sale_ratio": 2.24,
            "price_fair": 46.6,
            "eps_avg_yearly": 1.33,
            "eps_latest_yearly": 2.2,
            "eps_growth_yearly": 39.96
        },
        "20193": {
            "year_quarter": 20193,
            "year": 2019,
            "quarter": 3,
            "eps": 0.38,
            "eps_growth_year": 153.33,
            "eps_4q": 1.22,
            "eps_4q_growth_year": 65.54,
            "roe": 2.53,
            "roe_4q": 9.72,
            "gross_profit": 543590,
            "gross_margin": 19.1,
            "gross_margin_4q_avg": 17.81,
            "net_income": 144057,
            "net_income_4q": null,
            "revenue": 2845382,
            "revenue_4q": null,
            "common_shares": 3845657,
            "book_valuer_per_share": 14.15,
            "book_valuer_per_share_4q_avg": 13.49,
            "equity": 6272856,
            "current_ratio": 121.4,
            "debt_ratio": 66.04,
            "inventory_turnover_ratio": 0.71,
            "account_receivable_turnover_ratio": 1.45,
            "reinvestment_rate": 288.48,
            "research_to_sale_ratio": 1.96,
            "price_fair": 46.34,
            "eps_avg_yearly": 1.33,
            "eps_latest_yearly": 1.52,
            "eps_growth_yearly": 24.88
        },
        "20194": {
            "year_quarter": 20194,
            "year": 2019,
            "quarter": 4,
            "eps": 0.37,
            "eps_growth_year": 133.52,
            "eps_4q": 1.46,
            "eps_4q_growth_year": 140.09,
            "roe": 2.64,
            "roe_4q": 10.940000000000001,
            "gross_profit": 657231,
            "gross_margin": 20.25,
            "gross_margin_4q_avg": 18.68,
            "net_income": 165634,
            "net_income_4q": null,
            "revenue": 3245976,
            "revenue_4q": null,
            "common_shares": 3845657,
            "book_valuer_per_share": 14.28,
            "book_valuer_per_share_4q_avg": 13.74,
            "equity": 6268181,
            "current_ratio": 120.12,
            "debt_ratio": 66.63,
            "inventory_turnover_ratio": 0.78,
            "account_receivable_turnover_ratio": 1.51,
            "reinvestment_rate": 254.82,
            "research_to_sale_ratio": 2.06,
            "price_fair": 40.92,
            "eps_avg_yearly": 1.31,
            "eps_latest_yearly": 1.48,
            "eps_growth_yearly": 21.2
        },
        "20201": {
            "year_quarter": 20201,
            "year": 2020,
            "quarter": 1,
            "eps": 0.17,
            "eps_growth_year": -45.16,
            "eps_4q": 1.36,
            "eps_4q_growth_year": 35.68,
            "roe": 1,
            "roe_4q": 9.96,
            "gross_profit": 473516,
            "gross_margin": 18.43,
            "gross_margin_4q_avg": 18.78,
            "net_income": 63079,
            "net_income_4q": null,
            "revenue": 2568614,
            "revenue_4q": null,
            "common_shares": 3845657,
            "book_valuer_per_share": 14.37,
            "book_valuer_per_share_4q_avg": 13.89,
            "equity": 6380464,
            "current_ratio": 117.33,
            "debt_ratio": 66.45,
            "inventory_turnover_ratio": 0.62,
            "account_receivable_turnover_ratio": 1.25,
            "reinvestment_rate": 262.14,
            "research_to_sale_ratio": 2,
            "price_fair": 22.11,
            "eps_avg_yearly": 1.25,
            "eps_latest_yearly": 0.68,
            "eps_growth_yearly": 7.75
        },
        "20202": {
            "year_quarter": 20202,
            "year": 2020,
            "quarter": 2,
            "eps": -0.6,
            "eps_growth_year": -209.09,
            "eps_4q": 0.28,
            "eps_4q_growth_year": -75.88,
            "roe": -3.49,
            "roe_4q": 2.6799999999999997,
            "gross_profit": 119957,
            "gross_margin": 8.05,
            "gross_margin_4q_avg": 16.46,
            "net_income": -208966,
            "net_income_4q": null,
            "revenue": 1490505,
            "revenue_4q": null,
            "common_shares": 3845657,
            "book_valuer_per_share": 12.34,
            "book_valuer_per_share_4q_avg": 13.79,
            "equity": 5578142,
            "current_ratio": 105.26,
            "debt_ratio": 69.58,
            "inventory_turnover_ratio": 0.4,
            "account_receivable_turnover_ratio": 0.98,
            "reinvestment_rate": 314.42,
            "research_to_sale_ratio": 3.28,
            "price_fair": 36.73,
            "eps_avg_yearly": 1.26,
            "eps_latest_yearly": 0.68,
            "eps_growth_yearly": 19.11
        },
        "20203": {
            "year_quarter": 20203,
            "year": 2020,
            "quarter": 3,
            "eps": 0.1,
            "eps_growth_year": -73.68,
            "eps_4q": 0.05,
            "eps_4q_growth_year": -96.13,
            "roe": 0.61,
            "roe_4q": 0.7599999999999998,
            "gross_profit": 259216,
            "gross_margin": 13.15,
            "gross_margin_4q_avg": 14.97,
            "net_income": 34029,
            "net_income_4q": null,
            "revenue": 1971294,
            "revenue_4q": null,
            "common_shares": 3845657,
            "book_valuer_per_share": 12.45,
            "book_valuer_per_share_4q_avg": 13.36,
            "equity": 5551746,
            "current_ratio": 111.23,
            "debt_ratio": 68.28,
            "inventory_turnover_ratio": 0.52,
            "account_receivable_turnover_ratio": 1.46,
            "reinvestment_rate": 305.55,
            "research_to_sale_ratio": 2.33,
            "price_fair": 29,
            "eps_avg_yearly": 1.26,
            "eps_latest_yearly": 0.68,
            "eps_growth_yearly": 13.02
        },
        "20204": {
            "year_quarter": 20204,
            "year": 2020,
            "quarter": 4,
            "eps": -0.21,
            "eps_growth_year": -156.73,
            "eps_4q": -0.54,
            "eps_4q_growth_year": -137.03,
            "roe": -1.72,
            "roe_4q": -3.5999999999999996,
            "gross_profit": 391018,
            "gross_margin": 15.25,
            "gross_margin_4q_avg": 13.72,
            "net_income": -94775,
            "net_income_4q": null,
            "revenue": 2564246,
            "revenue_4q": null,
            "common_shares": 3845657,
            "book_valuer_per_share": 12.23,
            "book_valuer_per_share_4q_avg": 12.85,
            "equity": 5454783,
            "current_ratio": 111.66,
            "debt_ratio": 69.44,
            "inventory_turnover_ratio": 0.67,
            "account_receivable_turnover_ratio": 1.47,
            "reinvestment_rate": 300.07,
            "research_to_sale_ratio": 2.43,
            "price_fair": 3.61,
            "eps_avg_yearly": 1.2,
            "eps_latest_yearly": 0.68,
            "eps_growth_yearly": -2.85
        },
        "20211": {
            "year_quarter": 20211,
            "year": 2021,
            "quarter": 1,
            "eps": 0.25,
            "eps_growth_year": 47.06,
            "eps_4q": -0.46,
            "eps_4q_growth_year": -133.92,
            "roe": 1.75,
            "roe_4q": -2.85,
            "gross_profit": 428801,
            "gross_margin": 17.71,
            "gross_margin_4q_avg": 13.54,
            "net_income": 96243,
            "net_income_4q": null,
            "revenue": 2421658,
            "revenue_4q": null,
            "common_shares": 3845657,
            "book_valuer_per_share": 12.4,
            "book_valuer_per_share_4q_avg": 12.36,
            "equity": 5520462,
            "current_ratio": 127.66,
            "debt_ratio": 69.32,
            "inventory_turnover_ratio": 0.61,
            "account_receivable_turnover_ratio": 1.36,
            "reinvestment_rate": 210.07,
            "research_to_sale_ratio": 2.24,
            "price_fair": 20.22,
            "eps_avg_yearly": 1.18,
            "eps_latest_yearly": 0.68,
            "eps_growth_yearly": 7.08
        },
        "20212": {
            "year_quarter": 20212,
            "year": 2021,
            "quarter": 2,
            "eps": 0.01,
            "eps_growth_year": null,
            "eps_4q": 0.15,
            "eps_4q_growth_year": -48.35,
            "roe": 0.23,
            "roe_4q": 0.87,
            "gross_profit": 414494,
            "gross_margin": 15.64,
            "gross_margin_4q_avg": 15.44,
            "net_income": 12693,
            "net_income_4q": null,
            "revenue": 2650789,
            "revenue_4q": null,
            "common_shares": 3845657,
            "book_valuer_per_share": 12.17,
            "book_valuer_per_share_4q_avg": 12.31,
            "equity": 5419596,
            "current_ratio": 126.45,
            "debt_ratio": 69.74,
            "inventory_turnover_ratio": 0.65,
            "account_receivable_turnover_ratio": 1.51,
            "reinvestment_rate": 144.88,
            "research_to_sale_ratio": 2.34,
            "price_fair": 3.25,
            "eps_avg_yearly": 1.08,
            "eps_latest_yearly": 0.04,
            "eps_growth_yearly": -21.03
        },
        "20213": {
            "year_quarter": 20213,
            "year": 2021,
            "quarter": 3,
            "eps": 0.12,
            "eps_growth_year": 20,
            "eps_4q": 0.17,
            "eps_4q_growth_year": 256.99,
            "roe": 0.95,
            "roe_4q": 1.2099999999999997,
            "gross_profit": 345524,
            "gross_margin": 14.33,
            "gross_margin_4q_avg": 15.73,
            "net_income": 51344,
            "net_income_4q": null,
            "revenue": 2411791,
            "revenue_4q": null,
            "common_shares": 3845657,
            "book_valuer_per_share": 12.03,
            "book_valuer_per_share_4q_avg": 12.21,
            "equity": 5369415,
            "current_ratio": 97.85,
            "debt_ratio": 70.77,
            "inventory_turnover_ratio": 0.54,
            "account_receivable_turnover_ratio": 1.35,
            "reinvestment_rate": 119.1,
            "research_to_sale_ratio": 2.33,
            "price_fair": 35.14,
            "eps_avg_yearly": 1,
            "eps_latest_yearly": 0.48,
            "eps_growth_yearly": 409.74
        },
        "20214": {
            "year_quarter": 20214,
            "year": 2021,
            "quarter": 4,
            "eps": 0.09,
            "eps_growth_year": null,
            "eps_4q": 0.48,
            "eps_4q_growth_year": null,
            "roe": 0.66,
            "roe_4q": 3.59,
            "gross_profit": 414966,
            "gross_margin": 13.87,
            "gross_margin_4q_avg": 15.39,
            "net_income": 35642,
            "net_income_4q": null,
            "revenue": 2991447,
            "revenue_4q": null,
            "common_shares": 3845657,
            "book_valuer_per_share": 12.1,
            "book_valuer_per_share_4q_avg": 12.18,
            "equity": 5398923,
            "current_ratio": 131.08,
            "debt_ratio": 71.78,
            "inventory_turnover_ratio": 0.63,
            "account_receivable_turnover_ratio": 1.59,
            "reinvestment_rate": 73.26,
            "research_to_sale_ratio": 1.95,
            "price_fair": 32.34,
            "eps_avg_yearly": 0.92,
            "eps_latest_yearly": 0.36,
            "eps_growth_yearly": 403.49
        },
        "20221": {
            "year_quarter": 20221,
            "year": 2022,
            "quarter": 1,
            "eps": 0.3,
            "eps_growth_year": 20,
            "eps_4q": 0.53,
            "eps_4q_growth_year": null,
            "roe": 2.26,
            "roe_4q": 4.1000000000000005,
            "gross_profit": 385626,
            "gross_margin": 12.79,
            "gross_margin_4q_avg": 14.16,
            "net_income": 125281,
            "net_income_4q": null,
            "revenue": 3015365,
            "revenue_4q": null,
            "common_shares": 3845657,
            "book_valuer_per_share": 12.81,
            "book_valuer_per_share_4q_avg": 12.28,
            "equity": 5695743,
            "current_ratio": 140.71,
            "debt_ratio": 70.78,
            "inventory_turnover_ratio": 0.63,
            "account_receivable_turnover_ratio": 1.52,
            "reinvestment_rate": 67.37,
            "research_to_sale_ratio": 1.79,
            "price_fair": 33.22,
            "eps_avg_yearly": 0.95,
            "eps_latest_yearly": 1.2,
            "eps_growth_yearly": 451.65
        },
        "20222": {
            "year_quarter": 20222,
            "year": 2022,
            "quarter": 2,
            "eps": 0.25,
            "eps_growth_year": 2400,
            "eps_4q": 0.77,
            "eps_4q_growth_year": 431.17,
            "roe": 1.8,
            "roe_4q": 5.67,
            "gross_profit": 390782,
            "gross_margin": 12.19,
            "gross_margin_4q_avg": 13.3,
            "net_income": 102677,
            "net_income_4q": null,
            "revenue": 3204632,
            "revenue_4q": null,
            "common_shares": 3845657,
            "book_valuer_per_share": 12.82,
            "book_valuer_per_share_4q_avg": 12.44,
            "equity": 5692555,
            "current_ratio": 138.46,
            "debt_ratio": 70.39,
            "inventory_turnover_ratio": 0.68,
            "account_receivable_turnover_ratio": 1.59,
            "reinvestment_rate": -10.13,
            "research_to_sale_ratio": 1.68,
            "price_fair": 33.37,
            "eps_avg_yearly": 0.95,
            "eps_latest_yearly": 1,
            "eps_growth_yearly": 408.46
        },
        "20223": {
            "year_quarter": 20223,
            "year": 2022,
            "quarter": 3,
            "eps": 0.45,
            "eps_growth_year": 275,
            "eps_4q": 1.09,
            "eps_4q_growth_year": 549.05,
            "roe": 3.35,
            "roe_4q": 8.07,
            "gross_profit": 430639,
            "gross_margin": 14,
            "gross_margin_4q_avg": 13.21,
            "net_income": 199013,
            "net_income_4q": null,
            "revenue": 3075539,
            "revenue_4q": null,
            "common_shares": 3845657,
            "book_valuer_per_share": 13.74,
            "book_valuer_per_share_4q_avg": 12.87,
            "equity": 6177875,
            "current_ratio": 149.04,
            "debt_ratio": 67.51,
            "inventory_turnover_ratio": 0.64,
            "account_receivable_turnover_ratio": 1.43,
            "reinvestment_rate": 3.55,
            "research_to_sale_ratio": 1.68,
            "price_fair": 36.87,
            "eps_avg_yearly": 1.05,
            "eps_latest_yearly": 1.8,
            "eps_growth_yearly": 455.3
        },
        "20224": {
            "year_quarter": 20224,
            "year": 2022,
            "quarter": 4,
            "eps": -0.04,
            "eps_growth_year": -146.39,
            "eps_4q": 0.95,
            "eps_4q_growth_year": 100.59,
            "roe": -0.35,
            "roe_4q": 7.06,
            "gross_profit": 575667,
            "gross_margin": 19.31,
            "gross_margin_4q_avg": 14.57,
            "net_income": -20739,
            "net_income_4q": null,
            "revenue": 2981465,
            "revenue_4q": null,
            "common_shares": 3845657,
            "book_valuer_per_share": 13.44,
            "book_valuer_per_share_4q_avg": 13.2,
            "equity": 5716917,
            "current_ratio": 141.14,
            "debt_ratio": 68.82,
            "inventory_turnover_ratio": 0.61,
            "account_receivable_turnover_ratio": 1.49,
            "reinvestment_rate": -101.3,
            "research_to_sale_ratio": 1.62,
            "price_fair": 38.18,
            "eps_avg_yearly": 1.09,
            "eps_latest_yearly": 1.8,
            "eps_growth_yearly": 494.27
        },
        "20231": {
            "year_quarter": 20231,
            "year": 2023,
            "quarter": 1,
            "eps": 0.12,
            "eps_growth_year": -60,
            "eps_4q": 0.77,
            "eps_4q_growth_year": 43.46,
            "roe": 1.18,
            "roe_4q": 5.9799999999999995,
            "gross_profit": 462415,
            "gross_margin": 17.64,
            "gross_margin_4q_avg": 15.79,
            "net_income": 67944,
            "net_income_4q": null,
            "revenue": 2621360,
            "revenue_4q": null,
            "common_shares": 3845657,
            "book_valuer_per_share": 13.6,
            "book_valuer_per_share_4q_avg": 13.4,
            "equity": 5806404,
            "current_ratio": 130.83,
            "debt_ratio": 66.86,
            "inventory_turnover_ratio": 0.58,
            "account_receivable_turnover_ratio": 1.65,
            "reinvestment_rate": -123.93,
            "research_to_sale_ratio": 1.9,
            "price_fair": 37.66,
            "eps_avg_yearly": 1.08,
            "eps_latest_yearly": 1.8,
            "eps_growth_yearly": 506.2
        },
        "20232": {
            "year_quarter": 20232,
            "year": 2023,
            "quarter": 2,
            "eps": -0.09,
            "eps_growth_year": -136,
            "eps_4q": 0.4,
            "eps_4q_growth_year": -47.98,
            "roe": -0.54,
            "roe_4q": 3.64,
            "gross_profit": 240561,
            "gross_margin": 11.52,
            "gross_margin_4q_avg": 15.62,
            "net_income": -30681,
            "net_income_4q": null,
            "revenue": 2088265,
            "revenue_4q": null,
            "common_shares": 3845657,
            "book_valuer_per_share": 13.17,
            "book_valuer_per_share_4q_avg": 13.49,
            "equity": 5658403,
            "current_ratio": 145.45,
            "debt_ratio": 65.34,
            "inventory_turnover_ratio": 0.52,
            "account_receivable_turnover_ratio": 1.61,
            "reinvestment_rate": -123.37,
            "research_to_sale_ratio": 2.44,
            "price_fair": 33.29,
            "eps_avg_yearly": 0.95,
            "eps_latest_yearly": 1.8,
            "eps_growth_yearly": 528.03
        },
        "20233": {
            "year_quarter": 20233,
            "year": 2023,
            "quarter": 3,
            "eps": 0.08,
            "eps_growth_year": -82.22,
            "eps_4q": 0.06,
            "eps_4q_growth_year": -94.27,
            "roe": 0.81,
            "roe_4q": 1.1,
            "gross_profit": 352531,
            "gross_margin": 13.9,
            "gross_margin_4q_avg": 15.59,
            "net_income": 46064,
            "net_income_4q": null,
            "revenue": 2537043,
            "revenue_4q": null,
            "common_shares": 4076396,
            "book_valuer_per_share": 12.77,
            "book_valuer_per_share_4q_avg": 13.25,
            "equity": 5742050,
            "current_ratio": 149.84,
            "debt_ratio": 64.67,
            "inventory_turnover_ratio": 0.62,
            "account_receivable_turnover_ratio": 1.72,
            "reinvestment_rate": -102.06,
            "research_to_sale_ratio": 2.27,
            "price_fair": 30.8,
            "eps_avg_yearly": 0.88,
            "eps_latest_yearly": 1.8,
            "eps_growth_yearly": 609.49
        }
    },
    "months": {
        "2001-06": {
            "month": "2001-06",
            "price": "2.97",
            "revenue": 202370
        },
        "2001-07": {
            "month": "2001-07",
            "price": "2.76",
            "revenue": 239229
        },
        "2001-08": {
            "month": "2001-08",
            "price": "3.06",
            "revenue": 263592
        },
        "2001-09": {
            "month": "2001-09",
            "price": "3.44",
            "revenue": 228282
        },
        "2001-10": {
            "month": "2001-10",
            "price": "3.82",
            "revenue": 275501
        },
        "2001-11": {
            "month": "2001-11",
            "price": "4.18",
            "revenue": 269046
        },
        "2001-12": {
            "month": "2001-12",
            "price": "5.29",
            "revenue": 251887
        },
        "2002-01": {
            "month": "2002-01",
            "price": "7.79",
            "revenue": 231815
        },
        "2002-02": {
            "month": "2002-02",
            "price": "8.36",
            "revenue": 163314
        },
        "2002-03": {
            "month": "2002-03",
            "price": "8.17",
            "revenue": 229925
        },
        "2002-04": {
            "month": "2002-04",
            "price": "8.57",
            "revenue": 266434
        },
        "2002-05": {
            "month": "2002-05",
            "price": "10.33",
            "revenue": 276949
        },
        "2002-06": {
            "month": "2002-06",
            "price": "11.60",
            "revenue": 263489
        },
        "2002-07": {
            "month": "2002-07",
            "price": "10.71",
            "revenue": 210978
        },
        "2002-08": {
            "month": "2002-08",
            "price": "9.77",
            "revenue": 240125
        },
        "2002-09": {
            "month": "2002-09",
            "price": "8.41",
            "revenue": 200362
        },
        "2002-10": {
            "month": "2002-10",
            "price": "7.72",
            "revenue": 283320
        },
        "2002-11": {
            "month": "2002-11",
            "price": "10.06",
            "revenue": 285417
        },
        "2002-12": {
            "month": "2002-12",
            "price": "10.10",
            "revenue": 284213
        },
        "2003-01": {
            "month": "2003-01",
            "price": "10.65",
            "revenue": 200260
        },
        "2003-02": {
            "month": "2003-02",
            "price": "9.40",
            "revenue": 166984
        },
        "2003-03": {
            "month": "2003-03",
            "price": "8.02",
            "revenue": 207768
        },
        "2003-04": {
            "month": "2003-04",
            "price": "8.88",
            "revenue": 269355
        },
        "2003-05": {
            "month": "2003-05",
            "price": "8.27",
            "revenue": 279410
        },
        "2003-06": {
            "month": "2003-06",
            "price": "8.59",
            "revenue": 252224
        },
        "2003-07": {
            "month": "2003-07",
            "price": "8.37",
            "revenue": 181625
        },
        "2003-08": {
            "month": "2003-08",
            "price": "8.40",
            "revenue": 200649
        },
        "2003-09": {
            "month": "2003-09",
            "price": "8.50",
            "revenue": 247143
        },
        "2003-10": {
            "month": "2003-10",
            "price": "9.84",
            "revenue": 252269
        },
        "2003-11": {
            "month": "2003-11",
            "price": "10.72",
            "revenue": 217430
        },
        "2003-12": {
            "month": "2003-12",
            "price": "9.88",
            "revenue": 205084
        },
        "2004-01": {
            "month": "2004-01",
            "price": "10.00",
            "revenue": 193157
        },
        "2004-02": {
            "month": "2004-02",
            "price": "12.55",
            "revenue": 187413
        },
        "2004-03": {
            "month": "2004-03",
            "price": "12.17",
            "revenue": 223359
        },
        "2004-04": {
            "month": "2004-04",
            "price": "10.50",
            "revenue": 249432
        },
        "2004-05": {
            "month": "2004-05",
            "price": "7.98",
            "revenue": 250100
        },
        "2004-06": {
            "month": "2004-06",
            "price": "7.44",
            "revenue": 235110
        },
        "2004-07": {
            "month": "2004-07",
            "price": "6.15",
            "revenue": 179199
        },
        "2004-08": {
            "month": "2004-08",
            "price": "5.73",
            "revenue": 146598
        },
        "2004-09": {
            "month": "2004-09",
            "price": "6.51",
            "revenue": 150326
        },
        "2004-10": {
            "month": "2004-10",
            "price": "6.37",
            "revenue": 181566
        },
        "2004-11": {
            "month": "2004-11",
            "price": "6.41",
            "revenue": 214461
        },
        "2004-12": {
            "month": "2004-12",
            "price": "7.06",
            "revenue": 174118
        },
        "2005-01": {
            "month": "2005-01",
            "price": "7.09",
            "revenue": 131317
        },
        "2005-02": {
            "month": "2005-02",
            "price": "6.44",
            "revenue": 81196
        },
        "2005-03": {
            "month": "2005-03",
            "price": "5.79",
            "revenue": 162943
        },
        "2005-04": {
            "month": "2005-04",
            "price": "4.92",
            "revenue": 159870
        },
        "2005-05": {
            "month": "2005-05",
            "price": "4.77",
            "revenue": 171199
        },
        "2005-06": {
            "month": "2005-06",
            "price": "5.14",
            "revenue": 165334
        },
        "2005-07": {
            "month": "2005-07",
            "price": "4.87",
            "revenue": 145842
        },
        "2005-08": {
            "month": "2005-08",
            "price": "4.84",
            "revenue": 138984
        },
        "2005-09": {
            "month": "2005-09",
            "price": "4.53",
            "revenue": 148504
        },
        "2005-10": {
            "month": "2005-10",
            "price": "4.55",
            "revenue": 120203
        },
        "2005-11": {
            "month": "2005-11",
            "price": "4.61",
            "revenue": 118643
        },
        "2005-12": {
            "month": "2005-12",
            "price": "4.71",
            "revenue": 121996
        },
        "2006-01": {
            "month": "2006-01",
            "price": "4.99",
            "revenue": 90218
        },
        "2006-02": {
            "month": "2006-02",
            "price": "5.30",
            "revenue": 71389
        },
        "2006-03": {
            "month": "2006-03",
            "price": "5.76",
            "revenue": 118843
        },
        "2006-04": {
            "month": "2006-04",
            "price": "5.49",
            "revenue": 154214
        },
        "2006-05": {
            "month": "2006-05",
            "price": "5.45",
            "revenue": 139053
        },
        "2006-06": {
            "month": "2006-06",
            "price": "5.10",
            "revenue": 120798
        },
        "2006-07": {
            "month": "2006-07",
            "price": "5.02",
            "revenue": 118316
        },
        "2006-08": {
            "month": "2006-08",
            "price": "4.99",
            "revenue": 142941
        },
        "2006-09": {
            "month": "2006-09",
            "price": "5.15",
            "revenue": 130317
        },
        "2006-10": {
            "month": "2006-10",
            "price": "5.26",
            "revenue": 115655
        },
        "2006-11": {
            "month": "2006-11",
            "price": "5.60",
            "revenue": 130741
        },
        "2006-12": {
            "month": "2006-12",
            "price": "6.35",
            "revenue": 120382
        },
        "2007-01": {
            "month": "2007-01",
            "price": "6.21",
            "revenue": 102200
        },
        "2007-02": {
            "month": "2007-02",
            "price": "6.15",
            "revenue": 71505
        },
        "2007-03": {
            "month": "2007-03",
            "price": "6.25",
            "revenue": 108870
        },
        "2007-04": {
            "month": "2007-04",
            "price": "6.83",
            "revenue": 129409
        },
        "2007-05": {
            "month": "2007-05",
            "price": "6.75",
            "revenue": 132714
        },
        "2007-06": {
            "month": "2007-06",
            "price": "7.14",
            "revenue": 138691
        },
        "2007-07": {
            "month": "2007-07",
            "price": "8.12",
            "revenue": 125189
        },
        "2007-08": {
            "month": "2007-08",
            "price": "8.15",
            "revenue": 174078
        },
        "2007-09": {
            "month": "2007-09",
            "price": "8.41",
            "revenue": 135612
        },
        "2007-10": {
            "month": "2007-10",
            "price": "8.63",
            "revenue": 136029
        },
        "2007-11": {
            "month": "2007-11",
            "price": "8.08",
            "revenue": 141661
        },
        "2007-12": {
            "month": "2007-12",
            "price": "7.26",
            "revenue": 147001
        },
        "2008-01": {
            "month": "2008-01",
            "price": "7.20",
            "revenue": 137952
        },
        "2008-02": {
            "month": "2008-02",
            "price": "7.02",
            "revenue": 103590
        },
        "2008-03": {
            "month": "2008-03",
            "price": "7.16",
            "revenue": 109238
        },
        "2008-04": {
            "month": "2008-04",
            "price": "7.61",
            "revenue": 123419
        },
        "2008-05": {
            "month": "2008-05",
            "price": "7.63",
            "revenue": 149280
        },
        "2008-06": {
            "month": "2008-06",
            "price": "7.06",
            "revenue": 117502
        },
        "2008-07": {
            "month": "2008-07",
            "price": "6.68",
            "revenue": 137877
        },
        "2008-08": {
            "month": "2008-08",
            "price": "6.38",
            "revenue": 123588
        },
        "2008-09": {
            "month": "2008-09",
            "price": "5.03",
            "revenue": 124397
        },
        "2008-10": {
            "month": "2008-10",
            "price": "4.69",
            "revenue": 158967
        },
        "2008-11": {
            "month": "2008-11",
            "price": "4.11",
            "revenue": 155761
        },
        "2008-12": {
            "month": "2008-12",
            "price": "4.57",
            "revenue": 110574
        },
        "2009-01": {
            "month": "2009-01",
            "price": "4.96",
            "revenue": 54981
        },
        "2009-02": {
            "month": "2009-02",
            "price": "4.43",
            "revenue": 56566
        },
        "2009-03": {
            "month": "2009-03",
            "price": "4.52",
            "revenue": 105369
        },
        "2009-04": {
            "month": "2009-04",
            "price": "5.32",
            "revenue": 118284
        },
        "2009-05": {
            "month": "2009-05",
            "price": "5.31",
            "revenue": 132521
        },
        "2009-06": {
            "month": "2009-06",
            "price": "5.13",
            "revenue": 117655
        },
        "2009-07": {
            "month": "2009-07",
            "price": "5.27",
            "revenue": 119795
        },
        "2009-08": {
            "month": "2009-08",
            "price": "5.47",
            "revenue": 102878
        },
        "2009-09": {
            "month": "2009-09",
            "price": "5.66",
            "revenue": 113066
        },
        "2009-10": {
            "month": "2009-10",
            "price": "6.12",
            "revenue": 128953
        },
        "2009-11": {
            "month": "2009-11",
            "price": "6.14",
            "revenue": 127386
        },
        "2009-12": {
            "month": "2009-12",
            "price": "6.57",
            "revenue": 149578
        },
        "2010-01": {
            "month": "2010-01",
            "price": "6.93",
            "revenue": 105105
        },
        "2010-02": {
            "month": "2010-02",
            "price": "6.44",
            "revenue": 73137
        },
        "2010-03": {
            "month": "2010-03",
            "price": "6.74",
            "revenue": 144240
        },
        "2010-04": {
            "month": "2010-04",
            "price": "8.29",
            "revenue": 149779
        },
        "2010-05": {
            "month": "2010-05",
            "price": "14.56",
            "revenue": 175034
        },
        "2010-06": {
            "month": "2010-06",
            "price": "13.13",
            "revenue": 154890
        },
        "2010-07": {
            "month": "2010-07",
            "price": "14.93",
            "revenue": 153687
        },
        "2010-08": {
            "month": "2010-08",
            "price": "15.80",
            "revenue": 138374
        },
        "2010-09": {
            "month": "2010-09",
            "price": "14.05",
            "revenue": 146808
        },
        "2010-10": {
            "month": "2010-10",
            "price": "13.82",
            "revenue": 198853
        },
        "2010-11": {
            "month": "2010-11",
            "price": "12.24",
            "revenue": 164646
        },
        "2010-12": {
            "month": "2010-12",
            "price": "12.73",
            "revenue": 171465
        },
        "2011-01": {
            "month": "2011-01",
            "price": "13.47",
            "revenue": 123681
        },
        "2011-02": {
            "month": "2011-02",
            "price": "11.73",
            "revenue": 107200
        },
        "2011-03": {
            "month": "2011-03",
            "price": "10.43",
            "revenue": 156266
        },
        "2011-04": {
            "month": "2011-04",
            "price": "10.67",
            "revenue": 177238
        },
        "2011-05": {
            "month": "2011-05",
            "price": "10.11",
            "revenue": 181780
        },
        "2011-06": {
            "month": "2011-06",
            "price": "9.96",
            "revenue": 172800
        },
        "2011-07": {
            "month": "2011-07",
            "price": "9.63",
            "revenue": 137422
        },
        "2011-08": {
            "month": "2011-08",
            "price": "8.98",
            "revenue": 141078
        },
        "2011-09": {
            "month": "2011-09",
            "price": "9.53",
            "revenue": 210200
        },
        "2011-10": {
            "month": "2011-10",
            "price": "9.44",
            "revenue": 214658
        },
        "2011-11": {
            "month": "2011-11",
            "price": "9.10",
            "revenue": 184828
        },
        "2011-12": {
            "month": "2011-12",
            "price": "8.92",
            "revenue": 179363
        },
        "2012-01": {
            "month": "2012-01",
            "price": "9.06",
            "revenue": 129861
        },
        "2012-02": {
            "month": "2012-02",
            "price": "9.46",
            "revenue": 153724
        },
        "2012-03": {
            "month": "2012-03",
            "price": "9.45",
            "revenue": 197658
        },
        "2012-04": {
            "month": "2012-04",
            "price": "9.02",
            "revenue": 204710
        },
        "2012-05": {
            "month": "2012-05",
            "price": "8.43",
            "revenue": 191565
        },
        "2012-06": {
            "month": "2012-06",
            "price": "8.31",
            "revenue": 164444
        },
        "2012-07": {
            "month": "2012-07",
            "price": "8.74",
            "revenue": 124878
        },
        "2012-08": {
            "month": "2012-08",
            "price": "8.48",
            "revenue": 164720
        },
        "2012-09": {
            "month": "2012-09",
            "price": "9.29",
            "revenue": 186190
        },
        "2012-10": {
            "month": "2012-10",
            "price": "9.64",
            "revenue": 234837
        },
        "2012-11": {
            "month": "2012-11",
            "price": "8.75",
            "revenue": 219758
        },
        "2012-12": {
            "month": "2012-12",
            "price": "8.92",
            "revenue": 181349
        },
        "2013-01": {
            "month": "2013-01",
            "price": "9.06",
            "revenue": 352011
        },
        "2013-02": {
            "month": "2013-02",
            "price": "9.07",
            "revenue": 225464
        },
        "2013-03": {
            "month": "2013-03",
            "price": "9.08",
            "revenue": 397201
        },
        "2013-04": {
            "month": "2013-04",
            "price": "9.49",
            "revenue": 387698
        },
        "2013-05": {
            "month": "2013-05",
            "price": "10.26",
            "revenue": 425294
        },
        "2013-06": {
            "month": "2013-06",
            "price": "10.42",
            "revenue": 294301
        },
        "2013-07": {
            "month": "2013-07",
            "price": "9.84",
            "revenue": 299115
        },
        "2013-08": {
            "month": "2013-08",
            "price": "9.49",
            "revenue": 347573
        },
        "2013-09": {
            "month": "2013-09",
            "price": "9.72",
            "revenue": 453375
        },
        "2013-10": {
            "month": "2013-10",
            "price": "11.00",
            "revenue": 499848
        },
        "2013-11": {
            "month": "2013-11",
            "price": "11.49",
            "revenue": 482764
        },
        "2013-12": {
            "month": "2013-12",
            "price": "13.04",
            "revenue": 429954
        },
        "2014-01": {
            "month": "2014-01",
            "price": "13.13",
            "revenue": 429290
        },
        "2014-02": {
            "month": "2014-02",
            "price": "13.05",
            "revenue": 308063
        },
        "2014-03": {
            "month": "2014-03",
            "price": "13.17",
            "revenue": 446271
        },
        "2014-04": {
            "month": "2014-04",
            "price": "12.34",
            "revenue": 439220
        },
        "2014-05": {
            "month": "2014-05",
            "price": "12.22",
            "revenue": 405615
        },
        "2014-06": {
            "month": "2014-06",
            "price": "12.16",
            "revenue": 360531
        },
        "2014-07": {
            "month": "2014-07",
            "price": "11.82",
            "revenue": 429507
        },
        "2014-08": {
            "month": "2014-08",
            "price": "11.38",
            "revenue": 437310
        },
        "2014-09": {
            "month": "2014-09",
            "price": "12.19",
            "revenue": 531763
        },
        "2014-10": {
            "month": "2014-10",
            "price": "11.51",
            "revenue": 608903
        },
        "2014-11": {
            "month": "2014-11",
            "price": "11.82",
            "revenue": 649506
        },
        "2014-12": {
            "month": "2014-12",
            "price": "12.95",
            "revenue": 632416
        },
        "2015-01": {
            "month": "2015-01",
            "price": "14.11",
            "revenue": 537873
        },
        "2015-02": {
            "month": "2015-02",
            "price": "14.87",
            "revenue": 429513
        },
        "2015-03": {
            "month": "2015-03",
            "price": "16.46",
            "revenue": 581487
        },
        "2015-04": {
            "month": "2015-04",
            "price": "18.52",
            "revenue": 593106
        },
        "2015-05": {
            "month": "2015-05",
            "price": "24.66",
            "revenue": 503633
        },
        "2015-06": {
            "month": "2015-06",
            "price": "27.64",
            "revenue": 443579
        },
        "2015-07": {
            "month": "2015-07",
            "price": "28.55",
            "revenue": 483131
        },
        "2015-08": {
            "month": "2015-08",
            "price": "25.54",
            "revenue": 566344
        },
        "2015-09": {
            "month": "2015-09",
            "price": "27.92",
            "revenue": 727143
        },
        "2015-10": {
            "month": "2015-10",
            "price": "34.70",
            "revenue": 729433
        },
        "2015-11": {
            "month": "2015-11",
            "price": "32.61",
            "revenue": 714935
        },
        "2015-12": {
            "month": "2015-12",
            "price": "32.58",
            "revenue": 771169
        },
        "2016-01": {
            "month": "2016-01",
            "price": "31.40",
            "revenue": 656037
        },
        "2016-02": {
            "month": "2016-02",
            "price": "38.17",
            "revenue": 496957
        },
        "2016-03": {
            "month": "2016-03",
            "price": "36.80",
            "revenue": 683387
        },
        "2016-04": {
            "month": "2016-04",
            "price": "34.36",
            "revenue": 633050
        },
        "2016-05": {
            "month": "2016-05",
            "price": "30.43",
            "revenue": 584511
        },
        "2016-06": {
            "month": "2016-06",
            "price": "29.78",
            "revenue": 489210
        },
        "2016-07": {
            "month": "2016-07",
            "price": "31.42",
            "revenue": 527279
        },
        "2016-08": {
            "month": "2016-08",
            "price": "29.00",
            "revenue": 626909
        },
        "2016-09": {
            "month": "2016-09",
            "price": "27.75",
            "revenue": 631802
        },
        "2016-10": {
            "month": "2016-10",
            "price": "26.51",
            "revenue": 739327
        },
        "2016-11": {
            "month": "2016-11",
            "price": "25.02",
            "revenue": 734224
        },
        "2016-12": {
            "month": "2016-12",
            "price": "26.25",
            "revenue": 753565
        },
        "2017-01": {
            "month": "2017-01",
            "price": "25.59",
            "revenue": 563383
        },
        "2017-02": {
            "month": "2017-02",
            "price": "25.51",
            "revenue": 622282
        },
        "2017-03": {
            "month": "2017-03",
            "price": "27.35",
            "revenue": 739082
        },
        "2017-04": {
            "month": "2017-04",
            "price": "27.81",
            "revenue": 620073
        },
        "2017-05": {
            "month": "2017-05",
            "price": "28.14",
            "revenue": 603845
        },
        "2017-06": {
            "month": "2017-06",
            "price": "29.10",
            "revenue": 569356
        },
        "2017-07": {
            "month": "2017-07",
            "price": "29.94",
            "revenue": 569954
        },
        "2017-08": {
            "month": "2017-08",
            "price": "28.09",
            "revenue": 665839
        },
        "2017-09": {
            "month": "2017-09",
            "price": "26.16",
            "revenue": 700371
        },
        "2017-10": {
            "month": "2017-10",
            "price": "25.59",
            "revenue": 802012
        },
        "2017-11": {
            "month": "2017-11",
            "price": "25.27",
            "revenue": 801023
        },
        "2017-12": {
            "month": "2017-12",
            "price": "24.92",
            "revenue": 800844
        },
        "2018-01": {
            "month": "2018-01",
            "price": "25.20",
            "revenue": 691383
        },
        "2018-02": {
            "month": "2018-02",
            "price": "24.40",
            "revenue": 563463
        },
        "2018-03": {
            "month": "2018-03",
            "price": "24.81",
            "revenue": 800083
        },
        "2018-04": {
            "month": "2018-04",
            "price": "25.59",
            "revenue": 709725
        },
        "2018-05": {
            "month": "2018-05",
            "price": "24.42",
            "revenue": 764264
        },
        "2018-06": {
            "month": "2018-06",
            "price": "24.59",
            "revenue": 702894
        },
        "2018-07": {
            "month": "2018-07",
            "price": "24.47",
            "revenue": 701161
        },
        "2018-08": {
            "month": "2018-08",
            "price": "23.35",
            "revenue": 807648
        },
        "2018-09": {
            "month": "2018-09",
            "price": "22.19",
            "revenue": 818567
        },
        "2018-10": {
            "month": "2018-10",
            "price": "20.84",
            "revenue": 838731
        },
        "2018-11": {
            "month": "2018-11",
            "price": "19.66",
            "revenue": 854321
        },
        "2018-12": {
            "month": "2018-12",
            "price": "19.95",
            "revenue": 859215
        },
        "2019-01": {
            "month": "2019-01",
            "price": "20.13",
            "revenue": 761248
        },
        "2019-02": {
            "month": "2019-02",
            "price": "20.95",
            "revenue": 620621
        },
        "2019-03": {
            "month": "2019-03",
            "price": "21.14",
            "revenue": 887459
        },
        "2019-04": {
            "month": "2019-04",
            "price": "22.43",
            "revenue": 815113
        },
        "2019-05": {
            "month": "2019-05",
            "price": "23.79",
            "revenue": 850935
        },
        "2019-06": {
            "month": "2019-06",
            "price": "26.51",
            "revenue": 805117
        },
        "2019-07": {
            "month": "2019-07",
            "price": "24.77",
            "revenue": 809603
        },
        "2019-08": {
            "month": "2019-08",
            "price": "23.32",
            "revenue": 929732
        },
        "2019-09": {
            "month": "2019-09",
            "price": "24.07",
            "revenue": 1012427
        },
        "2019-10": {
            "month": "2019-10",
            "price": "26.20",
            "revenue": 1122465
        },
        "2019-11": {
            "month": "2019-11",
            "price": "26.73",
            "revenue": 1136070
        },
        "2019-12": {
            "month": "2019-12",
            "price": "26.24",
            "revenue": 1158422
        },
        "2020-01": {
            "month": "2020-01",
            "price": "26.04",
            "revenue": 811824
        },
        "2020-02": {
            "month": "2020-02",
            "price": "23.61",
            "revenue": 644094
        },
        "2020-03": {
            "month": "2020-03",
            "price": "19.38",
            "revenue": 980301
        },
        "2020-04": {
            "month": "2020-04",
            "price": "19.22",
            "revenue": 519665
        },
        "2020-05": {
            "month": "2020-05",
            "price": "20.92",
            "revenue": 451265
        },
        "2020-06": {
            "month": "2020-06",
            "price": "21.40",
            "revenue": 483742
        },
        "2020-07": {
            "month": "2020-07",
            "price": "19.40",
            "revenue": 473280
        },
        "2020-08": {
            "month": "2020-08",
            "price": "18.21",
            "revenue": 640626
        },
        "2020-09": {
            "month": "2020-09",
            "price": "17.93",
            "revenue": 867547
        },
        "2020-10": {
            "month": "2020-10",
            "price": "18.22",
            "revenue": 841717
        },
        "2020-11": {
            "month": "2020-11",
            "price": "18.57",
            "revenue": 720066
        },
        "2020-12": {
            "month": "2020-12",
            "price": "18.54",
            "revenue": 1006364
        },
        "2021-01": {
            "month": "2021-01",
            "price": "17.84",
            "revenue": 868295
        },
        "2021-02": {
            "month": "2021-02",
            "price": "17.72",
            "revenue": 642542
        },
        "2021-03": {
            "month": "2021-03",
            "price": "17.91",
            "revenue": 918042
        },
        "2021-04": {
            "month": "2021-04",
            "price": "17.78",
            "revenue": 857655
        },
        "2021-05": {
            "month": "2021-05",
            "price": "17.39",
            "revenue": 873158
        },
        "2021-06": {
            "month": "2021-06",
            "price": "17.55",
            "revenue": 888247
        },
        "2021-07": {
            "month": "2021-07",
            "price": "17.98",
            "revenue": 809029
        },
        "2021-08": {
            "month": "2021-08",
            "price": "16.92",
            "revenue": 802061
        },
        "2021-09": {
            "month": "2021-09",
            "price": "16.20",
            "revenue": 829100
        },
        "2021-10": {
            "month": "2021-10",
            "price": "15.46",
            "revenue": 957017
        },
        "2021-11": {
            "month": "2021-11",
            "price": "15.72",
            "revenue": 960824
        },
        "2021-12": {
            "month": "2021-12",
            "price": "15.50",
            "revenue": 1085357
        },
        "2022-01": {
            "month": "2022-01",
            "price": "15.99",
            "revenue": 976510
        },
        "2022-02": {
            "month": "2022-02",
            "price": "16.12",
            "revenue": 859396
        },
        "2022-03": {
            "month": "2022-03",
            "price": "15.39",
            "revenue": 1139904
        },
        "2022-04": {
            "month": "2022-04",
            "price": "15.50",
            "revenue": 1012526
        },
        "2022-05": {
            "month": "2022-05",
            "price": "14.23",
            "revenue": 1072476
        },
        "2022-06": {
            "month": "2022-06",
            "price": "13.93",
            "revenue": 1117759
        },
        "2022-07": {
            "month": "2022-07",
            "price": "13.17",
            "revenue": 981694
        },
        "2022-08": {
            "month": "2022-08",
            "price": "14.54",
            "revenue": 1055023
        },
        "2022-09": {
            "month": "2022-09",
            "price": "14.96",
            "revenue": 1073666
        },
        "2022-10": {
            "month": "2022-10",
            "price": "14.06",
            "revenue": 1036980
        },
        "2022-11": {
            "month": "2022-11",
            "price": "14.29",
            "revenue": 1009691
        },
        "2022-12": {
            "month": "2022-12",
            "price": "14.21",
            "revenue": 990249
        },
        "2023-01": {
            "month": "2023-01",
            "price": "14.06",
            "revenue": 736967
        },
        "2023-02": {
            "month": "2023-02",
            "price": "14.18",
            "revenue": 913441
        },
        "2023-03": {
            "month": "2023-03",
            "price": "14.92",
            "revenue": 929796
        },
        "2023-04": {
            "month": "2023-04",
            "price": "14.97",
            "revenue": 748317
        },
        "2023-05": {
            "month": "2023-05",
            "price": "15.13",
            "revenue": 720197
        },
        "2023-06": {
            "month": "2023-06",
            "price": "15.37",
            "revenue": 657752
        },
        "2023-07": {
            "month": "2023-07",
            "price": "15.35",
            "revenue": 585168
        },
        "2023-08": {
            "month": "2023-08",
            "price": "14.66",
            "revenue": 975517
        },
        "2023-09": {
            "month": "2023-09",
            "price": "13.81",
            "revenue": 961770
        },
        "2023-10": {
            "month": "2023-10",
            "price": "13.36",
            "revenue": 857638
        },
        "2023-11": {
            "month": "2023-11",
            "price": "13.10",
            "revenue": 845832
        },
        "2023-12": {
            "month": "2023-12",
            "price": "13.27",
            "revenue": 930710
        }
    }
}
