{
    "summary": {
        "stock_name": "聚隆",
        "stock_id": "1466",
        "category": "紡織纖維",
        "main_business": "尼龍原絲、假撚絲、仿棉絲製造、加工及買賣<br>聚酯原絲、假撚絲、空氣打節絲製造、加工及買賣<br>超細纖維、超細纖維布、彈性纖維、彈性纖維布製造、加工及買賣",
        "website_url": "http://www.acelon.com.tw",
        "ceo": "周文東",
        "pe_ratio": 0,
        "report_year_from": 2001,
        "report_year_to": 2023,
        "age": 22,
        "eps_negative_percentage": 48,
        "eps_growth_avg": {
            "last_all": -37.13,
            "last_2y": 0,
            "last_4y": 0,
            "last_8y": -47.25,
            "last_12y": -25.45,
            "last_16y": -31.42,
            "last_20y": -37.13,
            "at_2006_last_3y": -100,
            "at_2007_last_3y": -58.27,
            "at_2008_last_3y": -72.18,
            "at_2009_last_3y": -58.27,
            "at_2010_last_3y": -5.51,
            "at_2011_last_3y": -12.64,
            "at_2012_last_3y": 2.41,
            "at_2013_last_3y": 1.81,
            "at_2014_last_3y": -35.69,
            "at_2015_last_3y": -47.79,
            "at_2016_last_3y": -59.07,
            "at_2017_last_3y": -78.76,
            "at_2018_last_3y": -93.14,
            "at_2019_last_3y": -100,
            "at_2020_last_3y": null,
            "at_2021_last_3y": 100,
            "at_2022_last_3y": 0,
            "at_2023_last_3y": 0,
            "at_2006_last_all": -100,
            "at_2007_last_all": -58.27,
            "at_2008_last_all": -72.18,
            "at_2009_last_all": -72.18,
            "at_2010_last_all": -29.13,
            "at_2011_last_all": -30.89,
            "at_2012_last_all": -34.89,
            "at_2013_last_all": -29.9,
            "at_2014_last_all": -32.41,
            "at_2015_last_all": -38.4,
            "at_2016_last_all": -44.56,
            "at_2017_last_all": -44.56,
            "at_2018_last_all": -44.56,
            "at_2019_last_all": -44.56,
            "at_2020_last_all": -44.56,
            "at_2021_last_all": -31.42,
            "at_2022_last_all": -37.13,
            "at_2023_last_all": -37.13
        },
        "latest_eps": 0,
        "latest_price": 10.8,
        "latest_roe": 0,
        "latest_gross_margin": 0.82,
        "latest_equity": 1475005,
        "latest_revenue": 599716,
        "latest_gross_profit": 4945,
        "latest_net_income": -44702,
        "latest_debt_ratio": 58.48,
        "latest_current_ratio": 191.49,
        "latest_account_receivable_turnover_ratio": 1.94,
        "latest_inventory_turnover_ratio": 0.79,
        "latest_reinvestment_rate": null,
        "latest_research_to_sale_ratio": 1.59
    },
    "eps_dividends": {
        "1996": {
            "cash": 0,
            "stock": 2,
            "eps": 0
        },
        "1997": {
            "cash": 0,
            "stock": 1.5,
            "eps": 0
        },
        "2001": {
            "cash": 0,
            "stock": 0,
            "eps": -3.35
        },
        "2002": {
            "cash": 0,
            "stock": 0,
            "eps": -0.8
        },
        "2003": {
            "cash": 0,
            "stock": 0,
            "eps": -0.58
        },
        "2004": {
            "cash": 0,
            "stock": 0,
            "eps": 1.1
        },
        "2005": {
            "cash": 0,
            "stock": 0,
            "eps": -1.79
        },
        "2006": {
            "cash": 0,
            "stock": 0,
            "eps": 1.27
        },
        "2007": {
            "cash": 0,
            "stock": 0,
            "eps": 1.06
        },
        "2008": {
            "cash": 0,
            "stock": 0,
            "eps": -2.44
        },
        "2009": {
            "cash": 0,
            "stock": 0,
            "eps": 0.84
        },
        "2010": {
            "cash": 0,
            "stock": 0,
            "eps": 3.64
        },
        "2011": {
            "cash": 1.3,
            "stock": 0.4,
            "eps": 2.26
        },
        "2012": {
            "cash": 0,
            "stock": 0,
            "eps": 1.02
        },
        "2013": {
            "cash": 1,
            "stock": 0,
            "eps": 1.02
        },
        "2014": {
            "cash": 0.5,
            "stock": 0,
            "eps": 0.51
        },
        "2015": {
            "cash": 0.5,
            "stock": 0,
            "eps": 0.07
        },
        "2016": {
            "cash": 0,
            "stock": 0,
            "eps": -0.91
        },
        "2017": {
            "cash": 0,
            "stock": 0,
            "eps": -0.02
        },
        "2018": {
            "cash": 0,
            "stock": 0,
            "eps": -0.94
        },
        "2019": {
            "cash": 0,
            "stock": 0,
            "eps": -0.89
        },
        "2020": {
            "cash": 0,
            "stock": 0,
            "eps": 0.37
        },
        "2021": {
            "cash": 0,
            "stock": 0,
            "eps": 1.6
        },
        "2022": {
            "cash": 1,
            "stock": 0,
            "eps": -0.6
        },
        "2023": {
            "cash": 0,
            "stock": 0,
            "eps": -0.4
        }
    },
    "dividends": {
        "1996-04-09": {
            "cash": 0,
            "stock": 2
        },
        "1997-04-18": {
            "cash": 0,
            "stock": 1.5
        },
        "2011-01-01": {
            "cash": 1,
            "stock": 0
        },
        "2011-04-06": {
            "cash": 0.3,
            "stock": 0.4
        },
        "2013-03-11": {
            "cash": 1,
            "stock": 0
        },
        "2014-10-02": {
            "cash": 0.5,
            "stock": 0
        },
        "2015-09-04": {
            "cash": 0.5,
            "stock": 0
        },
        "2022-09-14": {
            "cash": 1,
            "stock": 0
        }
    },
    "prices": {
        "200101": "1.02",
        "200102": "1.69",
        "200103": "1.47",
        "200104": "1.14",
        "200105": "0.78",
        "200106": "0.85",
        "200107": "0.65",
        "200108": "0.78",
        "200109": "0.70",
        "200110": "0.59",
        "200111": "0.60",
        "200112": "0.62",
        "200201": "0.73",
        "200202": "1.01",
        "200203": "1.02",
        "200204": "2.52",
        "200205": "2.75",
        "200206": "2.23",
        "200207": "2.07",
        "200208": "1.89",
        "200209": "1.74",
        "200210": "1.67",
        "200211": "1.77",
        "200212": "1.79",
        "200301": "2.62",
        "200302": "無",
        "200303": "3.61",
        "200304": "3.39",
        "200305": "2.73",
        "200306": "3.32",
        "200307": "3.48",
        "200308": "3.20",
        "200309": "3.18",
        "200310": "3.76",
        "200311": "3.94",
        "200312": "4.15",
        "200401": "4.42",
        "200402": "5.56",
        "200403": "5.75",
        "200404": "5.52",
        "200405": "5.47",
        "200406": "5.83",
        "200407": "5.23",
        "200408": "5.37",
        "200409": "8.13",
        "200410": "7.83",
        "200411": "8.21",
        "200412": "7.79",
        "200501": "7.74",
        "200502": "7.79",
        "200503": "7.44",
        "200504": "6.18",
        "200505": "4.91",
        "200506": "4.87",
        "200507": "4.79",
        "200508": "4.18",
        "200509": "3.64",
        "200510": "3.44",
        "200511": "3.52",
        "200512": "3.36",
        "200601": "3.80",
        "200602": "3.80",
        "200603": "3.66",
        "200604": "3.70",
        "200605": "4.53",
        "200606": "4.38",
        "200607": "4.59",
        "200608": "4.66",
        "200609": "4.79",
        "200610": "5.24",
        "200611": "6.29",
        "200612": "7.36",
        "200701": "7.26",
        "200702": "7.37",
        "200703": "7.80",
        "200704": "9.91",
        "200705": "8.77",
        "200706": "8.59",
        "200707": "10.24",
        "200708": "11.62",
        "200709": "11.23",
        "200710": "10.49",
        "200711": "9.38",
        "200712": "8.92",
        "200801": "8.56",
        "200802": "8.28",
        "200803": "8.76",
        "200804": "8.54",
        "200805": "7.93",
        "200806": "6.75",
        "200807": "5.30",
        "200808": "4.46",
        "200809": "3.56",
        "200810": "3.12",
        "200811": "2.81",
        "200812": "2.73",
        "200901": "2.77",
        "200902": "2.83",
        "200903": "3.28",
        "200904": "3.87",
        "200905": "3.84",
        "200906": "3.53",
        "200907": "3.63",
        "200908": "4.34",
        "200909": "6.11",
        "200910": "6.83",
        "200911": "6.88",
        "200912": "7.26",
        "201001": "7.42",
        "201002": "7.10",
        "201003": "7.49",
        "201004": "11.45",
        "201005": "13.01",
        "201006": "12.82",
        "201007": "15.20",
        "201008": "22.38",
        "201009": "26.49",
        "201010": "29.13",
        "201011": "25.02",
        "201012": "29.28",
        "201101": "36.86",
        "201102": "36.96",
        "201103": "37.91",
        "201104": "37.39",
        "201105": "32.26",
        "201106": "29.17",
        "201107": "32.33",
        "201108": "31.31",
        "201109": "25.04",
        "201110": "20.29",
        "201111": "18.83",
        "201112": "15.56",
        "201201": "18.75",
        "201202": "21.84",
        "201203": "21.46",
        "201204": "17.72",
        "201205": "17.97",
        "201206": "18.49",
        "201207": "17.88",
        "201208": "17.24",
        "201209": "17.59",
        "201210": "16.56",
        "201211": "15.77",
        "201212": "16.73",
        "201301": "19.68",
        "201302": "18.70",
        "201303": "19.35",
        "201304": "18.44",
        "201305": "18.48",
        "201306": "18.22",
        "201307": "17.54",
        "201308": "20.45",
        "201309": "20.28",
        "201310": "21.92",
        "201311": "20.59",
        "201312": "19.85",
        "201401": "19.67",
        "201402": "19.00",
        "201403": "18.80",
        "201404": "18.36",
        "201405": "20.95",
        "201406": "23.07",
        "201407": "25.58",
        "201408": "22.97",
        "201409": "22.65",
        "201410": "19.71",
        "201411": "18.35",
        "201412": "17.88",
        "201501": "18.53",
        "201502": "18.27",
        "201503": "20.54",
        "201504": "20.18",
        "201505": "19.36",
        "201506": "17.28",
        "201507": "15.65",
        "201508": "13.06",
        "201509": "14.82",
        "201510": "17.20",
        "201511": "16.09",
        "201512": "16.69",
        "201601": "15.59",
        "201602": "15.84",
        "201603": "15.84",
        "201604": "14.00",
        "201605": "13.32",
        "201606": "13.34",
        "201607": "13.37",
        "201608": "13.37",
        "201609": "13.27",
        "201610": "13.49",
        "201611": "12.84",
        "201612": "13.45",
        "201701": "13.52",
        "201702": "13.11",
        "201703": "12.76",
        "201704": "11.38",
        "201705": "11.20",
        "201706": "11.85",
        "201707": "12.13",
        "201708": "11.99",
        "201709": "11.86",
        "201710": "12.04",
        "201711": "11.96",
        "201712": "11.88",
        "201801": "12.07",
        "201802": "11.27",
        "201803": "10.93",
        "201804": "11.12",
        "201805": "10.51",
        "201806": "10.31",
        "201807": "10.12",
        "201808": "10.51",
        "201809": "10.73",
        "201810": "10.14",
        "201811": "9.98",
        "201812": "9.83",
        "201901": "9.85",
        "201902": "9.71",
        "201903": "9.51",
        "201904": "9.08",
        "201905": "8.93",
        "201906": "9.01",
        "201907": "8.75",
        "201908": "8.38",
        "201909": "8.00",
        "201910": "7.94",
        "201911": "7.76",
        "201912": "7.62",
        "202001": "7.80",
        "202002": "7.92",
        "202003": "6.78",
        "202004": "7.61",
        "202005": "8.00",
        "202006": "16.34",
        "202007": "15.83",
        "202008": "16.85",
        "202009": "19.06",
        "202010": "25.02",
        "202011": "19.82",
        "202012": "17.63",
        "202101": "17.72",
        "202102": "15.98",
        "202103": "16.21",
        "202104": "17.35",
        "202105": "17.34",
        "202106": "18.99",
        "202107": "18.74",
        "202108": "17.56",
        "202109": "16.69",
        "202110": "15.59",
        "202111": "15.58",
        "202112": "15.22",
        "202201": "15.17",
        "202202": "15.05",
        "202203": "14.86",
        "202204": "14.74",
        "202205": "13.87",
        "202206": "13.19",
        "202207": "12.06",
        "202208": "12.32",
        "202209": "11.48",
        "202210": "11.14",
        "202211": "11.23",
        "202212": "11.95",
        "202301": "11.78",
        "202302": "11.68",
        "202303": "11.71",
        "202304": "11.67",
        "202305": "11.45",
        "202306": "11.49",
        "202307": "11.31",
        "202308": "11.18",
        "202309": "11.17",
        "202310": "10.88"
    },
    "quarters": {
        "20011": {
            "year_quarter": 20011,
            "year": 2001,
            "quarter": 1,
            "eps": -0.6,
            "eps_growth_year": null,
            "eps_4q": -3.5,
            "eps_4q_growth_year": null,
            "roe": -9.27,
            "roe_4q": -9.27,
            "gross_profit": -23299,
            "gross_margin": -4.58,
            "gross_margin_4q_avg": -4.58,
            "net_income": -101881,
            "net_income_4q": null,
            "revenue": 508734,
            "revenue_4q": null,
            "common_shares": 1687387,
            "book_valuer_per_share": 6.21,
            "book_valuer_per_share_4q_avg": 6.21,
            "equity": 1048423,
            "current_ratio": 40.49,
            "debt_ratio": 69.44,
            "inventory_turnover_ratio": 2,
            "account_receivable_turnover_ratio": null,
            "reinvestment_rate": null,
            "research_to_sale_ratio": null,
            "price_fair": 0,
            "eps_avg_yearly": 0,
            "eps_latest_yearly": 0,
            "eps_growth_yearly": 0
        },
        "20012": {
            "year_quarter": 20012,
            "year": 2001,
            "quarter": 2,
            "eps": -1.43,
            "eps_growth_year": null,
            "eps_4q": -4.05,
            "eps_4q_growth_year": null,
            "roe": -26.01,
            "roe_4q": -35.28,
            "gross_profit": -30081,
            "gross_margin": -6.75,
            "gross_margin_4q_avg": -5.67,
            "net_income": -241329,
            "net_income_4q": null,
            "revenue": 445530,
            "revenue_4q": null,
            "common_shares": 1687387,
            "book_valuer_per_share": 4.78,
            "book_valuer_per_share_4q_avg": 5.5,
            "equity": 807094,
            "current_ratio": 35.68,
            "debt_ratio": 74.63,
            "inventory_turnover_ratio": 2.11,
            "account_receivable_turnover_ratio": null,
            "reinvestment_rate": null,
            "research_to_sale_ratio": null,
            "price_fair": 0,
            "eps_avg_yearly": 0,
            "eps_latest_yearly": 0,
            "eps_growth_yearly": 0
        },
        "20013": {
            "year_quarter": 20013,
            "year": 2001,
            "quarter": 3,
            "eps": -0.39,
            "eps_growth_year": null,
            "eps_4q": -3.54,
            "eps_4q_growth_year": null,
            "roe": -8.51,
            "roe_4q": -43.790000000000006,
            "gross_profit": -27504,
            "gross_margin": -7.17,
            "gross_margin_4q_avg": -6.17,
            "net_income": -65847,
            "net_income_4q": null,
            "revenue": 383820,
            "revenue_4q": null,
            "common_shares": 1687387,
            "book_valuer_per_share": 4.39,
            "book_valuer_per_share_4q_avg": 5.13,
            "equity": 741246,
            "current_ratio": 24.4,
            "debt_ratio": 74.19,
            "inventory_turnover_ratio": 2.16,
            "account_receivable_turnover_ratio": null,
            "reinvestment_rate": null,
            "research_to_sale_ratio": null,
            "price_fair": 0,
            "eps_avg_yearly": 0,
            "eps_latest_yearly": 0,
            "eps_growth_yearly": 0
        },
        "20014": {
            "year_quarter": 20014,
            "year": 2001,
            "quarter": 4,
            "eps": -0.93,
            "eps_growth_year": null,
            "eps_4q": -4.49,
            "eps_4q_growth_year": null,
            "roe": -15.58,
            "roe_4q": -59.370000000000005,
            "gross_profit": 26336,
            "gross_margin": 6.27,
            "gross_margin_4q_avg": -3.06,
            "net_income": -107130,
            "net_income_4q": null,
            "revenue": 420019,
            "revenue_4q": null,
            "common_shares": 1150303,
            "book_valuer_per_share": 5.51,
            "book_valuer_per_share_4q_avg": 5.22,
            "equity": 634116,
            "current_ratio": 23.84,
            "debt_ratio": 75.84,
            "inventory_turnover_ratio": 2.35,
            "account_receivable_turnover_ratio": null,
            "reinvestment_rate": null,
            "research_to_sale_ratio": null,
            "price_fair": 0,
            "eps_avg_yearly": 0,
            "eps_latest_yearly": 0,
            "eps_growth_yearly": 0
        },
        "20021": {
            "year_quarter": 20021,
            "year": 2002,
            "quarter": 1,
            "eps": -0.33,
            "eps_growth_year": null,
            "eps_4q": -3.98,
            "eps_4q_growth_year": null,
            "roe": -6.1,
            "roe_4q": -56.2,
            "gross_profit": 22849,
            "gross_margin": 5.69,
            "gross_margin_4q_avg": -0.49,
            "net_income": -37507,
            "net_income_4q": null,
            "revenue": 401347,
            "revenue_4q": null,
            "common_shares": 1150303,
            "book_valuer_per_share": 5.19,
            "book_valuer_per_share_4q_avg": 4.97,
            "equity": 596609,
            "current_ratio": 28.89,
            "debt_ratio": 77.46,
            "inventory_turnover_ratio": 2.43,
            "account_receivable_turnover_ratio": null,
            "reinvestment_rate": null,
            "research_to_sale_ratio": null,
            "price_fair": 0,
            "eps_avg_yearly": 0,
            "eps_latest_yearly": 0,
            "eps_growth_yearly": 0
        },
        "20022": {
            "year_quarter": 20022,
            "year": 2002,
            "quarter": 2,
            "eps": -0.02,
            "eps_growth_year": null,
            "eps_4q": -1.85,
            "eps_4q_growth_year": null,
            "roe": -0.32,
            "roe_4q": -30.509999999999998,
            "gross_profit": 49006,
            "gross_margin": 9.82,
            "gross_margin_4q_avg": 3.65,
            "net_income": -1882,
            "net_income_4q": null,
            "revenue": 499176,
            "revenue_4q": null,
            "common_shares": 1150303,
            "book_valuer_per_share": 5.17,
            "book_valuer_per_share_4q_avg": 5.07,
            "equity": 594727,
            "current_ratio": 35.03,
            "debt_ratio": 78.19,
            "inventory_turnover_ratio": 2.37,
            "account_receivable_turnover_ratio": null,
            "reinvestment_rate": null,
            "research_to_sale_ratio": null,
            "price_fair": 0,
            "eps_avg_yearly": 0,
            "eps_latest_yearly": 0,
            "eps_growth_yearly": 0
        },
        "20023": {
            "year_quarter": 20023,
            "year": 2002,
            "quarter": 3,
            "eps": -0.11,
            "eps_growth_year": null,
            "eps_4q": -1.38,
            "eps_4q_growth_year": null,
            "roe": -2.07,
            "roe_4q": -24.07,
            "gross_profit": 8948,
            "gross_margin": 1.89,
            "gross_margin_4q_avg": 5.92,
            "net_income": -12192,
            "net_income_4q": null,
            "revenue": 472936,
            "revenue_4q": null,
            "common_shares": 1150303,
            "book_valuer_per_share": 5.06,
            "book_valuer_per_share_4q_avg": 5.23,
            "equity": 582535,
            "current_ratio": 35.4,
            "debt_ratio": 78.01,
            "inventory_turnover_ratio": 1.9,
            "account_receivable_turnover_ratio": null,
            "reinvestment_rate": null,
            "research_to_sale_ratio": null,
            "price_fair": 0,
            "eps_avg_yearly": 0,
            "eps_latest_yearly": 0,
            "eps_growth_yearly": 0
        },
        "20024": {
            "year_quarter": 20024,
            "year": 2002,
            "quarter": 4,
            "eps": -0.34,
            "eps_growth_year": null,
            "eps_4q": -1.06,
            "eps_4q_growth_year": null,
            "roe": -4.27,
            "roe_4q": -12.76,
            "gross_profit": 31954,
            "gross_margin": 6.68,
            "gross_margin_4q_avg": 6.02,
            "net_income": -24377,
            "net_income_4q": null,
            "revenue": 478173,
            "revenue_4q": null,
            "common_shares": 715978,
            "book_valuer_per_share": 7.8,
            "book_valuer_per_share_4q_avg": 5.81,
            "equity": 558158,
            "current_ratio": 30.74,
            "debt_ratio": 77.6,
            "inventory_turnover_ratio": 1.77,
            "account_receivable_turnover_ratio": null,
            "reinvestment_rate": null,
            "research_to_sale_ratio": null,
            "price_fair": 0,
            "eps_avg_yearly": 0,
            "eps_latest_yearly": 0,
            "eps_growth_yearly": 0
        },
        "20031": {
            "year_quarter": 20031,
            "year": 2003,
            "quarter": 1,
            "eps": -0.16,
            "eps_growth_year": null,
            "eps_4q": -0.71,
            "eps_4q_growth_year": null,
            "roe": -2.01,
            "roe_4q": -8.67,
            "gross_profit": 52041,
            "gross_margin": 9.48,
            "gross_margin_4q_avg": 6.97,
            "net_income": -11116,
            "net_income_4q": null,
            "revenue": 548817,
            "revenue_4q": null,
            "common_shares": 715978,
            "book_valuer_per_share": 7.64,
            "book_valuer_per_share_4q_avg": 6.42,
            "equity": 547043,
            "current_ratio": 41.39,
            "debt_ratio": 78.5,
            "inventory_turnover_ratio": 1.9,
            "account_receivable_turnover_ratio": null,
            "reinvestment_rate": null,
            "research_to_sale_ratio": null,
            "price_fair": 0,
            "eps_avg_yearly": 0,
            "eps_latest_yearly": 0,
            "eps_growth_yearly": 0
        },
        "20032": {
            "year_quarter": 20032,
            "year": 2003,
            "quarter": 2,
            "eps": -0.37,
            "eps_growth_year": null,
            "eps_4q": -1.03,
            "eps_4q_growth_year": null,
            "roe": -4.91,
            "roe_4q": -13.26,
            "gross_profit": 29304,
            "gross_margin": 4.68,
            "gross_margin_4q_avg": 5.68,
            "net_income": -26210,
            "net_income_4q": null,
            "revenue": 626479,
            "revenue_4q": null,
            "common_shares": 715978,
            "book_valuer_per_share": 7.27,
            "book_valuer_per_share_4q_avg": 6.94,
            "equity": 520833,
            "current_ratio": 41.9,
            "debt_ratio": 79.12,
            "inventory_turnover_ratio": 1.98,
            "account_receivable_turnover_ratio": null,
            "reinvestment_rate": null,
            "research_to_sale_ratio": null,
            "price_fair": 0,
            "eps_avg_yearly": 0,
            "eps_latest_yearly": 0,
            "eps_growth_yearly": 0
        },
        "20033": {
            "year_quarter": 20033,
            "year": 2003,
            "quarter": 3,
            "eps": -0.07,
            "eps_growth_year": null,
            "eps_4q": -0.93,
            "eps_4q_growth_year": null,
            "roe": -1.01,
            "roe_4q": -12.2,
            "gross_profit": 52293,
            "gross_margin": 7.92,
            "gross_margin_4q_avg": 7.19,
            "net_income": -5226,
            "net_income_4q": null,
            "revenue": 659919,
            "revenue_4q": null,
            "common_shares": 715978,
            "book_valuer_per_share": 7.2,
            "book_valuer_per_share_4q_avg": 7.48,
            "equity": 515606,
            "current_ratio": 45.89,
            "debt_ratio": 79.27,
            "inventory_turnover_ratio": 1.77,
            "account_receivable_turnover_ratio": null,
            "reinvestment_rate": null,
            "research_to_sale_ratio": null,
            "price_fair": 0,
            "eps_avg_yearly": 0,
            "eps_latest_yearly": 0,
            "eps_growth_yearly": 0
        },
        "20034": {
            "year_quarter": 20034,
            "year": 2003,
            "quarter": 4,
            "eps": 0.02,
            "eps_growth_year": null,
            "eps_4q": -0.51,
            "eps_4q_growth_year": null,
            "roe": 0.31,
            "roe_4q": -7.62,
            "gross_profit": 61093,
            "gross_margin": 9.88,
            "gross_margin_4q_avg": 7.99,
            "net_income": 1620,
            "net_income_4q": null,
            "revenue": 618361,
            "revenue_4q": null,
            "common_shares": 715978,
            "book_valuer_per_share": 7.22,
            "book_valuer_per_share_4q_avg": 7.33,
            "equity": 517226,
            "current_ratio": 48.04,
            "debt_ratio": 78.89,
            "inventory_turnover_ratio": 1.56,
            "account_receivable_turnover_ratio": null,
            "reinvestment_rate": null,
            "research_to_sale_ratio": null,
            "price_fair": 0,
            "eps_avg_yearly": 0,
            "eps_latest_yearly": 0,
            "eps_growth_yearly": 0
        },
        "20041": {
            "year_quarter": 20041,
            "year": 2004,
            "quarter": 1,
            "eps": 0.41,
            "eps_growth_year": null,
            "eps_4q": -0.01,
            "eps_4q_growth_year": null,
            "roe": 5.5,
            "roe_4q": -0.11000000000000032,
            "gross_profit": 91681,
            "gross_margin": 13.15,
            "gross_margin_4q_avg": 8.91,
            "net_income": 29245,
            "net_income_4q": null,
            "revenue": 697430,
            "revenue_4q": null,
            "common_shares": 715978,
            "book_valuer_per_share": 7.63,
            "book_valuer_per_share_4q_avg": 7.33,
            "equity": 546471,
            "current_ratio": 48.44,
            "debt_ratio": 76.97,
            "inventory_turnover_ratio": 1.78,
            "account_receivable_turnover_ratio": null,
            "reinvestment_rate": null,
            "research_to_sale_ratio": null,
            "price_fair": 57.4,
            "eps_avg_yearly": 1.64,
            "eps_latest_yearly": 1.64,
            "eps_growth_yearly": 7800
        },
        "20042": {
            "year_quarter": 20042,
            "year": 2004,
            "quarter": 2,
            "eps": 0.42,
            "eps_growth_year": null,
            "eps_4q": 0.78,
            "eps_4q_growth_year": null,
            "roe": 5.39,
            "roe_4q": 10.190000000000001,
            "gross_profit": 87442,
            "gross_margin": 12.75,
            "gross_margin_4q_avg": 10.93,
            "net_income": 30253,
            "net_income_4q": null,
            "revenue": 686026,
            "revenue_4q": null,
            "common_shares": 715978,
            "book_valuer_per_share": 8.06,
            "book_valuer_per_share_4q_avg": 7.53,
            "equity": 576724,
            "current_ratio": 50.86,
            "debt_ratio": 75.2,
            "inventory_turnover_ratio": 1.87,
            "account_receivable_turnover_ratio": null,
            "reinvestment_rate": null,
            "research_to_sale_ratio": null,
            "price_fair": 58.1,
            "eps_avg_yearly": 1.66,
            "eps_latest_yearly": 1.68,
            "eps_growth_yearly": 3904.88
        },
        "20043": {
            "year_quarter": 20043,
            "year": 2004,
            "quarter": 3,
            "eps": 0.43,
            "eps_growth_year": null,
            "eps_4q": 1.28,
            "eps_4q_growth_year": null,
            "roe": 5.21,
            "roe_4q": 16.41,
            "gross_profit": 119345,
            "gross_margin": 15.35,
            "gross_margin_4q_avg": 12.78,
            "net_income": 30835,
            "net_income_4q": null,
            "revenue": 777584,
            "revenue_4q": null,
            "common_shares": 715978,
            "book_valuer_per_share": 8.49,
            "book_valuer_per_share_4q_avg": 7.85,
            "equity": 607559,
            "current_ratio": 55.67,
            "debt_ratio": 73.69,
            "inventory_turnover_ratio": 1.97,
            "account_receivable_turnover_ratio": null,
            "reinvestment_rate": null,
            "research_to_sale_ratio": null,
            "price_fair": 58.8,
            "eps_avg_yearly": 1.68,
            "eps_latest_yearly": 1.72,
            "eps_growth_yearly": 2606.43
        },
        "20044": {
            "year_quarter": 20044,
            "year": 2004,
            "quarter": 4,
            "eps": -0.16,
            "eps_growth_year": -900,
            "eps_4q": 1.1,
            "eps_4q_growth_year": null,
            "roe": -1.94,
            "roe_4q": 14.16,
            "gross_profit": 91734,
            "gross_margin": 12.89,
            "gross_margin_4q_avg": 13.54,
            "net_income": -11697,
            "net_income_4q": null,
            "revenue": 711836,
            "revenue_4q": null,
            "common_shares": 715978,
            "book_valuer_per_share": 8.32,
            "book_valuer_per_share_4q_avg": 8.13,
            "equity": 595862,
            "current_ratio": 64.26,
            "debt_ratio": 74.65,
            "inventory_turnover_ratio": 1.58,
            "account_receivable_turnover_ratio": null,
            "reinvestment_rate": null,
            "research_to_sale_ratio": null,
            "price_fair": 58.8,
            "eps_avg_yearly": 1.68,
            "eps_latest_yearly": 1.72,
            "eps_growth_yearly": 2606.43
        },
        "20051": {
            "year_quarter": 20051,
            "year": 2005,
            "quarter": 1,
            "eps": -2.06,
            "eps_growth_year": -602.44,
            "eps_4q": -1.37,
            "eps_4q_growth_year": null,
            "roe": -28.38,
            "roe_4q": -19.72,
            "gross_profit": 43189,
            "gross_margin": 5.16,
            "gross_margin_4q_avg": 11.54,
            "net_income": -148012,
            "net_income_4q": null,
            "revenue": 836301,
            "revenue_4q": null,
            "common_shares": 715978,
            "book_valuer_per_share": 6.25,
            "book_valuer_per_share_4q_avg": 7.78,
            "equity": 447197,
            "current_ratio": 64.94,
            "debt_ratio": 79.82,
            "inventory_turnover_ratio": 1.73,
            "account_receivable_turnover_ratio": null,
            "reinvestment_rate": null,
            "research_to_sale_ratio": null,
            "price_fair": 58.8,
            "eps_avg_yearly": 1.68,
            "eps_latest_yearly": 1.72,
            "eps_growth_yearly": 2606.43
        },
        "20052": {
            "year_quarter": 20052,
            "year": 2005,
            "quarter": 2,
            "eps": 0.22,
            "eps_growth_year": -47.62,
            "eps_4q": -1.55,
            "eps_4q_growth_year": -299.35,
            "roe": 3.53,
            "roe_4q": -21.58,
            "gross_profit": 75862,
            "gross_margin": 8.88,
            "gross_margin_4q_avg": 10.57,
            "net_income": 16047,
            "net_income_4q": null,
            "revenue": 853950,
            "revenue_4q": null,
            "common_shares": 715978,
            "book_valuer_per_share": 6.47,
            "book_valuer_per_share_4q_avg": 7.38,
            "equity": 463244,
            "current_ratio": 68.72,
            "debt_ratio": 78.56,
            "inventory_turnover_ratio": 1.64,
            "account_receivable_turnover_ratio": null,
            "reinvestment_rate": null,
            "research_to_sale_ratio": null,
            "price_fair": 58.8,
            "eps_avg_yearly": 1.68,
            "eps_latest_yearly": 1.72,
            "eps_growth_yearly": 2606.43
        },
        "20053": {
            "year_quarter": 20053,
            "year": 2005,
            "quarter": 3,
            "eps": 0.08,
            "eps_growth_year": -81.4,
            "eps_4q": -1.87,
            "eps_4q_growth_year": -245.96,
            "roe": 1.26,
            "roe_4q": -25.53,
            "gross_profit": 68076,
            "gross_margin": 7.64,
            "gross_margin_4q_avg": 8.64,
            "net_income": 5889,
            "net_income_4q": null,
            "revenue": 891166,
            "revenue_4q": null,
            "common_shares": 715978,
            "book_valuer_per_share": 6.55,
            "book_valuer_per_share_4q_avg": 6.9,
            "equity": 469133,
            "current_ratio": 70.14,
            "debt_ratio": 77.37,
            "inventory_turnover_ratio": 1.85,
            "account_receivable_turnover_ratio": null,
            "reinvestment_rate": null,
            "research_to_sale_ratio": null,
            "price_fair": 46.9,
            "eps_avg_yearly": 1.34,
            "eps_latest_yearly": 0.32,
            "eps_growth_yearly": 1891.18
        },
        "20054": {
            "year_quarter": 20054,
            "year": 2005,
            "quarter": 4,
            "eps": -0.03,
            "eps_growth_year": null,
            "eps_4q": -1.8,
            "eps_4q_growth_year": -263.64,
            "roe": -0.51,
            "roe_4q": -24.1,
            "gross_profit": 74309,
            "gross_margin": 10.1,
            "gross_margin_4q_avg": 7.95,
            "net_income": -2370,
            "net_income_4q": null,
            "revenue": 735523,
            "revenue_4q": null,
            "common_shares": 715978,
            "book_valuer_per_share": 6.52,
            "book_valuer_per_share_4q_avg": 6.45,
            "equity": 466763,
            "current_ratio": 72.81,
            "debt_ratio": 76.96,
            "inventory_turnover_ratio": 1.53,
            "account_receivable_turnover_ratio": null,
            "reinvestment_rate": null,
            "research_to_sale_ratio": null,
            "price_fair": 46.9,
            "eps_avg_yearly": 1.34,
            "eps_latest_yearly": 0.32,
            "eps_growth_yearly": 1891.18
        },
        "20061": {
            "year_quarter": 20061,
            "year": 2006,
            "quarter": 1,
            "eps": 0.4,
            "eps_growth_year": null,
            "eps_4q": 0.68,
            "eps_4q_growth_year": null,
            "roe": 5.9,
            "roe_4q": 10.18,
            "gross_profit": 83874,
            "gross_margin": 11.44,
            "gross_margin_4q_avg": 9.52,
            "net_income": 28368,
            "net_income_4q": null,
            "revenue": 732863,
            "revenue_4q": null,
            "common_shares": 715978,
            "book_valuer_per_share": 6.92,
            "book_valuer_per_share_4q_avg": 6.62,
            "equity": 495131,
            "current_ratio": 76.59,
            "debt_ratio": 75.27,
            "inventory_turnover_ratio": 1.46,
            "account_receivable_turnover_ratio": null,
            "reinvestment_rate": null,
            "research_to_sale_ratio": null,
            "price_fair": 46.9,
            "eps_avg_yearly": 1.34,
            "eps_latest_yearly": 0.32,
            "eps_growth_yearly": 1891.18
        },
        "20062": {
            "year_quarter": 20062,
            "year": 2006,
            "quarter": 2,
            "eps": 0.34,
            "eps_growth_year": 54.55,
            "eps_4q": 0.79,
            "eps_4q_growth_year": null,
            "roe": 4.75,
            "roe_4q": 11.4,
            "gross_profit": 83232,
            "gross_margin": 10.46,
            "gross_margin_4q_avg": 9.91,
            "net_income": 24067,
            "net_income_4q": null,
            "revenue": 795760,
            "revenue_4q": null,
            "common_shares": 715978,
            "book_valuer_per_share": 7.25,
            "book_valuer_per_share_4q_avg": 6.81,
            "equity": 519198,
            "current_ratio": 79.4,
            "debt_ratio": 73.88,
            "inventory_turnover_ratio": 1.64,
            "account_receivable_turnover_ratio": null,
            "reinvestment_rate": null,
            "research_to_sale_ratio": null,
            "price_fair": 47.04,
            "eps_avg_yearly": 1.34,
            "eps_latest_yearly": 1.36,
            "eps_growth_yearly": 1500.95
        },
        "20063": {
            "year_quarter": 20063,
            "year": 2006,
            "quarter": 3,
            "eps": 0.35,
            "eps_growth_year": 337.5,
            "eps_4q": 1.04,
            "eps_4q_growth_year": null,
            "roe": 4.76,
            "roe_4q": 14.9,
            "gross_profit": 103040,
            "gross_margin": 12.71,
            "gross_margin_4q_avg": 11.18,
            "net_income": 25303,
            "net_income_4q": null,
            "revenue": 810708,
            "revenue_4q": null,
            "common_shares": 715978,
            "book_valuer_per_share": 7.6,
            "book_valuer_per_share_4q_avg": 7.07,
            "equity": 544501,
            "current_ratio": 80.6,
            "debt_ratio": 72.42,
            "inventory_turnover_ratio": 1.67,
            "account_receivable_turnover_ratio": null,
            "reinvestment_rate": null,
            "research_to_sale_ratio": null,
            "price_fair": 47.37,
            "eps_avg_yearly": 1.35,
            "eps_latest_yearly": 1.4,
            "eps_growth_yearly": 1252.75
        },
        "20064": {
            "year_quarter": 20064,
            "year": 2006,
            "quarter": 4,
            "eps": 0.18,
            "eps_growth_year": null,
            "eps_4q": 1.24,
            "eps_4q_growth_year": null,
            "roe": 2.39,
            "roe_4q": 17.8,
            "gross_profit": 84251,
            "gross_margin": 9.36,
            "gross_margin_4q_avg": 10.99,
            "net_income": 13182,
            "net_income_4q": null,
            "revenue": 900591,
            "revenue_4q": null,
            "common_shares": 715978,
            "book_valuer_per_share": 7.79,
            "book_valuer_per_share_4q_avg": 7.39,
            "equity": 557683,
            "current_ratio": 86.32,
            "debt_ratio": 72.03,
            "inventory_turnover_ratio": 1.88,
            "account_receivable_turnover_ratio": null,
            "reinvestment_rate": -493962.36,
            "research_to_sale_ratio": null,
            "price_fair": 44.2,
            "eps_avg_yearly": 1.26,
            "eps_latest_yearly": 0.72,
            "eps_growth_yearly": 1046.03
        },
        "20071": {
            "year_quarter": 20071,
            "year": 2007,
            "quarter": 1,
            "eps": 0.36,
            "eps_growth_year": -10,
            "eps_4q": 1.24,
            "eps_4q_growth_year": 83.09,
            "roe": 4.5,
            "roe_4q": 16.4,
            "gross_profit": 91053,
            "gross_margin": 10.06,
            "gross_margin_4q_avg": 10.65,
            "net_income": 25663,
            "net_income_4q": null,
            "revenue": 905393,
            "revenue_4q": null,
            "common_shares": 715978,
            "book_valuer_per_share": 8.15,
            "book_valuer_per_share_4q_avg": 7.7,
            "equity": 583346,
            "current_ratio": 85.44,
            "debt_ratio": 70.8,
            "inventory_turnover_ratio": 1.86,
            "account_receivable_turnover_ratio": null,
            "reinvestment_rate": -2220.12,
            "research_to_sale_ratio": null,
            "price_fair": 44.98,
            "eps_avg_yearly": 1.29,
            "eps_latest_yearly": 1.44,
            "eps_growth_yearly": 965.28
        },
        "20072": {
            "year_quarter": 20072,
            "year": 2007,
            "quarter": 2,
            "eps": 0.35,
            "eps_growth_year": 2.94,
            "eps_4q": 1.24,
            "eps_4q_growth_year": 56.32,
            "roe": 4.25,
            "roe_4q": 15.9,
            "gross_profit": 88753,
            "gross_margin": 8.21,
            "gross_margin_4q_avg": 10.09,
            "net_income": 25350,
            "net_income_4q": null,
            "revenue": 1080772,
            "revenue_4q": null,
            "common_shares": 715978,
            "book_valuer_per_share": 8.5,
            "book_valuer_per_share_4q_avg": 8.01,
            "equity": 608696,
            "current_ratio": 87.68,
            "debt_ratio": 70.82,
            "inventory_turnover_ratio": 2.32,
            "account_receivable_turnover_ratio": null,
            "reinvestment_rate": -886.34,
            "research_to_sale_ratio": null,
            "price_fair": 45.42,
            "eps_avg_yearly": 1.3,
            "eps_latest_yearly": 1.4,
            "eps_growth_yearly": 856.79
        },
        "20073": {
            "year_quarter": 20073,
            "year": 2007,
            "quarter": 3,
            "eps": 0.35,
            "eps_growth_year": 0,
            "eps_4q": 1.24,
            "eps_4q_growth_year": 19.1,
            "roe": 4.06,
            "roe_4q": 15.2,
            "gross_profit": 96950,
            "gross_margin": 9.9,
            "gross_margin_4q_avg": 9.38,
            "net_income": 25199,
            "net_income_4q": null,
            "revenue": 978968,
            "revenue_4q": null,
            "common_shares": 715978,
            "book_valuer_per_share": 8.85,
            "book_valuer_per_share_4q_avg": 8.32,
            "equity": 633895,
            "current_ratio": 88.45,
            "debt_ratio": 70.31,
            "inventory_turnover_ratio": 1.81,
            "account_receivable_turnover_ratio": null,
            "reinvestment_rate": -630.06,
            "research_to_sale_ratio": null,
            "price_fair": 45.78,
            "eps_avg_yearly": 1.31,
            "eps_latest_yearly": 1.4,
            "eps_growth_yearly": 771.11
        },
        "20074": {
            "year_quarter": 20074,
            "year": 2007,
            "quarter": 4,
            "eps": 0,
            "eps_growth_year": -100,
            "eps_4q": 1.07,
            "eps_4q_growth_year": -13.81,
            "roe": 0.02,
            "roe_4q": 12.829999999999998,
            "gross_profit": 98290,
            "gross_margin": 8.52,
            "gross_margin_4q_avg": 9.17,
            "net_income": 135,
            "net_income_4q": null,
            "revenue": 1153587,
            "revenue_4q": null,
            "common_shares": 715978,
            "book_valuer_per_share": 8.86,
            "book_valuer_per_share_4q_avg": 8.59,
            "equity": 634030,
            "current_ratio": 93.36,
            "debt_ratio": 69.17,
            "inventory_turnover_ratio": 1.92,
            "account_receivable_turnover_ratio": null,
            "reinvestment_rate": -613.64,
            "research_to_sale_ratio": null,
            "price_fair": 45.78,
            "eps_avg_yearly": 1.31,
            "eps_latest_yearly": 1.4,
            "eps_growth_yearly": 771.11
        },
        "20081": {
            "year_quarter": 20081,
            "year": 2008,
            "quarter": 1,
            "eps": 0.14,
            "eps_growth_year": -61.11,
            "eps_4q": 0.83,
            "eps_4q_growth_year": -32.73,
            "roe": 1.6,
            "roe_4q": 9.93,
            "gross_profit": 77361,
            "gross_margin": 7.12,
            "gross_margin_4q_avg": 8.44,
            "net_income": 10247,
            "net_income_4q": null,
            "revenue": 1085872,
            "revenue_4q": null,
            "common_shares": 715978,
            "book_valuer_per_share": 9,
            "book_valuer_per_share_4q_avg": 8.8,
            "equity": 644277,
            "current_ratio": 93.69,
            "debt_ratio": 69.36,
            "inventory_turnover_ratio": 1.83,
            "account_receivable_turnover_ratio": null,
            "reinvestment_rate": -732.27,
            "research_to_sale_ratio": null,
            "price_fair": 3.81,
            "eps_avg_yearly": 1.27,
            "eps_latest_yearly": 1.4,
            "eps_growth_yearly": -9.88
        },
        "20082": {
            "year_quarter": 20082,
            "year": 2008,
            "quarter": 2,
            "eps": 0,
            "eps_growth_year": -100,
            "eps_4q": 0.5,
            "eps_4q_growth_year": -59.74,
            "roe": 0.01,
            "roe_4q": 5.6899999999999995,
            "gross_profit": 73037,
            "gross_margin": 7.43,
            "gross_margin_4q_avg": 8.24,
            "net_income": 36,
            "net_income_4q": null,
            "revenue": 982969,
            "revenue_4q": null,
            "common_shares": 715978,
            "book_valuer_per_share": 9,
            "book_valuer_per_share_4q_avg": 8.93,
            "equity": 644313,
            "current_ratio": 95.69,
            "debt_ratio": 68.62,
            "inventory_turnover_ratio": 1.57,
            "account_receivable_turnover_ratio": null,
            "reinvestment_rate": -1046.52,
            "research_to_sale_ratio": null,
            "price_fair": 3.66,
            "eps_avg_yearly": 1.22,
            "eps_latest_yearly": 1.4,
            "eps_growth_yearly": -12.33
        },
        "20083": {
            "year_quarter": 20083,
            "year": 2008,
            "quarter": 3,
            "eps": -0.14,
            "eps_growth_year": -140,
            "eps_4q": 0.01,
            "eps_4q_growth_year": -99.26,
            "roe": -1.53,
            "roe_4q": 0.10000000000000007,
            "gross_profit": 54328,
            "gross_margin": 5.59,
            "gross_margin_4q_avg": 7.17,
            "net_income": -9756,
            "net_income_4q": null,
            "revenue": 972057,
            "revenue_4q": null,
            "common_shares": 715978,
            "book_valuer_per_share": 8.86,
            "book_valuer_per_share_4q_avg": 8.93,
            "equity": 634557,
            "current_ratio": 94.75,
            "debt_ratio": 69.2,
            "inventory_turnover_ratio": 1.55,
            "account_receivable_turnover_ratio": null,
            "reinvestment_rate": -2504.44,
            "research_to_sale_ratio": null,
            "price_fair": 3.45,
            "eps_avg_yearly": 1.15,
            "eps_latest_yearly": 1.4,
            "eps_growth_yearly": -15.45
        },
        "20084": {
            "year_quarter": 20084,
            "year": 2008,
            "quarter": 4,
            "eps": -2.44,
            "eps_growth_year": null,
            "eps_4q": -2.43,
            "eps_4q_growth_year": -327.1,
            "roe": -31.91,
            "roe_4q": -31.83,
            "gross_profit": -60868,
            "gross_margin": -8.74,
            "gross_margin_4q_avg": 2.85,
            "net_income": -174647,
            "net_income_4q": null,
            "revenue": 696485,
            "revenue_4q": null,
            "common_shares": 715978,
            "book_valuer_per_share": 6.42,
            "book_valuer_per_share_4q_avg": 8.32,
            "equity": 459910,
            "current_ratio": 82.71,
            "debt_ratio": 71.41,
            "inventory_turnover_ratio": 1.6,
            "account_receivable_turnover_ratio": 5.45,
            "reinvestment_rate": null,
            "research_to_sale_ratio": null,
            "price_fair": 3.45,
            "eps_avg_yearly": 1.15,
            "eps_latest_yearly": 1.4,
            "eps_growth_yearly": -15.45
        },
        "20091": {
            "year_quarter": 20091,
            "year": 2009,
            "quarter": 1,
            "eps": -0.23,
            "eps_growth_year": -264.29,
            "eps_4q": -2.81,
            "eps_4q_growth_year": -437.06,
            "roe": -3.66,
            "roe_4q": -37.09,
            "gross_profit": 28012,
            "gross_margin": 4.52,
            "gross_margin_4q_avg": 2.2,
            "net_income": -16530,
            "net_income_4q": null,
            "revenue": 620359,
            "revenue_4q": null,
            "common_shares": 715978,
            "book_valuer_per_share": 6.19,
            "book_valuer_per_share_4q_avg": 7.62,
            "equity": 443381,
            "current_ratio": 84.04,
            "debt_ratio": 72.65,
            "inventory_turnover_ratio": 1.6,
            "account_receivable_turnover_ratio": 2.26,
            "reinvestment_rate": null,
            "research_to_sale_ratio": null,
            "price_fair": 3.45,
            "eps_avg_yearly": 1.15,
            "eps_latest_yearly": 1.4,
            "eps_growth_yearly": -15.45
        },
        "20092": {
            "year_quarter": 20092,
            "year": 2009,
            "quarter": 2,
            "eps": 0.62,
            "eps_growth_year": null,
            "eps_4q": -2.19,
            "eps_4q_growth_year": -539.83,
            "roe": 9.53,
            "roe_4q": -27.57,
            "gross_profit": 97563,
            "gross_margin": 12.88,
            "gross_margin_4q_avg": 3.56,
            "net_income": 44366,
            "net_income_4q": null,
            "revenue": 757634,
            "revenue_4q": null,
            "common_shares": 715978,
            "book_valuer_per_share": 6.81,
            "book_valuer_per_share_4q_avg": 7.07,
            "equity": 487746,
            "current_ratio": 94.38,
            "debt_ratio": 70.35,
            "inventory_turnover_ratio": 1.58,
            "account_receivable_turnover_ratio": 2.76,
            "reinvestment_rate": -2428.41,
            "research_to_sale_ratio": null,
            "price_fair": 3.45,
            "eps_avg_yearly": 1.15,
            "eps_latest_yearly": 1.4,
            "eps_growth_yearly": -15.45
        },
        "20093": {
            "year_quarter": 20093,
            "year": 2009,
            "quarter": 3,
            "eps": 0.17,
            "eps_growth_year": null,
            "eps_4q": -1.84,
            "eps_4q_growth_year": -20049.37,
            "roe": 2.51,
            "roe_4q": -23.53,
            "gross_profit": 88025,
            "gross_margin": 10.67,
            "gross_margin_4q_avg": 4.83,
            "net_income": 12389,
            "net_income_4q": null,
            "revenue": 824653,
            "revenue_4q": null,
            "common_shares": 715978,
            "book_valuer_per_share": 6.99,
            "book_valuer_per_share_4q_avg": 6.6,
            "equity": 500135,
            "current_ratio": 99.16,
            "debt_ratio": 69.01,
            "inventory_turnover_ratio": 1.59,
            "account_receivable_turnover_ratio": 3.35,
            "reinvestment_rate": -1829.69,
            "research_to_sale_ratio": null,
            "price_fair": 3.6,
            "eps_avg_yearly": 1.2,
            "eps_latest_yearly": 0.68,
            "eps_growth_yearly": -20.56
        },
        "20094": {
            "year_quarter": 20094,
            "year": 2009,
            "quarter": 4,
            "eps": 0.28,
            "eps_growth_year": null,
            "eps_4q": 0.84,
            "eps_4q_growth_year": null,
            "roe": 3.65,
            "roe_4q": 12.03,
            "gross_profit": 69834,
            "gross_margin": 7.09,
            "gross_margin_4q_avg": 8.79,
            "net_income": 20011,
            "net_income_4q": null,
            "revenue": 984753,
            "revenue_4q": null,
            "common_shares": 715978,
            "book_valuer_per_share": 8.35,
            "book_valuer_per_share_4q_avg": 7.09,
            "equity": 597454,
            "current_ratio": 112.91,
            "debt_ratio": 68.72,
            "inventory_turnover_ratio": 2.03,
            "account_receivable_turnover_ratio": 6.45,
            "reinvestment_rate": -504.32,
            "research_to_sale_ratio": null,
            "price_fair": 28.99,
            "eps_avg_yearly": 1.19,
            "eps_latest_yearly": 1.12,
            "eps_growth_yearly": 14.36
        },
        "20101": {
            "year_quarter": 20101,
            "year": 2010,
            "quarter": 1,
            "eps": 0.59,
            "eps_growth_year": null,
            "eps_4q": 1.67,
            "eps_4q_growth_year": null,
            "roe": 6.84,
            "roe_4q": 22.53,
            "gross_profit": 123068,
            "gross_margin": 10.81,
            "gross_margin_4q_avg": 10.36,
            "net_income": 42327,
            "net_income_4q": null,
            "revenue": 1138661,
            "revenue_4q": null,
            "common_shares": 715978,
            "book_valuer_per_share": 8.95,
            "book_valuer_per_share_4q_avg": 7.78,
            "equity": 639781,
            "current_ratio": 98.52,
            "debt_ratio": 68.37,
            "inventory_turnover_ratio": 2.28,
            "account_receivable_turnover_ratio": 3.35,
            "reinvestment_rate": -341.53,
            "research_to_sale_ratio": 0.53,
            "price_fair": 46.2,
            "eps_avg_yearly": 1.32,
            "eps_latest_yearly": 2.36,
            "eps_growth_yearly": 61.97
        },
        "20102": {
            "year_quarter": 20102,
            "year": 2010,
            "quarter": 2,
            "eps": 1.08,
            "eps_growth_year": 73.94,
            "eps_4q": 2.12,
            "eps_4q_growth_year": null,
            "roe": 11.37,
            "roe_4q": 24.369999999999997,
            "gross_profit": 180735,
            "gross_margin": 13.59,
            "gross_margin_4q_avg": 10.54,
            "net_income": 77120,
            "net_income_4q": null,
            "revenue": 1329516,
            "revenue_4q": null,
            "common_shares": 715978,
            "book_valuer_per_share": 10.03,
            "book_valuer_per_share_4q_avg": 8.58,
            "equity": 716901,
            "current_ratio": 100.91,
            "debt_ratio": 66.32,
            "inventory_turnover_ratio": 2.3,
            "account_receivable_turnover_ratio": 3.47,
            "reinvestment_rate": -13.64,
            "research_to_sale_ratio": 0.7,
            "price_fair": 57.71,
            "eps_avg_yearly": 1.65,
            "eps_latest_yearly": 4.32,
            "eps_growth_yearly": 105.55
        },
        "20103": {
            "year_quarter": 20103,
            "year": 2010,
            "quarter": 3,
            "eps": 0.77,
            "eps_growth_year": 354.08,
            "eps_4q": 2.72,
            "eps_4q_growth_year": null,
            "roe": 7.41,
            "roe_4q": 29.27,
            "gross_profit": 157908,
            "gross_margin": 11.18,
            "gross_margin_4q_avg": 10.67,
            "net_income": 55201,
            "net_income_4q": null,
            "revenue": 1412629,
            "revenue_4q": null,
            "common_shares": 715978,
            "book_valuer_per_share": 10.8,
            "book_valuer_per_share_4q_avg": 9.53,
            "equity": 772102,
            "current_ratio": 97.82,
            "debt_ratio": 66.27,
            "inventory_turnover_ratio": 2.18,
            "account_receivable_turnover_ratio": 3.55,
            "reinvestment_rate": 25.33,
            "research_to_sale_ratio": 0.36,
            "price_fair": 64.24,
            "eps_avg_yearly": 1.84,
            "eps_latest_yearly": 3.08,
            "eps_growth_yearly": 91.48
        },
        "20104": {
            "year_quarter": 20104,
            "year": 2010,
            "quarter": 4,
            "eps": 1.2,
            "eps_growth_year": 328.07,
            "eps_4q": 3.11,
            "eps_4q_growth_year": 268.86,
            "roe": 10.58,
            "roe_4q": 36.2,
            "gross_profit": 235260,
            "gross_margin": 13.17,
            "gross_margin_4q_avg": 12.19,
            "net_income": 109683,
            "net_income_4q": null,
            "revenue": 1785941,
            "revenue_4q": null,
            "common_shares": 915978,
            "book_valuer_per_share": 14.23,
            "book_valuer_per_share_4q_avg": 11,
            "equity": 1301756,
            "current_ratio": 144.25,
            "debt_ratio": 44.7,
            "inventory_turnover_ratio": 2.7,
            "account_receivable_turnover_ratio": 3.74,
            "reinvestment_rate": 35.27,
            "research_to_sale_ratio": 0.29,
            "price_fair": 80.11,
            "eps_avg_yearly": 2.29,
            "eps_latest_yearly": 4.8,
            "eps_growth_yearly": 137.89
        },
        "20111": {
            "year_quarter": 20111,
            "year": 2011,
            "quarter": 1,
            "eps": 1.63,
            "eps_growth_year": 176.27,
            "eps_4q": 4.28,
            "eps_4q_growth_year": 156.92,
            "roe": 10.86,
            "roe_4q": 40.22,
            "gross_profit": 258850,
            "gross_margin": 15.24,
            "gross_margin_4q_avg": 13.3,
            "net_income": 149551,
            "net_income_4q": null,
            "revenue": 1698098,
            "revenue_4q": null,
            "common_shares": 915978,
            "book_valuer_per_share": 15.86,
            "book_valuer_per_share_4q_avg": 12.73,
            "equity": 1451307,
            "current_ratio": 147.14,
            "debt_ratio": 44.94,
            "inventory_turnover_ratio": 2.37,
            "account_receivable_turnover_ratio": 2.86,
            "reinvestment_rate": 29.21,
            "research_to_sale_ratio": 0.53,
            "price_fair": 99.87,
            "eps_avg_yearly": 2.85,
            "eps_latest_yearly": 6.52,
            "eps_growth_yearly": 109.37
        },
        "20112": {
            "year_quarter": 20112,
            "year": 2011,
            "quarter": 2,
            "eps": 0.65,
            "eps_growth_year": -39.89,
            "eps_4q": 3.95,
            "eps_4q_growth_year": 86.12,
            "roe": 4.17,
            "roe_4q": 33.019999999999996,
            "gross_profit": 104919,
            "gross_margin": 8.91,
            "gross_margin_4q_avg": 12.13,
            "net_income": 61698,
            "net_income_4q": null,
            "revenue": 1177740,
            "revenue_4q": null,
            "common_shares": 915978,
            "book_valuer_per_share": 16.49,
            "book_valuer_per_share_4q_avg": 14.35,
            "equity": 1509046,
            "current_ratio": 165.15,
            "debt_ratio": 45.34,
            "inventory_turnover_ratio": 1.49,
            "account_receivable_turnover_ratio": 2.02,
            "reinvestment_rate": 47.06,
            "research_to_sale_ratio": 1.12,
            "price_fair": 104.53,
            "eps_avg_yearly": 2.99,
            "eps_latest_yearly": 2.6,
            "eps_growth_yearly": 83.89
        },
        "20113": {
            "year_quarter": 20113,
            "year": 2011,
            "quarter": 3,
            "eps": 0.31,
            "eps_growth_year": -59.77,
            "eps_4q": 3.68,
            "eps_4q_growth_year": 35.28,
            "roe": 1.89,
            "roe_4q": 27.5,
            "gross_profit": 100102,
            "gross_margin": 5.92,
            "gross_margin_4q_avg": 10.81,
            "net_income": 29555,
            "net_income_4q": null,
            "revenue": 1690136,
            "revenue_4q": null,
            "common_shares": 952617,
            "book_valuer_per_share": 16.93,
            "book_valuer_per_share_4q_avg": 15.88,
            "equity": 1610891,
            "current_ratio": 151.25,
            "debt_ratio": 46.16,
            "inventory_turnover_ratio": 1.94,
            "account_receivable_turnover_ratio": 3.31,
            "reinvestment_rate": 112.11,
            "research_to_sale_ratio": 1.09,
            "price_fair": 103.91,
            "eps_avg_yearly": 2.97,
            "eps_latest_yearly": 1.24,
            "eps_growth_yearly": 60.64
        },
        "20114": {
            "year_quarter": 20114,
            "year": 2011,
            "quarter": 4,
            "eps": -0.33,
            "eps_growth_year": -127.82,
            "eps_4q": 2.2,
            "eps_4q_growth_year": -29.3,
            "roe": -1.99,
            "roe_4q": 14.93,
            "gross_profit": 24275,
            "gross_margin": 1.86,
            "gross_margin_4q_avg": 7.98,
            "net_income": -31740,
            "net_income_4q": null,
            "revenue": 1304672,
            "revenue_4q": null,
            "common_shares": 952617,
            "book_valuer_per_share": 16.6,
            "book_valuer_per_share_4q_avg": 16.47,
            "equity": 1579362,
            "current_ratio": 150.54,
            "debt_ratio": 46.35,
            "inventory_turnover_ratio": 1.61,
            "account_receivable_turnover_ratio": 2.49,
            "reinvestment_rate": 117.99,
            "research_to_sale_ratio": 1.14,
            "price_fair": 103.91,
            "eps_avg_yearly": 2.97,
            "eps_latest_yearly": 1.24,
            "eps_growth_yearly": 60.64
        },
        "20121": {
            "year_quarter": 20121,
            "year": 2012,
            "quarter": 1,
            "eps": 0.22,
            "eps_growth_year": -86.5,
            "eps_4q": 0.84,
            "eps_4q_growth_year": -80.32,
            "roe": 1.3,
            "roe_4q": 5.37,
            "gross_profit": 119315,
            "gross_margin": 7.98,
            "gross_margin_4q_avg": 6.17,
            "net_income": 20621,
            "net_income_4q": null,
            "revenue": 1494519,
            "revenue_4q": null,
            "common_shares": 952617,
            "book_valuer_per_share": 16.81,
            "book_valuer_per_share_4q_avg": 16.71,
            "equity": 1599492,
            "current_ratio": 161.42,
            "debt_ratio": 44.64,
            "inventory_turnover_ratio": 1.82,
            "account_receivable_turnover_ratio": 2.96,
            "reinvestment_rate": 114.35,
            "research_to_sale_ratio": 1,
            "price_fair": 103.91,
            "eps_avg_yearly": 2.97,
            "eps_latest_yearly": 1.24,
            "eps_growth_yearly": 60.64
        },
        "20122": {
            "year_quarter": 20122,
            "year": 2012,
            "quarter": 2,
            "eps": 0.27,
            "eps_growth_year": -58.88,
            "eps_4q": 0.46,
            "eps_4q_growth_year": -88.35,
            "roe": 1.62,
            "roe_4q": 2.82,
            "gross_profit": 112537,
            "gross_margin": 8.83,
            "gross_margin_4q_avg": 6.15,
            "net_income": 25372,
            "net_income_4q": null,
            "revenue": 1274154,
            "revenue_4q": null,
            "common_shares": 952617,
            "book_valuer_per_share": 16.07,
            "book_valuer_per_share_4q_avg": 16.6,
            "equity": 1529603,
            "current_ratio": 133.86,
            "debt_ratio": 46.04,
            "inventory_turnover_ratio": 1.46,
            "account_receivable_turnover_ratio": 2.68,
            "reinvestment_rate": 114.33,
            "research_to_sale_ratio": 1.4,
            "price_fair": 97.3,
            "eps_avg_yearly": 2.78,
            "eps_latest_yearly": 1.08,
            "eps_growth_yearly": 63.66
        },
        "20123": {
            "year_quarter": 20123,
            "year": 2012,
            "quarter": 3,
            "eps": 0.23,
            "eps_growth_year": -26.38,
            "eps_4q": 0.38,
            "eps_4q_growth_year": -89.73,
            "roe": 1.41,
            "roe_4q": 2.34,
            "gross_profit": 108614,
            "gross_margin": 8.5,
            "gross_margin_4q_avg": 6.79,
            "net_income": 21758,
            "net_income_4q": null,
            "revenue": 1278067,
            "revenue_4q": null,
            "common_shares": 952617,
            "book_valuer_per_share": 16.3,
            "book_valuer_per_share_4q_avg": 16.45,
            "equity": 1551361,
            "current_ratio": 137.44,
            "debt_ratio": 45.49,
            "inventory_turnover_ratio": 1.52,
            "account_receivable_turnover_ratio": 2.4,
            "reinvestment_rate": 102.58,
            "research_to_sale_ratio": 1.27,
            "price_fair": 91.38,
            "eps_avg_yearly": 2.61,
            "eps_latest_yearly": 0.92,
            "eps_growth_yearly": 52.49
        },
        "20124": {
            "year_quarter": 20124,
            "year": 2012,
            "quarter": 4,
            "eps": 0.3,
            "eps_growth_year": null,
            "eps_4q": 1.01,
            "eps_4q_growth_year": -54.01,
            "roe": 1.82,
            "roe_4q": 6.1499999999999995,
            "gross_profit": 106051,
            "gross_margin": 8.93,
            "gross_margin_4q_avg": 8.56,
            "net_income": 28401,
            "net_income_4q": null,
            "revenue": 1187097,
            "revenue_4q": null,
            "common_shares": 952617,
            "book_valuer_per_share": 16.54,
            "book_valuer_per_share_4q_avg": 16.43,
            "equity": 1574199,
            "current_ratio": 140.43,
            "debt_ratio": 45.74,
            "inventory_turnover_ratio": 1.41,
            "account_receivable_turnover_ratio": 2.18,
            "reinvestment_rate": 69.92,
            "research_to_sale_ratio": 1.21,
            "price_fair": 87.27,
            "eps_avg_yearly": 2.49,
            "eps_latest_yearly": 1.2,
            "eps_growth_yearly": 58.26
        },
        "20131": {
            "year_quarter": 20131,
            "year": 2013,
            "quarter": 1,
            "eps": 0.21,
            "eps_growth_year": -4.55,
            "eps_4q": 1.01,
            "eps_4q_growth_year": 19.45,
            "roe": 1.28,
            "roe_4q": 6.13,
            "gross_profit": 103953,
            "gross_margin": 8.06,
            "gross_margin_4q_avg": 8.58,
            "net_income": 20189,
            "net_income_4q": null,
            "revenue": 1289235,
            "revenue_4q": null,
            "common_shares": 952617,
            "book_valuer_per_share": 16.66,
            "book_valuer_per_share_4q_avg": 16.39,
            "equity": 1585657,
            "current_ratio": 177.71,
            "debt_ratio": 48.62,
            "inventory_turnover_ratio": 1.44,
            "account_receivable_turnover_ratio": 2.41,
            "reinvestment_rate": 63.85,
            "research_to_sale_ratio": 1.27,
            "price_fair": 82.82,
            "eps_avg_yearly": 2.37,
            "eps_latest_yearly": 0.84,
            "eps_growth_yearly": 44.55
        },
        "20132": {
            "year_quarter": 20132,
            "year": 2013,
            "quarter": 2,
            "eps": 0.19,
            "eps_growth_year": -28.73,
            "eps_4q": 0.93,
            "eps_4q_growth_year": 102.21,
            "roe": 1.18,
            "roe_4q": 5.69,
            "gross_profit": 124127,
            "gross_margin": 9.65,
            "gross_margin_4q_avg": 8.79,
            "net_income": 18237,
            "net_income_4q": null,
            "revenue": 1286348,
            "revenue_4q": null,
            "common_shares": 952617,
            "book_valuer_per_share": 15.85,
            "book_valuer_per_share_4q_avg": 16.34,
            "equity": 1508632,
            "current_ratio": 180.2,
            "debt_ratio": 47.71,
            "inventory_turnover_ratio": 1.33,
            "account_receivable_turnover_ratio": 2.28,
            "reinvestment_rate": 67.02,
            "research_to_sale_ratio": 1.4,
            "price_fair": 78.8,
            "eps_avg_yearly": 2.25,
            "eps_latest_yearly": 0.76,
            "eps_growth_yearly": 38.64
        },
        "20133": {
            "year_quarter": 20133,
            "year": 2013,
            "quarter": 3,
            "eps": 0.37,
            "eps_growth_year": 61.84,
            "eps_4q": 1.07,
            "eps_4q_growth_year": 181.56,
            "roe": 2.29,
            "roe_4q": 6.57,
            "gross_profit": 130214,
            "gross_margin": 10.01,
            "gross_margin_4q_avg": 9.16,
            "net_income": 35002,
            "net_income_4q": null,
            "revenue": 1301092,
            "revenue_4q": null,
            "common_shares": 956726,
            "book_valuer_per_share": 16.22,
            "book_valuer_per_share_4q_avg": 16.32,
            "equity": 1550765,
            "current_ratio": 181.53,
            "debt_ratio": 46.71,
            "inventory_turnover_ratio": 1.28,
            "account_receivable_turnover_ratio": 2.44,
            "reinvestment_rate": 64.28,
            "research_to_sale_ratio": 1.62,
            "price_fair": 80.8,
            "eps_avg_yearly": 2.31,
            "eps_latest_yearly": 1.48,
            "eps_growth_yearly": 86.45
        },
        "20134": {
            "year_quarter": 20134,
            "year": 2013,
            "quarter": 4,
            "eps": 0.25,
            "eps_growth_year": -16.47,
            "eps_4q": 0.99,
            "eps_4q_growth_year": -2.43,
            "roe": 1.55,
            "roe_4q": 6.3,
            "gross_profit": 91907,
            "gross_margin": 6.79,
            "gross_margin_4q_avg": 8.63,
            "net_income": 24851,
            "net_income_4q": null,
            "revenue": 1353789,
            "revenue_4q": null,
            "common_shares": 997875,
            "book_valuer_per_share": 16.52,
            "book_valuer_per_share_4q_avg": 16.31,
            "equity": 1647322,
            "current_ratio": 181.75,
            "debt_ratio": 44.37,
            "inventory_turnover_ratio": 1.36,
            "account_receivable_turnover_ratio": 2.55,
            "reinvestment_rate": 25.49,
            "research_to_sale_ratio": 1.56,
            "price_fair": 80.5,
            "eps_avg_yearly": 2.3,
            "eps_latest_yearly": 1,
            "eps_growth_yearly": 58.7
        },
        "20141": {
            "year_quarter": 20141,
            "year": 2014,
            "quarter": 1,
            "eps": 0.21,
            "eps_growth_year": 0,
            "eps_4q": 0.99,
            "eps_4q_growth_year": -1.15,
            "roe": 1.27,
            "roe_4q": 6.29,
            "gross_profit": 96420,
            "gross_margin": 8.19,
            "gross_margin_4q_avg": 8.66,
            "net_income": 21053,
            "net_income_4q": null,
            "revenue": 1177013,
            "revenue_4q": null,
            "common_shares": 997875,
            "book_valuer_per_share": 16.74,
            "book_valuer_per_share_4q_avg": 16.33,
            "equity": 1668879,
            "current_ratio": 154.04,
            "debt_ratio": 43.78,
            "inventory_turnover_ratio": 1.16,
            "account_receivable_turnover_ratio": 2.17,
            "reinvestment_rate": 28.42,
            "research_to_sale_ratio": 1.71,
            "price_fair": 71.2,
            "eps_avg_yearly": 2.19,
            "eps_latest_yearly": 0.84,
            "eps_growth_yearly": 22.49
        },
        "20142": {
            "year_quarter": 20142,
            "year": 2014,
            "quarter": 2,
            "eps": 0.1,
            "eps_growth_year": -47.37,
            "eps_4q": 0.89,
            "eps_4q_growth_year": -4.41,
            "roe": 0.6,
            "roe_4q": 5.71,
            "gross_profit": 82047,
            "gross_margin": 6.52,
            "gross_margin_4q_avg": 7.88,
            "net_income": 10043,
            "net_income_4q": null,
            "revenue": 1257621,
            "revenue_4q": null,
            "common_shares": 1022216,
            "book_valuer_per_share": 16.38,
            "book_valuer_per_share_4q_avg": 16.47,
            "equity": 1673928,
            "current_ratio": 146.9,
            "debt_ratio": 47.38,
            "inventory_turnover_ratio": 1.2,
            "account_receivable_turnover_ratio": 2.47,
            "reinvestment_rate": 39.64,
            "research_to_sale_ratio": 1.82,
            "price_fair": 5.73,
            "eps_avg_yearly": 1.91,
            "eps_latest_yearly": 0.4,
            "eps_growth_yearly": -16.2
        },
        "20143": {
            "year_quarter": 20143,
            "year": 2014,
            "quarter": 3,
            "eps": -0.01,
            "eps_growth_year": -102.7,
            "eps_4q": 0.52,
            "eps_4q_growth_year": -51.39,
            "roe": -0.06,
            "roe_4q": 3.3600000000000003,
            "gross_profit": 85651,
            "gross_margin": 6.65,
            "gross_margin_4q_avg": 7.04,
            "net_income": -974,
            "net_income_4q": null,
            "revenue": 1287468,
            "revenue_4q": null,
            "common_shares": 1061519,
            "book_valuer_per_share": 16.71,
            "book_valuer_per_share_4q_avg": 16.59,
            "equity": 1773395,
            "current_ratio": 198.64,
            "debt_ratio": 46.89,
            "inventory_turnover_ratio": 1.21,
            "account_receivable_turnover_ratio": 2.32,
            "reinvestment_rate": 36.22,
            "research_to_sale_ratio": 1.79,
            "price_fair": 5.46,
            "eps_avg_yearly": 1.82,
            "eps_latest_yearly": 0.4,
            "eps_growth_yearly": -8.62
        },
        "20144": {
            "year_quarter": 20144,
            "year": 2014,
            "quarter": 4,
            "eps": 0.21,
            "eps_growth_year": -13.8,
            "eps_4q": 0.49,
            "eps_4q_growth_year": -50.71,
            "roe": 1.3,
            "roe_4q": 3.11,
            "gross_profit": 97902,
            "gross_margin": 7.59,
            "gross_margin_4q_avg": 7.24,
            "net_income": 23883,
            "net_income_4q": null,
            "revenue": 1289468,
            "revenue_4q": null,
            "common_shares": 1111519,
            "book_valuer_per_share": 17.1,
            "book_valuer_per_share_4q_avg": 16.73,
            "equity": 1901237,
            "current_ratio": 220.42,
            "debt_ratio": 44.79,
            "inventory_turnover_ratio": 1.27,
            "account_receivable_turnover_ratio": 2.15,
            "reinvestment_rate": 66.19,
            "research_to_sale_ratio": 1.78,
            "price_fair": 4.72,
            "eps_avg_yearly": 1.57,
            "eps_latest_yearly": 0.4,
            "eps_growth_yearly": -27.95
        },
        "20151": {
            "year_quarter": 20151,
            "year": 2015,
            "quarter": 1,
            "eps": 0,
            "eps_growth_year": -100,
            "eps_4q": 0.3,
            "eps_4q_growth_year": -69.96,
            "roe": 0.01,
            "roe_4q": 1.85,
            "gross_profit": 77803,
            "gross_margin": 7.43,
            "gross_margin_4q_avg": 7.05,
            "net_income": 252,
            "net_income_4q": null,
            "revenue": 1047772,
            "revenue_4q": null,
            "common_shares": 1111573,
            "book_valuer_per_share": 17.11,
            "book_valuer_per_share_4q_avg": 16.83,
            "equity": 1901584,
            "current_ratio": 214.72,
            "debt_ratio": 45.84,
            "inventory_turnover_ratio": 1.07,
            "account_receivable_turnover_ratio": 1.84,
            "reinvestment_rate": 89.73,
            "research_to_sale_ratio": 1.96,
            "price_fair": 3.37,
            "eps_avg_yearly": 1.12,
            "eps_latest_yearly": 0.4,
            "eps_growth_yearly": -43.52
        },
        "20152": {
            "year_quarter": 20152,
            "year": 2015,
            "quarter": 2,
            "eps": -0.09,
            "eps_growth_year": -190,
            "eps_4q": 0.12,
            "eps_4q_growth_year": -86.75,
            "roe": -0.54,
            "roe_4q": 0.71,
            "gross_profit": 75300,
            "gross_margin": 7.23,
            "gross_margin_4q_avg": 7.23,
            "net_income": -10057,
            "net_income_4q": null,
            "revenue": 1040995,
            "revenue_4q": null,
            "common_shares": 1111573,
            "book_valuer_per_share": 16.52,
            "book_valuer_per_share_4q_avg": 16.86,
            "equity": 1835951,
            "current_ratio": 197.71,
            "debt_ratio": 50.03,
            "inventory_turnover_ratio": 1.1,
            "account_receivable_turnover_ratio": 1.97,
            "reinvestment_rate": 97.77,
            "research_to_sale_ratio": 1.8,
            "price_fair": 2.93,
            "eps_avg_yearly": 0.98,
            "eps_latest_yearly": 0.4,
            "eps_growth_yearly": -23.82
        },
        "20153": {
            "year_quarter": 20153,
            "year": 2015,
            "quarter": 3,
            "eps": 0.2,
            "eps_growth_year": null,
            "eps_4q": 0.32,
            "eps_4q_growth_year": -37.51,
            "roe": 1.19,
            "roe_4q": 1.96,
            "gross_profit": 60545,
            "gross_margin": 5.88,
            "gross_margin_4q_avg": 7.03,
            "net_income": 21895,
            "net_income_4q": null,
            "revenue": 1029012,
            "revenue_4q": null,
            "common_shares": 1111573,
            "book_valuer_per_share": 16.71,
            "book_valuer_per_share_4q_avg": 16.86,
            "equity": 1857846,
            "current_ratio": 162.61,
            "debt_ratio": 53.76,
            "inventory_turnover_ratio": 1.02,
            "account_receivable_turnover_ratio": 1.93,
            "reinvestment_rate": 208.62,
            "research_to_sale_ratio": 2.02,
            "price_fair": 2.84,
            "eps_avg_yearly": 0.95,
            "eps_latest_yearly": 0.4,
            "eps_growth_yearly": -3.22
        },
        "20154": {
            "year_quarter": 20154,
            "year": 2015,
            "quarter": 4,
            "eps": -0.04,
            "eps_growth_year": -117.28,
            "eps_4q": 0.07,
            "eps_4q_growth_year": -85.26,
            "roe": -0.22,
            "roe_4q": 0.43999999999999995,
            "gross_profit": 60551,
            "gross_margin": 6.37,
            "gross_margin_4q_avg": 6.73,
            "net_income": -4127,
            "net_income_4q": null,
            "revenue": 950511,
            "revenue_4q": null,
            "common_shares": 1111573,
            "book_valuer_per_share": 16.68,
            "book_valuer_per_share_4q_avg": 16.76,
            "equity": 1853978,
            "current_ratio": 190.36,
            "debt_ratio": 48.34,
            "inventory_turnover_ratio": 0.98,
            "account_receivable_turnover_ratio": 1.88,
            "reinvestment_rate": 246.5,
            "research_to_sale_ratio": 1.6,
            "price_fair": 2.84,
            "eps_avg_yearly": 0.95,
            "eps_latest_yearly": 0.4,
            "eps_growth_yearly": -3.22
        },
        "20161": {
            "year_quarter": 20161,
            "year": 2016,
            "quarter": 1,
            "eps": -0.42,
            "eps_growth_year": null,
            "eps_4q": -0.35,
            "eps_4q_growth_year": -216.99,
            "roe": -2.54,
            "roe_4q": -2.1100000000000003,
            "gross_profit": 22385,
            "gross_margin": 2.58,
            "gross_margin_4q_avg": 5.52,
            "net_income": -46557,
            "net_income_4q": null,
            "revenue": 867981,
            "revenue_4q": null,
            "common_shares": 1111573,
            "book_valuer_per_share": 16.26,
            "book_valuer_per_share_4q_avg": 16.54,
            "equity": 1807421,
            "current_ratio": 179.48,
            "debt_ratio": 49.73,
            "inventory_turnover_ratio": 1.12,
            "account_receivable_turnover_ratio": 1.85,
            "reinvestment_rate": 346.65,
            "research_to_sale_ratio": 1.36,
            "price_fair": 2.84,
            "eps_avg_yearly": 0.95,
            "eps_latest_yearly": 0.4,
            "eps_growth_yearly": -3.22
        },
        "20162": {
            "year_quarter": 20162,
            "year": 2016,
            "quarter": 2,
            "eps": -0.2,
            "eps_growth_year": null,
            "eps_4q": -0.46,
            "eps_4q_growth_year": -492.75,
            "roe": -1.26,
            "roe_4q": -2.8299999999999996,
            "gross_profit": 54142,
            "gross_margin": 5.81,
            "gross_margin_4q_avg": 5.16,
            "net_income": -22677,
            "net_income_4q": null,
            "revenue": 932422,
            "revenue_4q": null,
            "common_shares": 1111573,
            "book_valuer_per_share": 16.06,
            "book_valuer_per_share_4q_avg": 16.43,
            "equity": 1784744,
            "current_ratio": 163.8,
            "debt_ratio": 51.01,
            "inventory_turnover_ratio": 1.18,
            "account_receivable_turnover_ratio": 2,
            "reinvestment_rate": 452.7,
            "research_to_sale_ratio": 1.33,
            "price_fair": 2.79,
            "eps_avg_yearly": 0.93,
            "eps_latest_yearly": 0.4,
            "eps_growth_yearly": -14.99
        },
        "20163": {
            "year_quarter": 20163,
            "year": 2016,
            "quarter": 3,
            "eps": -0.12,
            "eps_growth_year": -160,
            "eps_4q": -0.78,
            "eps_4q_growth_year": -341.49,
            "roe": -0.76,
            "roe_4q": -4.78,
            "gross_profit": 57624,
            "gross_margin": 6.29,
            "gross_margin_4q_avg": 5.26,
            "net_income": -13511,
            "net_income_4q": null,
            "revenue": 915563,
            "revenue_4q": null,
            "common_shares": 1111573,
            "book_valuer_per_share": 15.93,
            "book_valuer_per_share_4q_avg": 16.23,
            "equity": 1771233,
            "current_ratio": 114.68,
            "debt_ratio": 50.47,
            "inventory_turnover_ratio": 1.14,
            "account_receivable_turnover_ratio": 1.89,
            "reinvestment_rate": 655.21,
            "research_to_sale_ratio": 1.15,
            "price_fair": 2.79,
            "eps_avg_yearly": 0.93,
            "eps_latest_yearly": 0.4,
            "eps_growth_yearly": -8.67
        },
        "20164": {
            "year_quarter": 20164,
            "year": 2016,
            "quarter": 4,
            "eps": -0.17,
            "eps_growth_year": null,
            "eps_4q": -0.91,
            "eps_4q_growth_year": -1371.91,
            "roe": -1.05,
            "roe_4q": -5.61,
            "gross_profit": 49796,
            "gross_margin": 5.19,
            "gross_margin_4q_avg": 4.97,
            "net_income": -18537,
            "net_income_4q": null,
            "revenue": 960242,
            "revenue_4q": null,
            "common_shares": 1111573,
            "book_valuer_per_share": 15.78,
            "book_valuer_per_share_4q_avg": 16.01,
            "equity": 1753743,
            "current_ratio": 133.52,
            "debt_ratio": 51.25,
            "inventory_turnover_ratio": 1.3,
            "account_receivable_turnover_ratio": 1.87,
            "reinvestment_rate": 1204.99,
            "research_to_sale_ratio": 0.9,
            "price_fair": 2.66,
            "eps_avg_yearly": 0.89,
            "eps_latest_yearly": 0.4,
            "eps_growth_yearly": -30.4
        },
        "20171": {
            "year_quarter": 20171,
            "year": 2017,
            "quarter": 1,
            "eps": 0.18,
            "eps_growth_year": null,
            "eps_4q": -0.32,
            "eps_4q_growth_year": null,
            "roe": 1.11,
            "roe_4q": -1.96,
            "gross_profit": 105284,
            "gross_margin": 11.68,
            "gross_margin_4q_avg": 7.24,
            "net_income": 19574,
            "net_income_4q": null,
            "revenue": 901348,
            "revenue_4q": null,
            "common_shares": 1111573,
            "book_valuer_per_share": 15.95,
            "book_valuer_per_share_4q_avg": 15.93,
            "equity": 1773044,
            "current_ratio": 119.73,
            "debt_ratio": 52.33,
            "inventory_turnover_ratio": 1.05,
            "account_receivable_turnover_ratio": 1.89,
            "reinvestment_rate": 1198.66,
            "research_to_sale_ratio": 0.66,
            "price_fair": 2.69,
            "eps_avg_yearly": 0.9,
            "eps_latest_yearly": 0.4,
            "eps_growth_yearly": -12.48
        },
        "20172": {
            "year_quarter": 20172,
            "year": 2017,
            "quarter": 2,
            "eps": -0.13,
            "eps_growth_year": null,
            "eps_4q": -0.24,
            "eps_4q_growth_year": null,
            "roe": -0.81,
            "roe_4q": -1.51,
            "gross_profit": 52761,
            "gross_margin": 5.48,
            "gross_margin_4q_avg": 7.16,
            "net_income": -14235,
            "net_income_4q": null,
            "revenue": 962040,
            "revenue_4q": null,
            "common_shares": 1111573,
            "book_valuer_per_share": 15.8,
            "book_valuer_per_share_4q_avg": 15.87,
            "equity": 1755965,
            "current_ratio": 114.99,
            "debt_ratio": 54.52,
            "inventory_turnover_ratio": 1.05,
            "account_receivable_turnover_ratio": 2.05,
            "reinvestment_rate": 2911.58,
            "research_to_sale_ratio": 0.73,
            "price_fair": 2.79,
            "eps_avg_yearly": 0.93,
            "eps_latest_yearly": 0.4,
            "eps_growth_yearly": -6.08
        },
        "20173": {
            "year_quarter": 20173,
            "year": 2017,
            "quarter": 3,
            "eps": -0.23,
            "eps_growth_year": null,
            "eps_4q": -0.35,
            "eps_4q_growth_year": null,
            "roe": -1.49,
            "roe_4q": -2.2399999999999998,
            "gross_profit": 44664,
            "gross_margin": 4.07,
            "gross_margin_4q_avg": 6.61,
            "net_income": -26001,
            "net_income_4q": null,
            "revenue": 1096809,
            "revenue_4q": null,
            "common_shares": 1111573,
            "book_valuer_per_share": 15.56,
            "book_valuer_per_share_4q_avg": 15.77,
            "equity": 1729708,
            "current_ratio": 124.88,
            "debt_ratio": 51.77,
            "inventory_turnover_ratio": 1.33,
            "account_receivable_turnover_ratio": 2.1,
            "reinvestment_rate": null,
            "research_to_sale_ratio": 0.7,
            "price_fair": 2.24,
            "eps_avg_yearly": 0.75,
            "eps_latest_yearly": 0.4,
            "eps_growth_yearly": -134.42
        },
        "20174": {
            "year_quarter": 20174,
            "year": 2017,
            "quarter": 4,
            "eps": 0.16,
            "eps_growth_year": null,
            "eps_4q": -0.03,
            "eps_4q_growth_year": null,
            "roe": 1.02,
            "roe_4q": -0.16999999999999993,
            "gross_profit": 68096,
            "gross_margin": 6.77,
            "gross_margin_4q_avg": 7,
            "net_income": 17701,
            "net_income_4q": null,
            "revenue": 1005975,
            "revenue_4q": null,
            "common_shares": 1111573,
            "book_valuer_per_share": 15.65,
            "book_valuer_per_share_4q_avg": 15.74,
            "equity": 1740156,
            "current_ratio": 161.39,
            "debt_ratio": 52.79,
            "inventory_turnover_ratio": 1.25,
            "account_receivable_turnover_ratio": 1.81,
            "reinvestment_rate": null,
            "research_to_sale_ratio": 0.67,
            "price_fair": 1.86,
            "eps_avg_yearly": 0.62,
            "eps_latest_yearly": 0.4,
            "eps_growth_yearly": -136.76
        },
        "20181": {
            "year_quarter": 20181,
            "year": 2018,
            "quarter": 1,
            "eps": -0.11,
            "eps_growth_year": -161.11,
            "eps_4q": -0.31,
            "eps_4q_growth_year": null,
            "roe": -0.71,
            "roe_4q": -1.99,
            "gross_profit": 54191,
            "gross_margin": 5.67,
            "gross_margin_4q_avg": 5.5,
            "net_income": -12253,
            "net_income_4q": null,
            "revenue": 956450,
            "revenue_4q": null,
            "common_shares": 1111573,
            "book_valuer_per_share": 15.54,
            "book_valuer_per_share_4q_avg": 15.64,
            "equity": 1726939,
            "current_ratio": 161.81,
            "debt_ratio": 53.14,
            "inventory_turnover_ratio": 1.07,
            "account_receivable_turnover_ratio": 1.78,
            "reinvestment_rate": null,
            "research_to_sale_ratio": 0.71,
            "price_fair": 1.2,
            "eps_avg_yearly": 0.4,
            "eps_latest_yearly": 0.4,
            "eps_growth_yearly": -209.52
        },
        "20182": {
            "year_quarter": 20182,
            "year": 2018,
            "quarter": 2,
            "eps": -0.18,
            "eps_growth_year": null,
            "eps_4q": -0.37,
            "eps_4q_growth_year": null,
            "roe": -1.17,
            "roe_4q": -2.3499999999999996,
            "gross_profit": 40216,
            "gross_margin": 3.92,
            "gross_margin_4q_avg": 5.11,
            "net_income": -20048,
            "net_income_4q": null,
            "revenue": 1025758,
            "revenue_4q": null,
            "common_shares": 1111573,
            "book_valuer_per_share": 15.38,
            "book_valuer_per_share_4q_avg": 15.53,
            "equity": 1709745,
            "current_ratio": 151.84,
            "debt_ratio": 54.89,
            "inventory_turnover_ratio": 1.09,
            "account_receivable_turnover_ratio": 1.92,
            "reinvestment_rate": null,
            "research_to_sale_ratio": 0.83,
            "price_fair": 0,
            "eps_avg_yearly": 0,
            "eps_latest_yearly": 0,
            "eps_growth_yearly": 0
        },
        "20183": {
            "year_quarter": 20183,
            "year": 2018,
            "quarter": 3,
            "eps": -0.32,
            "eps_growth_year": null,
            "eps_4q": -0.45,
            "eps_4q_growth_year": null,
            "roe": -2.11,
            "roe_4q": -2.9699999999999998,
            "gross_profit": 24939,
            "gross_margin": 2.13,
            "gross_margin_4q_avg": 4.62,
            "net_income": -35742,
            "net_income_4q": null,
            "revenue": 1173263,
            "revenue_4q": null,
            "common_shares": 1111573,
            "book_valuer_per_share": 15.06,
            "book_valuer_per_share_4q_avg": 15.41,
            "equity": 1674139,
            "current_ratio": 140.84,
            "debt_ratio": 56.22,
            "inventory_turnover_ratio": 1.37,
            "account_receivable_turnover_ratio": 1.8,
            "reinvestment_rate": null,
            "research_to_sale_ratio": 0.9,
            "price_fair": 0,
            "eps_avg_yearly": 0,
            "eps_latest_yearly": 0,
            "eps_growth_yearly": 0
        },
        "20184": {
            "year_quarter": 20184,
            "year": 2018,
            "quarter": 4,
            "eps": -0.33,
            "eps_growth_year": -305.59,
            "eps_4q": -0.94,
            "eps_4q_growth_year": null,
            "roe": -2.19,
            "roe_4q": -6.18,
            "gross_profit": 19371,
            "gross_margin": 2.04,
            "gross_margin_4q_avg": 3.44,
            "net_income": -36391,
            "net_income_4q": null,
            "revenue": 951088,
            "revenue_4q": null,
            "common_shares": 1111573,
            "book_valuer_per_share": 14.78,
            "book_valuer_per_share_4q_avg": 15.19,
            "equity": 1643333,
            "current_ratio": 138.33,
            "debt_ratio": 55.29,
            "inventory_turnover_ratio": 1.17,
            "account_receivable_turnover_ratio": 1.46,
            "reinvestment_rate": null,
            "research_to_sale_ratio": 1.03,
            "price_fair": 0,
            "eps_avg_yearly": 0,
            "eps_latest_yearly": 0,
            "eps_growth_yearly": 0
        },
        "20191": {
            "year_quarter": 20191,
            "year": 2019,
            "quarter": 1,
            "eps": 0.19,
            "eps_growth_year": null,
            "eps_4q": -0.64,
            "eps_4q_growth_year": null,
            "roe": 1.3,
            "roe_4q": -4.17,
            "gross_profit": 71773,
            "gross_margin": 7.18,
            "gross_margin_4q_avg": 3.82,
            "net_income": 21565,
            "net_income_4q": null,
            "revenue": 999177,
            "revenue_4q": null,
            "common_shares": 1111573,
            "book_valuer_per_share": 14.98,
            "book_valuer_per_share_4q_avg": 15.05,
            "equity": 1665119,
            "current_ratio": 142,
            "debt_ratio": 54.48,
            "inventory_turnover_ratio": 1.14,
            "account_receivable_turnover_ratio": 1.71,
            "reinvestment_rate": null,
            "research_to_sale_ratio": 0.94,
            "price_fair": 0,
            "eps_avg_yearly": 0,
            "eps_latest_yearly": 0,
            "eps_growth_yearly": 0
        },
        "20192": {
            "year_quarter": 20192,
            "year": 2019,
            "quarter": 2,
            "eps": -0.12,
            "eps_growth_year": null,
            "eps_4q": -0.58,
            "eps_4q_growth_year": null,
            "roe": -0.86,
            "roe_4q": -3.86,
            "gross_profit": 71376,
            "gross_margin": 8.62,
            "gross_margin_4q_avg": 4.99,
            "net_income": -14202,
            "net_income_4q": null,
            "revenue": 827582,
            "revenue_4q": null,
            "common_shares": 1111573,
            "book_valuer_per_share": 14.86,
            "book_valuer_per_share_4q_avg": 14.92,
            "equity": 1651423,
            "current_ratio": 216.64,
            "debt_ratio": 53.73,
            "inventory_turnover_ratio": 0.98,
            "account_receivable_turnover_ratio": 1.56,
            "reinvestment_rate": null,
            "research_to_sale_ratio": 1.19,
            "price_fair": 0,
            "eps_avg_yearly": 0,
            "eps_latest_yearly": 0,
            "eps_growth_yearly": 0
        },
        "20193": {
            "year_quarter": 20193,
            "year": 2019,
            "quarter": 3,
            "eps": -0.19,
            "eps_growth_year": null,
            "eps_4q": -0.45,
            "eps_4q_growth_year": null,
            "roe": -1.26,
            "roe_4q": -3.01,
            "gross_profit": 76916,
            "gross_margin": 10.19,
            "gross_margin_4q_avg": 7.01,
            "net_income": -20711,
            "net_income_4q": null,
            "revenue": 755117,
            "revenue_4q": null,
            "common_shares": 1111573,
            "book_valuer_per_share": 14.67,
            "book_valuer_per_share_4q_avg": 14.82,
            "equity": 1631079,
            "current_ratio": 208.19,
            "debt_ratio": 54.38,
            "inventory_turnover_ratio": 0.93,
            "account_receivable_turnover_ratio": 1.63,
            "reinvestment_rate": null,
            "research_to_sale_ratio": 1.53,
            "price_fair": 0,
            "eps_avg_yearly": 0,
            "eps_latest_yearly": 0,
            "eps_growth_yearly": 0
        },
        "20194": {
            "year_quarter": 20194,
            "year": 2019,
            "quarter": 4,
            "eps": -0.77,
            "eps_growth_year": null,
            "eps_4q": -0.89,
            "eps_4q_growth_year": null,
            "roe": -5.4,
            "roe_4q": -6.220000000000001,
            "gross_profit": 11245,
            "gross_margin": 1.58,
            "gross_margin_4q_avg": 6.89,
            "net_income": -85692,
            "net_income_4q": null,
            "revenue": 711975,
            "revenue_4q": null,
            "common_shares": 1111573,
            "book_valuer_per_share": 13.87,
            "book_valuer_per_share_4q_avg": 14.6,
            "equity": 1542254,
            "current_ratio": 207.27,
            "debt_ratio": 54.67,
            "inventory_turnover_ratio": 1.03,
            "account_receivable_turnover_ratio": 1.64,
            "reinvestment_rate": null,
            "research_to_sale_ratio": 1.41,
            "price_fair": 0,
            "eps_avg_yearly": 0,
            "eps_latest_yearly": 0,
            "eps_growth_yearly": 0
        },
        "20201": {
            "year_quarter": 20201,
            "year": 2020,
            "quarter": 1,
            "eps": -0.11,
            "eps_growth_year": -157.89,
            "eps_4q": -1.2,
            "eps_4q_growth_year": null,
            "roe": -0.81,
            "roe_4q": -8.33,
            "gross_profit": 71039,
            "gross_margin": 9.04,
            "gross_margin_4q_avg": 7.36,
            "net_income": -12425,
            "net_income_4q": null,
            "revenue": 786007,
            "revenue_4q": null,
            "common_shares": 1111573,
            "book_valuer_per_share": 13.77,
            "book_valuer_per_share_4q_avg": 14.29,
            "equity": 1530107,
            "current_ratio": 199.99,
            "debt_ratio": 54.53,
            "inventory_turnover_ratio": 1.17,
            "account_receivable_turnover_ratio": 1.87,
            "reinvestment_rate": null,
            "research_to_sale_ratio": 1.11,
            "price_fair": 0,
            "eps_avg_yearly": 0,
            "eps_latest_yearly": 0,
            "eps_growth_yearly": 0
        },
        "20202": {
            "year_quarter": 20202,
            "year": 2020,
            "quarter": 2,
            "eps": -0.35,
            "eps_growth_year": null,
            "eps_4q": -1.41,
            "eps_4q_growth_year": null,
            "roe": -2.56,
            "roe_4q": -10.03,
            "gross_profit": -8085,
            "gross_margin": -2.52,
            "gross_margin_4q_avg": 4.57,
            "net_income": -38734,
            "net_income_4q": null,
            "revenue": 321011,
            "revenue_4q": null,
            "common_shares": 1111573,
            "book_valuer_per_share": 13.42,
            "book_valuer_per_share_4q_avg": 13.93,
            "equity": 1496477,
            "current_ratio": 187.01,
            "debt_ratio": 53.3,
            "inventory_turnover_ratio": 0.54,
            "account_receivable_turnover_ratio": 0.95,
            "reinvestment_rate": null,
            "research_to_sale_ratio": 3.53,
            "price_fair": 0,
            "eps_avg_yearly": 0,
            "eps_latest_yearly": 0,
            "eps_growth_yearly": 0
        },
        "20203": {
            "year_quarter": 20203,
            "year": 2020,
            "quarter": 3,
            "eps": 0.47,
            "eps_growth_year": null,
            "eps_4q": -0.75,
            "eps_4q_growth_year": null,
            "roe": 3.44,
            "roe_4q": -5.33,
            "gross_profit": 91086,
            "gross_margin": 12.79,
            "gross_margin_4q_avg": 5.22,
            "net_income": 52368,
            "net_income_4q": null,
            "revenue": 712057,
            "revenue_4q": null,
            "common_shares": 1111573,
            "book_valuer_per_share": 13.87,
            "book_valuer_per_share_4q_avg": 13.73,
            "equity": 1546322,
            "current_ratio": 233.75,
            "debt_ratio": 53.8,
            "inventory_turnover_ratio": 1.03,
            "account_receivable_turnover_ratio": 2.3,
            "reinvestment_rate": null,
            "research_to_sale_ratio": 1.56,
            "price_fair": 0,
            "eps_avg_yearly": 0,
            "eps_latest_yearly": 0,
            "eps_growth_yearly": 0
        },
        "20204": {
            "year_quarter": 20204,
            "year": 2020,
            "quarter": 4,
            "eps": 0.36,
            "eps_growth_year": null,
            "eps_4q": 0.38,
            "eps_4q_growth_year": null,
            "roe": 2.51,
            "roe_4q": 2.579999999999999,
            "gross_profit": 127645,
            "gross_margin": 15.64,
            "gross_margin_4q_avg": 8.74,
            "net_income": 39280,
            "net_income_4q": null,
            "revenue": 816358,
            "revenue_4q": null,
            "common_shares": 1111573,
            "book_valuer_per_share": 14.18,
            "book_valuer_per_share_4q_avg": 13.81,
            "equity": 1579597,
            "current_ratio": 218.58,
            "debt_ratio": 53.82,
            "inventory_turnover_ratio": 1.34,
            "account_receivable_turnover_ratio": 2.03,
            "reinvestment_rate": null,
            "research_to_sale_ratio": 1.94,
            "price_fair": 4.32,
            "eps_avg_yearly": 1.44,
            "eps_latest_yearly": 1.44,
            "eps_growth_yearly": -93.62
        },
        "20211": {
            "year_quarter": 20211,
            "year": 2021,
            "quarter": 1,
            "eps": 0.36,
            "eps_growth_year": null,
            "eps_4q": 0.85,
            "eps_4q_growth_year": null,
            "roe": 2.5,
            "roe_4q": 5.889999999999999,
            "gross_profit": 155359,
            "gross_margin": 19.89,
            "gross_margin_4q_avg": 11.45,
            "net_income": 40047,
            "net_income_4q": null,
            "revenue": 781257,
            "revenue_4q": null,
            "common_shares": 1111573,
            "book_valuer_per_share": 14.54,
            "book_valuer_per_share_4q_avg": 14,
            "equity": 1619852,
            "current_ratio": 198.56,
            "debt_ratio": 54.34,
            "inventory_turnover_ratio": 1.27,
            "account_receivable_turnover_ratio": 1.9,
            "reinvestment_rate": null,
            "research_to_sale_ratio": 1.65,
            "price_fair": 4.32,
            "eps_avg_yearly": 1.44,
            "eps_latest_yearly": 1.44,
            "eps_growth_yearly": -46.81
        },
        "20212": {
            "year_quarter": 20212,
            "year": 2021,
            "quarter": 2,
            "eps": 0.5,
            "eps_growth_year": null,
            "eps_4q": 1.7,
            "eps_4q_growth_year": null,
            "roe": 3.4,
            "roe_4q": 11.85,
            "gross_profit": 165315,
            "gross_margin": 18.16,
            "gross_margin_4q_avg": 16.62,
            "net_income": 56018,
            "net_income_4q": null,
            "revenue": 910132,
            "revenue_4q": null,
            "common_shares": 1111573,
            "book_valuer_per_share": 15.03,
            "book_valuer_per_share_4q_avg": 14.41,
            "equity": 1671122,
            "current_ratio": 183.43,
            "debt_ratio": 53.58,
            "inventory_turnover_ratio": 1.31,
            "account_receivable_turnover_ratio": 2,
            "reinvestment_rate": null,
            "research_to_sale_ratio": 1.35,
            "price_fair": 49.85,
            "eps_avg_yearly": 1.63,
            "eps_latest_yearly": 2,
            "eps_growth_yearly": 20.65
        },
        "20213": {
            "year_quarter": 20213,
            "year": 2021,
            "quarter": 3,
            "eps": 0.41,
            "eps_growth_year": -12.77,
            "eps_4q": 1.63,
            "eps_4q_growth_year": null,
            "roe": 2.68,
            "roe_4q": 11.09,
            "gross_profit": 165797,
            "gross_margin": 16.85,
            "gross_margin_4q_avg": 17.64,
            "net_income": 45463,
            "net_income_4q": null,
            "revenue": 983976,
            "revenue_4q": null,
            "common_shares": 1111573,
            "book_valuer_per_share": 15.45,
            "book_valuer_per_share_4q_avg": 14.8,
            "equity": 1717174,
            "current_ratio": 208.1,
            "debt_ratio": 52.75,
            "inventory_turnover_ratio": 1.35,
            "account_receivable_turnover_ratio": 1.82,
            "reinvestment_rate": null,
            "research_to_sale_ratio": 1.21,
            "price_fair": 4.89,
            "eps_avg_yearly": 1.63,
            "eps_latest_yearly": 1.64,
            "eps_growth_yearly": -2.52
        },
        "20214": {
            "year_quarter": 20214,
            "year": 2021,
            "quarter": 4,
            "eps": 0.33,
            "eps_growth_year": -8.84,
            "eps_4q": 1.6,
            "eps_4q_growth_year": 318.6,
            "roe": 2.11,
            "roe_4q": 10.69,
            "gross_profit": 134886,
            "gross_margin": 15.07,
            "gross_margin_4q_avg": 17.49,
            "net_income": 36672,
            "net_income_4q": null,
            "revenue": 895290,
            "revenue_4q": null,
            "common_shares": 1111573,
            "book_valuer_per_share": 15.8,
            "book_valuer_per_share_4q_avg": 15.21,
            "equity": 1756228,
            "current_ratio": 153.45,
            "debt_ratio": 52.34,
            "inventory_turnover_ratio": 1.17,
            "account_receivable_turnover_ratio": 1.68,
            "reinvestment_rate": -1307.43,
            "research_to_sale_ratio": 1.8,
            "price_fair": 4.7,
            "eps_avg_yearly": 1.57,
            "eps_latest_yearly": 1.32,
            "eps_growth_yearly": -17.62
        },
        "20221": {
            "year_quarter": 20221,
            "year": 2022,
            "quarter": 1,
            "eps": 0.39,
            "eps_growth_year": 8.33,
            "eps_4q": 1.64,
            "eps_4q_growth_year": 92.58,
            "roe": 2.47,
            "roe_4q": 10.66,
            "gross_profit": 128794,
            "gross_margin": 15.91,
            "gross_margin_4q_avg": 16.5,
            "net_income": 43904,
            "net_income_4q": null,
            "revenue": 809419,
            "revenue_4q": null,
            "common_shares": 1111573,
            "book_valuer_per_share": 16.21,
            "book_valuer_per_share_4q_avg": 15.62,
            "equity": 1801883,
            "current_ratio": 206.39,
            "debt_ratio": 53.99,
            "inventory_turnover_ratio": 0.86,
            "account_receivable_turnover_ratio": 1.74,
            "reinvestment_rate": -165.68,
            "research_to_sale_ratio": 1.5,
            "price_fair": 4.7,
            "eps_avg_yearly": 1.57,
            "eps_latest_yearly": 1.56,
            "eps_growth_yearly": -2.56
        },
        "20222": {
            "year_quarter": 20222,
            "year": 2022,
            "quarter": 2,
            "eps": 0.03,
            "eps_growth_year": -94,
            "eps_4q": 1.16,
            "eps_4q_growth_year": -31.68,
            "roe": 0.16,
            "roe_4q": 7.42,
            "gross_profit": 54924,
            "gross_margin": 7.6,
            "gross_margin_4q_avg": 13.86,
            "net_income": 2807,
            "net_income_4q": null,
            "revenue": 722433,
            "revenue_4q": null,
            "common_shares": 1111573,
            "book_valuer_per_share": 15.24,
            "book_valuer_per_share_4q_avg": 15.68,
            "equity": 1694579,
            "current_ratio": 172.89,
            "debt_ratio": 55.05,
            "inventory_turnover_ratio": 0.77,
            "account_receivable_turnover_ratio": 1.8,
            "reinvestment_rate": -80.21,
            "research_to_sale_ratio": 1.65,
            "price_fair": 4.08,
            "eps_avg_yearly": 1.36,
            "eps_latest_yearly": 0.12,
            "eps_growth_yearly": -54.94
        },
        "20223": {
            "year_quarter": 20223,
            "year": 2022,
            "quarter": 3,
            "eps": -0.4,
            "eps_growth_year": -197.56,
            "eps_4q": 0.35,
            "eps_4q_growth_year": -78.61,
            "roe": -2.66,
            "roe_4q": 2.08,
            "gross_profit": -15815,
            "gross_margin": -2.39,
            "gross_margin_4q_avg": 9.05,
            "net_income": -44580,
            "net_income_4q": null,
            "revenue": 663023,
            "revenue_4q": null,
            "common_shares": 1111573,
            "book_valuer_per_share": 14.87,
            "book_valuer_per_share_4q_avg": 15.53,
            "equity": 1652588,
            "current_ratio": 166.05,
            "debt_ratio": 55.57,
            "inventory_turnover_ratio": 0.82,
            "account_receivable_turnover_ratio": 1.76,
            "reinvestment_rate": -51.52,
            "research_to_sale_ratio": 1.88,
            "price_fair": 4.08,
            "eps_avg_yearly": 1.36,
            "eps_latest_yearly": 0.12,
            "eps_growth_yearly": -54.94
        },
        "20224": {
            "year_quarter": 20224,
            "year": 2022,
            "quarter": 4,
            "eps": -0.62,
            "eps_growth_year": -287.81,
            "eps_4q": -0.6,
            "eps_4q_growth_year": -137.52,
            "roe": -4.24,
            "roe_4q": -4.27,
            "gross_profit": 2952,
            "gross_margin": 0.5,
            "gross_margin_4q_avg": 5.41,
            "net_income": -68875,
            "net_income_4q": null,
            "revenue": 590551,
            "revenue_4q": null,
            "common_shares": 1111573,
            "book_valuer_per_share": 14.36,
            "book_valuer_per_share_4q_avg": 15.17,
            "equity": 1595893,
            "current_ratio": 180.16,
            "debt_ratio": 54.24,
            "inventory_turnover_ratio": 0.75,
            "account_receivable_turnover_ratio": 1.59,
            "reinvestment_rate": -22.76,
            "research_to_sale_ratio": 2.07,
            "price_fair": 4.08,
            "eps_avg_yearly": 1.36,
            "eps_latest_yearly": 0.12,
            "eps_growth_yearly": -54.94
        },
        "20231": {
            "year_quarter": 20231,
            "year": 2023,
            "quarter": 1,
            "eps": null,
            "eps_growth_year": null,
            "eps_4q": null,
            "eps_4q_growth_year": null,
            "roe": null,
            "roe_4q": -6.74,
            "gross_profit": null,
            "gross_margin": null,
            "gross_margin_4q_avg": 1.43,
            "net_income": null,
            "net_income_4q": null,
            "revenue": null,
            "revenue_4q": null,
            "common_shares": null,
            "book_valuer_per_share": 13.66,
            "book_valuer_per_share_4q_avg": 14.53,
            "equity": null,
            "current_ratio": 214.55,
            "debt_ratio": 56.91,
            "inventory_turnover_ratio": null,
            "account_receivable_turnover_ratio": null,
            "reinvestment_rate": null,
            "research_to_sale_ratio": null,
            "price_fair": 4.08,
            "eps_avg_yearly": 1.36,
            "eps_latest_yearly": 0.12,
            "eps_growth_yearly": -54.94
        },
        "20232": {
            "year_quarter": 20232,
            "year": 2023,
            "quarter": 2,
            "eps": -0.4,
            "eps_growth_year": -1433.33,
            "eps_4q": null,
            "eps_4q_growth_year": null,
            "roe": -3.03,
            "roe_4q": -9.93,
            "gross_profit": 4945,
            "gross_margin": 0.82,
            "gross_margin_4q_avg": -0.27,
            "net_income": -44702,
            "net_income_4q": null,
            "revenue": 599716,
            "revenue_4q": null,
            "common_shares": 1111573,
            "book_valuer_per_share": 13.27,
            "book_valuer_per_share_4q_avg": 14.04,
            "equity": 1475005,
            "current_ratio": 191.49,
            "debt_ratio": 58.48,
            "inventory_turnover_ratio": 0.79,
            "account_receivable_turnover_ratio": 1.94,
            "reinvestment_rate": null,
            "research_to_sale_ratio": 1.59,
            "price_fair": 4.08,
            "eps_avg_yearly": 1.36,
            "eps_latest_yearly": 0.12,
            "eps_growth_yearly": -54.94
        }
    },
    "months": {
        "2001-06": {
            "month": "2001-06",
            "price": "0.85",
            "revenue": 137027
        },
        "2001-07": {
            "month": "2001-07",
            "price": "0.65",
            "revenue": 144925
        },
        "2001-08": {
            "month": "2001-08",
            "price": "0.78",
            "revenue": 142163
        },
        "2001-09": {
            "month": "2001-09",
            "price": "0.70",
            "revenue": 98877
        },
        "2001-10": {
            "month": "2001-10",
            "price": "0.59",
            "revenue": 135918
        },
        "2001-11": {
            "month": "2001-11",
            "price": "0.60",
            "revenue": 148201
        },
        "2001-12": {
            "month": "2001-12",
            "price": "0.62",
            "revenue": 133263
        },
        "2002-01": {
            "month": "2002-01",
            "price": "0.73",
            "revenue": 122656
        },
        "2002-02": {
            "month": "2002-02",
            "price": "1.01",
            "revenue": 108612
        },
        "2002-03": {
            "month": "2002-03",
            "price": "1.02",
            "revenue": 172842
        },
        "2002-04": {
            "month": "2002-04",
            "price": "2.52",
            "revenue": 168121
        },
        "2002-05": {
            "month": "2002-05",
            "price": "2.75",
            "revenue": 168319
        },
        "2002-06": {
            "month": "2002-06",
            "price": "2.23",
            "revenue": 148557
        },
        "2002-07": {
            "month": "2002-07",
            "price": "2.07",
            "revenue": 140282
        },
        "2002-08": {
            "month": "2002-08",
            "price": "1.89",
            "revenue": 161580
        },
        "2002-09": {
            "month": "2002-09",
            "price": "1.74",
            "revenue": 166395
        },
        "2002-10": {
            "month": "2002-10",
            "price": "1.67",
            "revenue": 171246
        },
        "2002-11": {
            "month": "2002-11",
            "price": "1.77",
            "revenue": 155769
        },
        "2002-12": {
            "month": "2002-12",
            "price": "1.79",
            "revenue": 151264
        },
        "2003-01": {
            "month": "2003-01",
            "price": "2.62",
            "revenue": 172976
        },
        "2003-03": {
            "month": "2003-03",
            "price": "3.61",
            "revenue": 218357
        },
        "2003-04": {
            "month": "2003-04",
            "price": "3.39",
            "revenue": 189152
        },
        "2003-05": {
            "month": "2003-05",
            "price": "2.73",
            "revenue": 235188
        },
        "2003-06": {
            "month": "2003-06",
            "price": "3.32",
            "revenue": 202123
        },
        "2003-07": {
            "month": "2003-07",
            "price": "3.48",
            "revenue": 225876
        },
        "2003-08": {
            "month": "2003-08",
            "price": "3.20",
            "revenue": 209975
        },
        "2003-09": {
            "month": "2003-09",
            "price": "3.18",
            "revenue": 224076
        },
        "2003-10": {
            "month": "2003-10",
            "price": "3.76",
            "revenue": 222256
        },
        "2003-11": {
            "month": "2003-11",
            "price": "3.94",
            "revenue": 185761
        },
        "2003-12": {
            "month": "2003-12",
            "price": "4.15",
            "revenue": 210344
        },
        "2004-01": {
            "month": "2004-01",
            "price": "4.42",
            "revenue": 213147
        },
        "2004-02": {
            "month": "2004-02",
            "price": "5.56",
            "revenue": 248843
        },
        "2004-03": {
            "month": "2004-03",
            "price": "5.75",
            "revenue": 235440
        },
        "2004-04": {
            "month": "2004-04",
            "price": "5.52",
            "revenue": 236829
        },
        "2004-05": {
            "month": "2004-05",
            "price": "5.47",
            "revenue": 213398
        },
        "2004-06": {
            "month": "2004-06",
            "price": "5.83",
            "revenue": 240991
        },
        "2004-07": {
            "month": "2004-07",
            "price": "5.23",
            "revenue": 269542
        },
        "2004-08": {
            "month": "2004-08",
            "price": "5.37",
            "revenue": 263700
        },
        "2004-09": {
            "month": "2004-09",
            "price": "8.13",
            "revenue": 244185
        },
        "2004-10": {
            "month": "2004-10",
            "price": "7.83",
            "revenue": 271267
        },
        "2004-11": {
            "month": "2004-11",
            "price": "8.21",
            "revenue": 222893
        },
        "2004-12": {
            "month": "2004-12",
            "price": "7.79",
            "revenue": 212676
        },
        "2005-01": {
            "month": "2005-01",
            "price": "7.74",
            "revenue": 305861
        },
        "2005-02": {
            "month": "2005-02",
            "price": "7.79",
            "revenue": 247844
        },
        "2005-03": {
            "month": "2005-03",
            "price": "7.44",
            "revenue": 282596
        },
        "2005-04": {
            "month": "2005-04",
            "price": "6.18",
            "revenue": 278851
        },
        "2005-05": {
            "month": "2005-05",
            "price": "4.91",
            "revenue": 291671
        },
        "2005-06": {
            "month": "2005-06",
            "price": "4.87",
            "revenue": 283428
        },
        "2005-07": {
            "month": "2005-07",
            "price": "4.79",
            "revenue": 284948
        },
        "2005-08": {
            "month": "2005-08",
            "price": "4.18",
            "revenue": 323101
        },
        "2005-09": {
            "month": "2005-09",
            "price": "3.64",
            "revenue": 283117
        },
        "2005-10": {
            "month": "2005-10",
            "price": "3.44",
            "revenue": 248860
        },
        "2005-11": {
            "month": "2005-11",
            "price": "3.52",
            "revenue": 204314
        },
        "2005-12": {
            "month": "2005-12",
            "price": "3.36",
            "revenue": 281520
        },
        "2006-01": {
            "month": "2006-01",
            "price": "3.80",
            "revenue": 249357
        },
        "2006-02": {
            "month": "2006-02",
            "price": "3.80",
            "revenue": 220599
        },
        "2006-03": {
            "month": "2006-03",
            "price": "3.66",
            "revenue": 262912
        },
        "2006-04": {
            "month": "2006-04",
            "price": "3.70",
            "revenue": 239298
        },
        "2006-05": {
            "month": "2006-05",
            "price": "4.53",
            "revenue": 267122
        },
        "2006-06": {
            "month": "2006-06",
            "price": "4.38",
            "revenue": 289341
        },
        "2006-07": {
            "month": "2006-07",
            "price": "4.59",
            "revenue": 251277
        },
        "2006-08": {
            "month": "2006-08",
            "price": "4.66",
            "revenue": 271670
        },
        "2006-09": {
            "month": "2006-09",
            "price": "4.79",
            "revenue": 287761
        },
        "2006-10": {
            "month": "2006-10",
            "price": "5.24",
            "revenue": 238063
        },
        "2006-11": {
            "month": "2006-11",
            "price": "6.29",
            "revenue": 319829
        },
        "2006-12": {
            "month": "2006-12",
            "price": "7.36",
            "revenue": 342700
        },
        "2007-01": {
            "month": "2007-01",
            "price": "7.26",
            "revenue": 295496
        },
        "2007-02": {
            "month": "2007-02",
            "price": "7.37",
            "revenue": 255907
        },
        "2007-03": {
            "month": "2007-03",
            "price": "7.80",
            "revenue": 354143
        },
        "2007-04": {
            "month": "2007-04",
            "price": "9.91",
            "revenue": 318358
        },
        "2007-05": {
            "month": "2007-05",
            "price": "8.77",
            "revenue": 401348
        },
        "2007-06": {
            "month": "2007-06",
            "price": "8.59",
            "revenue": 361173
        },
        "2007-07": {
            "month": "2007-07",
            "price": "10.24",
            "revenue": 320559
        },
        "2007-08": {
            "month": "2007-08",
            "price": "11.62",
            "revenue": 355252
        },
        "2007-09": {
            "month": "2007-09",
            "price": "11.23",
            "revenue": 303157
        },
        "2007-10": {
            "month": "2007-10",
            "price": "10.49",
            "revenue": 411643
        },
        "2007-11": {
            "month": "2007-11",
            "price": "9.38",
            "revenue": 403108
        },
        "2007-12": {
            "month": "2007-12",
            "price": "8.92",
            "revenue": 344336
        },
        "2008-01": {
            "month": "2008-01",
            "price": "8.56",
            "revenue": 337261
        },
        "2008-02": {
            "month": "2008-02",
            "price": "8.28",
            "revenue": 345990
        },
        "2008-03": {
            "month": "2008-03",
            "price": "8.76",
            "revenue": 397502
        },
        "2008-04": {
            "month": "2008-04",
            "price": "8.54",
            "revenue": 338121
        },
        "2008-05": {
            "month": "2008-05",
            "price": "7.93",
            "revenue": 337982
        },
        "2008-06": {
            "month": "2008-06",
            "price": "6.75",
            "revenue": 306381
        },
        "2008-07": {
            "month": "2008-07",
            "price": "5.30",
            "revenue": 314700
        },
        "2008-08": {
            "month": "2008-08",
            "price": "4.46",
            "revenue": 341191
        },
        "2008-09": {
            "month": "2008-09",
            "price": "3.56",
            "revenue": 318986
        },
        "2008-10": {
            "month": "2008-10",
            "price": "3.12",
            "revenue": 273574
        },
        "2008-11": {
            "month": "2008-11",
            "price": "2.81",
            "revenue": 204353
        },
        "2008-12": {
            "month": "2008-12",
            "price": "2.73",
            "revenue": 217980
        },
        "2009-01": {
            "month": "2009-01",
            "price": "2.77",
            "revenue": 150324
        },
        "2009-02": {
            "month": "2009-02",
            "price": "2.83",
            "revenue": 224131
        },
        "2009-03": {
            "month": "2009-03",
            "price": "3.28",
            "revenue": 247626
        },
        "2009-04": {
            "month": "2009-04",
            "price": "3.87",
            "revenue": 242006
        },
        "2009-05": {
            "month": "2009-05",
            "price": "3.84",
            "revenue": 258187
        },
        "2009-06": {
            "month": "2009-06",
            "price": "3.53",
            "revenue": 257423
        },
        "2009-07": {
            "month": "2009-07",
            "price": "3.63",
            "revenue": 289765
        },
        "2009-08": {
            "month": "2009-08",
            "price": "4.34",
            "revenue": 253370
        },
        "2009-09": {
            "month": "2009-09",
            "price": "6.11",
            "revenue": 281422
        },
        "2009-10": {
            "month": "2009-10",
            "price": "6.83",
            "revenue": 304419
        },
        "2009-11": {
            "month": "2009-11",
            "price": "6.88",
            "revenue": 334647
        },
        "2009-12": {
            "month": "2009-12",
            "price": "7.26",
            "revenue": 344116
        },
        "2010-01": {
            "month": "2010-01",
            "price": "7.42",
            "revenue": 358289
        },
        "2010-02": {
            "month": "2010-02",
            "price": "7.10",
            "revenue": 312257
        },
        "2010-03": {
            "month": "2010-03",
            "price": "7.49",
            "revenue": 468065
        },
        "2010-04": {
            "month": "2010-04",
            "price": "11.45",
            "revenue": 438309
        },
        "2010-05": {
            "month": "2010-05",
            "price": "13.01",
            "revenue": 479529
        },
        "2010-06": {
            "month": "2010-06",
            "price": "12.82",
            "revenue": 408180
        },
        "2010-07": {
            "month": "2010-07",
            "price": "15.20",
            "revenue": 420476
        },
        "2010-08": {
            "month": "2010-08",
            "price": "22.38",
            "revenue": 525772
        },
        "2010-09": {
            "month": "2010-09",
            "price": "26.49",
            "revenue": 466380
        },
        "2010-10": {
            "month": "2010-10",
            "price": "29.13",
            "revenue": 598705
        },
        "2010-11": {
            "month": "2010-11",
            "price": "25.02",
            "revenue": 581413
        },
        "2010-12": {
            "month": "2010-12",
            "price": "29.28",
            "revenue": 605824
        },
        "2011-01": {
            "month": "2011-01",
            "price": "36.86",
            "revenue": 596440
        },
        "2011-02": {
            "month": "2011-02",
            "price": "36.96",
            "revenue": 489004
        },
        "2011-03": {
            "month": "2011-03",
            "price": "37.91",
            "revenue": 612654
        },
        "2011-04": {
            "month": "2011-04",
            "price": "37.39",
            "revenue": 382554
        },
        "2011-05": {
            "month": "2011-05",
            "price": "32.26",
            "revenue": 308806
        },
        "2011-06": {
            "month": "2011-06",
            "price": "29.17",
            "revenue": 488494
        },
        "2011-07": {
            "month": "2011-07",
            "price": "32.33",
            "revenue": 586980
        },
        "2011-08": {
            "month": "2011-08",
            "price": "31.31",
            "revenue": 588669
        },
        "2011-09": {
            "month": "2011-09",
            "price": "25.04",
            "revenue": 513846
        },
        "2011-10": {
            "month": "2011-10",
            "price": "20.29",
            "revenue": 443762
        },
        "2011-11": {
            "month": "2011-11",
            "price": "18.83",
            "revenue": 363609
        },
        "2011-12": {
            "month": "2011-12",
            "price": "15.56",
            "revenue": 494983
        },
        "2012-01": {
            "month": "2012-01",
            "price": "18.75",
            "revenue": 520399
        },
        "2012-02": {
            "month": "2012-02",
            "price": "21.84",
            "revenue": 525205
        },
        "2012-03": {
            "month": "2012-03",
            "price": "21.46",
            "revenue": 448916
        },
        "2012-04": {
            "month": "2012-04",
            "price": "17.72",
            "revenue": 407815
        },
        "2012-05": {
            "month": "2012-05",
            "price": "17.97",
            "revenue": 482795
        },
        "2012-06": {
            "month": "2012-06",
            "price": "18.49",
            "revenue": 383543
        },
        "2012-07": {
            "month": "2012-07",
            "price": "17.88",
            "revenue": 420673
        },
        "2012-08": {
            "month": "2012-08",
            "price": "17.24",
            "revenue": 451037
        },
        "2012-09": {
            "month": "2012-09",
            "price": "17.59",
            "revenue": 406357
        },
        "2012-10": {
            "month": "2012-10",
            "price": "16.56",
            "revenue": 396803
        },
        "2012-11": {
            "month": "2012-11",
            "price": "15.77",
            "revenue": 354739
        },
        "2012-12": {
            "month": "2012-12",
            "price": "16.73",
            "revenue": 435555
        },
        "2013-01": {
            "month": "2013-01",
            "price": "19.68",
            "revenue": 480806
        },
        "2013-02": {
            "month": "2013-02",
            "price": "18.70",
            "revenue": 392147
        },
        "2013-03": {
            "month": "2013-03",
            "price": "19.35",
            "revenue": 416282
        },
        "2013-04": {
            "month": "2013-04",
            "price": "18.44",
            "revenue": 402066
        },
        "2013-05": {
            "month": "2013-05",
            "price": "18.48",
            "revenue": 459151
        },
        "2013-06": {
            "month": "2013-06",
            "price": "18.22",
            "revenue": 426030
        },
        "2013-07": {
            "month": "2013-07",
            "price": "17.54",
            "revenue": 499872
        },
        "2013-08": {
            "month": "2013-08",
            "price": "20.45",
            "revenue": 408713
        },
        "2013-09": {
            "month": "2013-09",
            "price": "20.28",
            "revenue": 393407
        },
        "2013-10": {
            "month": "2013-10",
            "price": "21.92",
            "revenue": 510276
        },
        "2013-11": {
            "month": "2013-11",
            "price": "20.59",
            "revenue": 369348
        },
        "2013-12": {
            "month": "2013-12",
            "price": "19.85",
            "revenue": 475015
        },
        "2014-01": {
            "month": "2014-01",
            "price": "19.67",
            "revenue": 355226
        },
        "2014-02": {
            "month": "2014-02",
            "price": "19.00",
            "revenue": 387198
        },
        "2014-03": {
            "month": "2014-03",
            "price": "18.80",
            "revenue": 435490
        },
        "2014-04": {
            "month": "2014-04",
            "price": "18.36",
            "revenue": 409425
        },
        "2014-05": {
            "month": "2014-05",
            "price": "20.95",
            "revenue": 434145
        },
        "2014-06": {
            "month": "2014-06",
            "price": "23.07",
            "revenue": 414951
        },
        "2014-07": {
            "month": "2014-07",
            "price": "25.58",
            "revenue": 413703
        },
        "2014-08": {
            "month": "2014-08",
            "price": "22.97",
            "revenue": 403049
        },
        "2014-09": {
            "month": "2014-09",
            "price": "22.65",
            "revenue": 471617
        },
        "2014-10": {
            "month": "2014-10",
            "price": "19.71",
            "revenue": 474234
        },
        "2014-11": {
            "month": "2014-11",
            "price": "18.35",
            "revenue": 365947
        },
        "2014-12": {
            "month": "2014-12",
            "price": "17.88",
            "revenue": 450186
        },
        "2015-01": {
            "month": "2015-01",
            "price": "18.53",
            "revenue": 380140
        },
        "2015-02": {
            "month": "2015-02",
            "price": "18.27",
            "revenue": 293914
        },
        "2015-03": {
            "month": "2015-03",
            "price": "20.54",
            "revenue": 374619
        },
        "2015-04": {
            "month": "2015-04",
            "price": "20.18",
            "revenue": 384793
        },
        "2015-05": {
            "month": "2015-05",
            "price": "19.36",
            "revenue": 340603
        },
        "2015-06": {
            "month": "2015-06",
            "price": "17.28",
            "revenue": 316499
        },
        "2015-07": {
            "month": "2015-07",
            "price": "15.65",
            "revenue": 372059
        },
        "2015-08": {
            "month": "2015-08",
            "price": "13.06",
            "revenue": 341889
        },
        "2015-09": {
            "month": "2015-09",
            "price": "14.82",
            "revenue": 315327
        },
        "2015-10": {
            "month": "2015-10",
            "price": "17.20",
            "revenue": 346779
        },
        "2015-11": {
            "month": "2015-11",
            "price": "16.09",
            "revenue": 285420
        },
        "2015-12": {
            "month": "2015-12",
            "price": "16.69",
            "revenue": 327202
        },
        "2016-01": {
            "month": "2016-01",
            "price": "15.59",
            "revenue": 249382
        },
        "2016-02": {
            "month": "2016-02",
            "price": "15.84",
            "revenue": 260272
        },
        "2016-03": {
            "month": "2016-03",
            "price": "15.84",
            "revenue": 358106
        },
        "2016-04": {
            "month": "2016-04",
            "price": "14.00",
            "revenue": 305503
        },
        "2016-05": {
            "month": "2016-05",
            "price": "13.32",
            "revenue": 322720
        },
        "2016-06": {
            "month": "2016-06",
            "price": "13.34",
            "revenue": 304375
        },
        "2016-07": {
            "month": "2016-07",
            "price": "13.37",
            "revenue": 286713
        },
        "2016-08": {
            "month": "2016-08",
            "price": "13.37",
            "revenue": 345661
        },
        "2016-09": {
            "month": "2016-09",
            "price": "13.27",
            "revenue": 287036
        },
        "2016-10": {
            "month": "2016-10",
            "price": "13.49",
            "revenue": 265183
        },
        "2016-11": {
            "month": "2016-11",
            "price": "12.84",
            "revenue": 307648
        },
        "2016-12": {
            "month": "2016-12",
            "price": "13.45",
            "revenue": 382170
        },
        "2017-01": {
            "month": "2017-01",
            "price": "13.52",
            "revenue": 268682
        },
        "2017-02": {
            "month": "2017-02",
            "price": "13.11",
            "revenue": 270046
        },
        "2017-03": {
            "month": "2017-03",
            "price": "12.76",
            "revenue": 362620
        },
        "2017-04": {
            "month": "2017-04",
            "price": "11.38",
            "revenue": 253178
        },
        "2017-05": {
            "month": "2017-05",
            "price": "11.20",
            "revenue": 316639
        },
        "2017-06": {
            "month": "2017-06",
            "price": "11.85",
            "revenue": 392223
        },
        "2017-07": {
            "month": "2017-07",
            "price": "12.13",
            "revenue": 391015
        },
        "2017-08": {
            "month": "2017-08",
            "price": "11.99",
            "revenue": 379986
        },
        "2017-09": {
            "month": "2017-09",
            "price": "11.86",
            "revenue": 325808
        },
        "2017-10": {
            "month": "2017-10",
            "price": "12.04",
            "revenue": 375033
        },
        "2017-11": {
            "month": "2017-11",
            "price": "11.96",
            "revenue": 314557
        },
        "2017-12": {
            "month": "2017-12",
            "price": "11.88",
            "revenue": 313482
        },
        "2018-01": {
            "month": "2018-01",
            "price": "12.07",
            "revenue": 285105
        },
        "2018-02": {
            "month": "2018-02",
            "price": "11.27",
            "revenue": 281969
        },
        "2018-03": {
            "month": "2018-03",
            "price": "10.93",
            "revenue": 389376
        },
        "2018-04": {
            "month": "2018-04",
            "price": "11.12",
            "revenue": 323879
        },
        "2018-05": {
            "month": "2018-05",
            "price": "10.51",
            "revenue": 376079
        },
        "2018-06": {
            "month": "2018-06",
            "price": "10.31",
            "revenue": 325716
        },
        "2018-07": {
            "month": "2018-07",
            "price": "10.12",
            "revenue": 367480
        },
        "2018-08": {
            "month": "2018-08",
            "price": "10.51",
            "revenue": 398044
        },
        "2018-09": {
            "month": "2018-09",
            "price": "10.73",
            "revenue": 408385
        },
        "2018-10": {
            "month": "2018-10",
            "price": "10.14",
            "revenue": 341237
        },
        "2018-11": {
            "month": "2018-11",
            "price": "9.98",
            "revenue": 308964
        },
        "2018-12": {
            "month": "2018-12",
            "price": "9.83",
            "revenue": 301226
        },
        "2019-01": {
            "month": "2019-01",
            "price": "9.85",
            "revenue": 383622
        },
        "2019-02": {
            "month": "2019-02",
            "price": "9.71",
            "revenue": 256099
        },
        "2019-03": {
            "month": "2019-03",
            "price": "9.51",
            "revenue": 358557
        },
        "2019-04": {
            "month": "2019-04",
            "price": "9.08",
            "revenue": 305811
        },
        "2019-05": {
            "month": "2019-05",
            "price": "8.93",
            "revenue": 284402
        },
        "2019-06": {
            "month": "2019-06",
            "price": "9.01",
            "revenue": 237369
        },
        "2019-07": {
            "month": "2019-07",
            "price": "8.75",
            "revenue": 258040
        },
        "2019-08": {
            "month": "2019-08",
            "price": "8.38",
            "revenue": 268055
        },
        "2019-09": {
            "month": "2019-09",
            "price": "8.00",
            "revenue": 229004
        },
        "2019-10": {
            "month": "2019-10",
            "price": "7.94",
            "revenue": 196335
        },
        "2019-11": {
            "month": "2019-11",
            "price": "7.76",
            "revenue": 244883
        },
        "2019-12": {
            "month": "2019-12",
            "price": "7.62",
            "revenue": 270698
        },
        "2020-01": {
            "month": "2020-01",
            "price": "7.80",
            "revenue": 227705
        },
        "2020-02": {
            "month": "2020-02",
            "price": "7.92",
            "revenue": 283033
        },
        "2020-03": {
            "month": "2020-03",
            "price": "6.78",
            "revenue": 275237
        },
        "2020-04": {
            "month": "2020-04",
            "price": "7.61",
            "revenue": 92549
        },
        "2020-05": {
            "month": "2020-05",
            "price": "8.00",
            "revenue": 83636
        },
        "2020-06": {
            "month": "2020-06",
            "price": "16.34",
            "revenue": 143682
        },
        "2020-07": {
            "month": "2020-07",
            "price": "15.83",
            "revenue": 213118
        },
        "2020-08": {
            "month": "2020-08",
            "price": "16.85",
            "revenue": 227247
        },
        "2020-09": {
            "month": "2020-09",
            "price": "19.06",
            "revenue": 269260
        },
        "2020-10": {
            "month": "2020-10",
            "price": "25.02",
            "revenue": 262582
        },
        "2020-11": {
            "month": "2020-11",
            "price": "19.82",
            "revenue": 257415
        },
        "2020-12": {
            "month": "2020-12",
            "price": "17.63",
            "revenue": 315137
        },
        "2021-01": {
            "month": "2021-01",
            "price": "17.72",
            "revenue": 248522
        },
        "2021-02": {
            "month": "2021-02",
            "price": "15.98",
            "revenue": 218592
        },
        "2021-03": {
            "month": "2021-03",
            "price": "16.21",
            "revenue": 315388
        },
        "2021-04": {
            "month": "2021-04",
            "price": "17.35",
            "revenue": 262488
        },
        "2021-05": {
            "month": "2021-05",
            "price": "17.34",
            "revenue": 294480
        },
        "2021-06": {
            "month": "2021-06",
            "price": "18.99",
            "revenue": 353163
        },
        "2021-07": {
            "month": "2021-07",
            "price": "18.74",
            "revenue": 342004
        },
        "2021-08": {
            "month": "2021-08",
            "price": "17.56",
            "revenue": 333540
        },
        "2021-09": {
            "month": "2021-09",
            "price": "16.69",
            "revenue": 308329
        },
        "2021-10": {
            "month": "2021-10",
            "price": "15.59",
            "revenue": 304251
        },
        "2021-11": {
            "month": "2021-11",
            "price": "15.58",
            "revenue": 298287
        },
        "2021-12": {
            "month": "2021-12",
            "price": "15.22",
            "revenue": 292753
        },
        "2022-01": {
            "month": "2022-01",
            "price": "15.17",
            "revenue": 278937
        },
        "2022-02": {
            "month": "2022-02",
            "price": "15.05",
            "revenue": 211338
        },
        "2022-03": {
            "month": "2022-03",
            "price": "14.86",
            "revenue": 319131
        },
        "2022-04": {
            "month": "2022-04",
            "price": "14.74",
            "revenue": 266956
        },
        "2022-05": {
            "month": "2022-05",
            "price": "13.87",
            "revenue": 226396
        },
        "2022-06": {
            "month": "2022-06",
            "price": "13.19",
            "revenue": 234603
        },
        "2022-07": {
            "month": "2022-07",
            "price": "12.06",
            "revenue": 228599
        },
        "2022-08": {
            "month": "2022-08",
            "price": "12.32",
            "revenue": 215180
        },
        "2022-09": {
            "month": "2022-09",
            "price": "11.48",
            "revenue": 212938
        },
        "2022-10": {
            "month": "2022-10",
            "price": "11.14",
            "revenue": 161181
        },
        "2022-11": {
            "month": "2022-11",
            "price": "11.23",
            "revenue": 216057
        },
        "2022-12": {
            "month": "2022-12",
            "price": "11.95",
            "revenue": 213312
        },
        "2023-01": {
            "month": "2023-01",
            "price": "11.78",
            "revenue": 132317
        },
        "2023-02": {
            "month": "2023-02",
            "price": "11.68",
            "revenue": 165730
        },
        "2023-03": {
            "month": "2023-03",
            "price": "11.71",
            "revenue": 212293
        },
        "2023-04": {
            "month": "2023-04",
            "price": "11.67",
            "revenue": 172852
        },
        "2023-05": {
            "month": "2023-05",
            "price": "11.45",
            "revenue": 221558
        },
        "2023-06": {
            "month": "2023-06",
            "price": "11.49",
            "revenue": 205306
        },
        "2023-07": {
            "month": "2023-07",
            "price": "11.31",
            "revenue": 208471
        },
        "2023-08": {
            "month": "2023-08",
            "price": "11.18",
            "revenue": 199625
        },
        "2023-09": {
            "month": "2023-09",
            "price": "11.17",
            "revenue": 242571
        }
    }
}
