{
    "summary": {
        "stock_name": "南緯",
        "stock_id": "1467",
        "category": "紡織纖維",
        "main_business": "染紗<br>織布<br>成衣",
        "website_url": "http://www.texray.com",
        "ceo": "林宗頤",
        "pe_ratio": -11,
        "report_year_from": 2001,
        "report_year_to": 2023,
        "age": 23,
        "eps_negative_percentage": 30,
        "eps_growth_avg": {
            "last_all": -5.34,
            "last_2y": -100,
            "last_4y": -100,
            "last_8y": -49.09,
            "last_12y": -29.92,
            "last_16y": -27.84,
            "last_20y": -12.37,
            "at_2006_last_3y": 30.19,
            "at_2007_last_3y": -11.53,
            "at_2008_last_3y": -29.31,
            "at_2009_last_3y": -40.03,
            "at_2010_last_3y": -22.29,
            "at_2011_last_3y": -3.33,
            "at_2012_last_3y": 36.3,
            "at_2013_last_3y": 25.35,
            "at_2014_last_3y": -10.76,
            "at_2015_last_3y": -32.35,
            "at_2016_last_3y": -12.07,
            "at_2017_last_3y": -35.2,
            "at_2018_last_3y": -32.12,
            "at_2019_last_3y": 0,
            "at_2020_last_3y": -100,
            "at_2021_last_3y": -100,
            "at_2022_last_3y": -100,
            "at_2023_last_3y": -100,
            "at_2024_last_3y": -100,
            "at_2006_last_all": 44.15,
            "at_2007_last_all": 25.65,
            "at_2008_last_all": 7.7,
            "at_2009_last_all": 7.7,
            "at_2010_last_all": 19.24,
            "at_2011_last_all": 15.99,
            "at_2012_last_all": 16.28,
            "at_2013_last_all": 14.12,
            "at_2014_last_all": 9.24,
            "at_2015_last_all": 1.11,
            "at_2016_last_all": 8.18,
            "at_2017_last_all": 0.97,
            "at_2018_last_all": 0.97,
            "at_2019_last_all": 0.97,
            "at_2020_last_all": 0.97,
            "at_2021_last_all": -5.34,
            "at_2022_last_all": -5.34,
            "at_2023_last_all": -5.34,
            "at_2024_last_all": -5.34
        },
        "latest_eps": -0.99,
        "latest_price": 11.15,
        "latest_roe": -7.03,
        "latest_gross_margin": 18.7,
        "latest_equity": 3053688,
        "latest_revenue": 1390714,
        "latest_gross_profit": 260006,
        "latest_net_income": 22005,
        "latest_debt_ratio": 64.37,
        "latest_current_ratio": 140.8,
        "latest_account_receivable_turnover_ratio": 1.71,
        "latest_inventory_turnover_ratio": 1.09,
        "latest_reinvestment_rate": null,
        "latest_research_to_sale_ratio": null
    },
    "eps_dividends": {
        "1997": {
            "cash": 0,
            "stock": 1.2,
            "eps": 0
        },
        "1998": {
            "cash": 0,
            "stock": 1,
            "eps": 0
        },
        "1999": {
            "cash": 0,
            "stock": 1.2,
            "eps": 0
        },
        "2000": {
            "cash": 1.3,
            "stock": 1.3,
            "eps": 0
        },
        "2001": {
            "cash": 0,
            "stock": 0,
            "eps": 0.2
        },
        "2002": {
            "cash": 0.4,
            "stock": 0.4,
            "eps": 0.64
        },
        "2003": {
            "cash": 0.5,
            "stock": 0,
            "eps": 1.49
        },
        "2004": {
            "cash": 1,
            "stock": 0.3,
            "eps": 1.06
        },
        "2005": {
            "cash": 0.25,
            "stock": 0.5,
            "eps": 1.09
        },
        "2006": {
            "cash": 1.09,
            "stock": 0,
            "eps": 1.6
        },
        "2007": {
            "cash": 1.15,
            "stock": 0,
            "eps": 0.53
        },
        "2008": {
            "cash": 0.6,
            "stock": 0,
            "eps": -1
        },
        "2009": {
            "cash": 0,
            "stock": 0,
            "eps": 0.5
        },
        "2010": {
            "cash": 0,
            "stock": 0,
            "eps": 1
        },
        "2011": {
            "cash": 0.2,
            "stock": 0.2,
            "eps": 0.9
        },
        "2012": {
            "cash": 0,
            "stock": 0,
            "eps": 1.07
        },
        "2013": {
            "cash": 0.4,
            "stock": 0,
            "eps": 0.99
        },
        "2014": {
            "cash": 0.2,
            "stock": 0,
            "eps": 0.55
        },
        "2015": {
            "cash": 0.5,
            "stock": 0,
            "eps": 0.02
        },
        "2016": {
            "cash": 0,
            "stock": 0,
            "eps": 0.07
        },
        "2017": {
            "cash": 0,
            "stock": 0,
            "eps": -0.36
        },
        "2018": {
            "cash": 0,
            "stock": 0,
            "eps": -0.32
        },
        "2019": {
            "cash": 0,
            "stock": 0,
            "eps": -0.73
        },
        "2020": {
            "cash": 0,
            "stock": 0,
            "eps": 0.72
        },
        "2021": {
            "cash": 0.7,
            "stock": 0,
            "eps": -0.13
        },
        "2022": {
            "cash": 0,
            "stock": 0,
            "eps": -0.17
        },
        "2023": {
            "cash": 0,
            "stock": 0,
            "eps": -0.69
        }
    },
    "dividends": {
        "1997-06-21": {
            "cash": 0,
            "stock": 1.2
        },
        "1998-04-30": {
            "cash": 0,
            "stock": 1
        },
        "1999-05-21": {
            "cash": 0,
            "stock": 1.2
        },
        "2000-06-02": {
            "cash": 1.3,
            "stock": 1.3
        },
        "2002-06-26": {
            "cash": 0.4,
            "stock": 0.4
        },
        "2003-04-30": {
            "cash": 0.5,
            "stock": 0
        },
        "2004-03-16": {
            "cash": 1,
            "stock": 0.3
        },
        "2005-04-29": {
            "cash": 0.25,
            "stock": 0.5
        },
        "2006-04-28": {
            "cash": 1.09,
            "stock": 0
        },
        "2007-04-27": {
            "cash": 1.15,
            "stock": 0
        },
        "2008-04-29": {
            "cash": 0.6,
            "stock": 0
        },
        "2011-01-01": {
            "cash": 0.2,
            "stock": 0.2
        },
        "2013-04-08": {
            "cash": 0.4,
            "stock": 0
        },
        "2014-08-25": {
            "cash": 0.2,
            "stock": 0
        },
        "2015-09-02": {
            "cash": 0.5,
            "stock": 0
        },
        "2021-10-15": {
            "cash": 0.7,
            "stock": 0
        }
    },
    "prices": {
        "200101": "16.32",
        "200102": "16.75",
        "200103": "16.31",
        "200104": "15.14",
        "200105": "15.91",
        "200106": "15.66",
        "200107": "15.13",
        "200108": "14.73",
        "200109": "14.24",
        "200110": "13.80",
        "200111": "14.24",
        "200112": "14.10",
        "200201": "13.38",
        "200202": "13.24",
        "200203": "13.40",
        "200204": "13.35",
        "200205": "13.40",
        "200206": "13.80",
        "200207": "12.69",
        "200208": "13.52",
        "200209": "13.46",
        "200210": "9.43",
        "200211": "11.73",
        "200212": "11.65",
        "200301": "12.58",
        "200302": "13.49",
        "200303": "11.57",
        "200304": "12.29",
        "200305": "12.57",
        "200306": "12.53",
        "200307": "12.25",
        "200308": "11.52",
        "200309": "11.04",
        "200310": "10.90",
        "200311": "11.32",
        "200312": "11.61",
        "200401": "13.26",
        "200402": "15.27",
        "200403": "13.52",
        "200404": "13.61",
        "200405": "12.67",
        "200406": "12.47",
        "200407": "11.31",
        "200408": "11.02",
        "200409": "11.95",
        "200410": "11.68",
        "200411": "11.42",
        "200412": "11.74",
        "200501": "11.88",
        "200502": "11.50",
        "200503": "11.93",
        "200504": "11.18",
        "200505": "10.75",
        "200506": "10.90",
        "200507": "10.67",
        "200508": "10.06",
        "200509": "9.15",
        "200510": "9.60",
        "200511": "9.32",
        "200512": "9.42",
        "200601": "9.65",
        "200602": "10.00",
        "200603": "9.59",
        "200604": "10.11",
        "200605": "11.84",
        "200606": "11.44",
        "200607": "11.01",
        "200608": "10.18",
        "200609": "10.55",
        "200610": "11.69",
        "200611": "13.10",
        "200612": "14.19",
        "200701": "13.66",
        "200702": "13.67",
        "200703": "13.95",
        "200704": "14.76",
        "200705": "14.67",
        "200706": "14.79",
        "200707": "16.08",
        "200708": "19.28",
        "200709": "19.39",
        "200710": "17.89",
        "200711": "13.57",
        "200712": "12.62",
        "200801": "12.64",
        "200802": "12.47",
        "200803": "13.29",
        "200804": "13.49",
        "200805": "11.75",
        "200806": "10.96",
        "200807": "8.08",
        "200808": "7.78",
        "200809": "5.87",
        "200810": "4.99",
        "200811": "4.98",
        "200812": "4.94",
        "200901": "4.93",
        "200902": "4.89",
        "200903": "5.15",
        "200904": "5.83",
        "200905": "6.24",
        "200906": "6.08",
        "200907": "6.47",
        "200908": "7.36",
        "200909": "7.45",
        "200910": "7.97",
        "200911": "7.85",
        "200912": "8.02",
        "201001": "8.50",
        "201002": "8.16",
        "201003": "9.22",
        "201004": "11.35",
        "201005": "9.98",
        "201006": "9.84",
        "201007": "10.36",
        "201008": "13.02",
        "201009": "12.44",
        "201010": "12.23",
        "201011": "12.35",
        "201012": "12.33",
        "201101": "12.37",
        "201102": "11.70",
        "201103": "10.56",
        "201104": "11.19",
        "201105": "11.56",
        "201106": "11.53",
        "201107": "11.50",
        "201108": "10.08",
        "201109": "9.61",
        "201110": "9.24",
        "201111": "9.01",
        "201112": "8.20",
        "201201": "8.35",
        "201202": "9.23",
        "201203": "9.49",
        "201204": "8.61",
        "201205": "8.53",
        "201206": "8.41",
        "201207": "8.41",
        "201208": "8.56",
        "201209": "9.69",
        "201210": "9.18",
        "201211": "9.24",
        "201212": "9.50",
        "201301": "9.92",
        "201302": "10.88",
        "201303": "12.26",
        "201304": "11.64",
        "201305": "12.10",
        "201306": "12.34",
        "201307": "12.88",
        "201308": "14.14",
        "201309": "13.95",
        "201310": "15.53",
        "201311": "15.22",
        "201312": "14.83",
        "201401": "14.32",
        "201402": "14.12",
        "201403": "15.48",
        "201404": "14.77",
        "201405": "13.29",
        "201406": "14.08",
        "201407": "13.80",
        "201408": "13.28",
        "201409": "13.50",
        "201410": "13.72",
        "201411": "12.84",
        "201412": "13.45",
        "201501": "13.20",
        "201502": "13.02",
        "201503": "12.63",
        "201504": "13.94",
        "201505": "13.70",
        "201506": "14.87",
        "201507": "12.47",
        "201508": "11.48",
        "201509": "11.68",
        "201510": "13.39",
        "201511": "14.17",
        "201512": "14.67",
        "201601": "15.94",
        "201602": "16.04",
        "201603": "15.33",
        "201604": "13.77",
        "201605": "13.00",
        "201606": "13.17",
        "201607": "13.86",
        "201608": "13.12",
        "201609": "13.02",
        "201610": "12.94",
        "201611": "11.50",
        "201612": "10.92",
        "201701": "10.49",
        "201702": "10.91",
        "201703": "11.10",
        "201704": "10.56",
        "201705": "9.79",
        "201706": "9.79",
        "201707": "9.69",
        "201708": "9.62",
        "201709": "10.26",
        "201710": "11.19",
        "201711": "11.12",
        "201712": "11.75",
        "201801": "12.76",
        "201802": "12.23",
        "201803": "11.99",
        "201804": "11.86",
        "201805": "10.22",
        "201806": "11.66",
        "201807": "10.71",
        "201808": "10.96",
        "201809": "10.79",
        "201810": "9.77",
        "201811": "9.63",
        "201812": "9.41",
        "201901": "9.19",
        "201902": "9.16",
        "201903": "9.25",
        "201904": "10.08",
        "201905": "9.62",
        "201906": "9.33",
        "201907": "9.41",
        "201908": "8.75",
        "201909": "8.64",
        "201910": "8.47",
        "201911": "8.35",
        "201912": "8.50",
        "202001": "8.37",
        "202002": "7.81",
        "202003": "7.29",
        "202004": "8.97",
        "202005": "10.69",
        "202006": "25.10",
        "202007": "23.69",
        "202008": "22.30",
        "202009": "19.67",
        "202010": "18.44",
        "202011": "18.74",
        "202012": "19.27",
        "202101": "18.78",
        "202102": "18.34",
        "202103": "18.82",
        "202104": "21.26",
        "202105": "18.57",
        "202106": "17.05",
        "202107": "15.66",
        "202108": "14.85",
        "202109": "14.48",
        "202110": "14.17",
        "202111": "13.97",
        "202112": "13.87",
        "202201": "13.82",
        "202202": "13.97",
        "202203": "14.28",
        "202204": "13.70",
        "202205": "13.70",
        "202206": "13.65",
        "202207": "13.11",
        "202208": "11.97",
        "202209": "11.94",
        "202210": "11.57",
        "202211": "11.71",
        "202212": "11.69",
        "202301": "11.71",
        "202302": "11.64",
        "202303": "11.70",
        "202304": "11.55",
        "202305": "11.52",
        "202306": "11.62",
        "202307": "12.27",
        "202308": "12.21",
        "202309": "11.51",
        "202310": "11.37",
        "202311": "11.12",
        "202312": "11.40"
    },
    "quarters": {
        "20011": {
            "year_quarter": 20011,
            "year": 2001,
            "quarter": 1,
            "eps": 0.19,
            "eps_growth_year": -24,
            "eps_4q": 0.03,
            "eps_4q_growth_year": -97.55,
            "roe": 1.48,
            "roe_4q": 1.48,
            "gross_profit": 61527,
            "gross_margin": 14.51,
            "gross_margin_4q_avg": 14.51,
            "net_income": 18335,
            "net_income_4q": null,
            "revenue": 424018,
            "revenue_4q": null,
            "common_shares": 987360,
            "book_valuer_per_share": 11.92,
            "book_valuer_per_share_4q_avg": 11.92,
            "equity": 1176791,
            "current_ratio": 100.7,
            "debt_ratio": 51.57,
            "inventory_turnover_ratio": 1.48,
            "account_receivable_turnover_ratio": null,
            "reinvestment_rate": null,
            "research_to_sale_ratio": null,
            "price_fair": 0,
            "eps_avg_yearly": 0,
            "eps_latest_yearly": 0,
            "eps_growth_yearly": 0
        },
        "20012": {
            "year_quarter": 20012,
            "year": 2001,
            "quarter": 2,
            "eps": -0.11,
            "eps_growth_year": -375,
            "eps_4q": -0.11,
            "eps_4q_growth_year": -111.8,
            "roe": -0.91,
            "roe_4q": 0.57,
            "gross_profit": 77965,
            "gross_margin": 16.34,
            "gross_margin_4q_avg": 15.43,
            "net_income": -11078,
            "net_income_4q": null,
            "revenue": 477265,
            "revenue_4q": null,
            "common_shares": 987360,
            "book_valuer_per_share": 12.85,
            "book_valuer_per_share_4q_avg": 12.39,
            "equity": 1268319,
            "current_ratio": 89.35,
            "debt_ratio": 55.13,
            "inventory_turnover_ratio": 2,
            "account_receivable_turnover_ratio": null,
            "reinvestment_rate": null,
            "research_to_sale_ratio": null,
            "price_fair": 0,
            "eps_avg_yearly": 0,
            "eps_latest_yearly": 0,
            "eps_growth_yearly": 0
        },
        "20013": {
            "year_quarter": 20013,
            "year": 2001,
            "quarter": 3,
            "eps": 0.27,
            "eps_growth_year": null,
            "eps_4q": 0.23,
            "eps_4q_growth_year": -50.4,
            "roe": 2.05,
            "roe_4q": 2.6199999999999997,
            "gross_profit": 125781,
            "gross_margin": 19.45,
            "gross_margin_4q_avg": 16.77,
            "net_income": 26238,
            "net_income_4q": null,
            "revenue": 646604,
            "revenue_4q": null,
            "common_shares": 987360,
            "book_valuer_per_share": 13.02,
            "book_valuer_per_share_4q_avg": 12.6,
            "equity": 1285621,
            "current_ratio": 80.68,
            "debt_ratio": 51.76,
            "inventory_turnover_ratio": 2.83,
            "account_receivable_turnover_ratio": null,
            "reinvestment_rate": null,
            "research_to_sale_ratio": null,
            "price_fair": 0,
            "eps_avg_yearly": 0,
            "eps_latest_yearly": 0,
            "eps_growth_yearly": 0
        },
        "20014": {
            "year_quarter": 20014,
            "year": 2001,
            "quarter": 4,
            "eps": -0.15,
            "eps_growth_year": null,
            "eps_4q": 0.2,
            "eps_4q_growth_year": 4424.91,
            "roe": -1.14,
            "roe_4q": 1.48,
            "gross_profit": 82500,
            "gross_margin": 18.61,
            "gross_margin_4q_avg": 17.23,
            "net_income": -14742,
            "net_income_4q": null,
            "revenue": 443344,
            "revenue_4q": null,
            "common_shares": 987360,
            "book_valuer_per_share": 13.24,
            "book_valuer_per_share_4q_avg": 12.76,
            "equity": 1309495,
            "current_ratio": 96.86,
            "debt_ratio": 53.35,
            "inventory_turnover_ratio": 1.67,
            "account_receivable_turnover_ratio": null,
            "reinvestment_rate": null,
            "research_to_sale_ratio": null,
            "price_fair": 0,
            "eps_avg_yearly": 0,
            "eps_latest_yearly": 0,
            "eps_growth_yearly": 0
        },
        "20021": {
            "year_quarter": 20021,
            "year": 2002,
            "quarter": 1,
            "eps": -0.1,
            "eps_growth_year": -152.63,
            "eps_4q": -0.1,
            "eps_4q_growth_year": -419.25,
            "roe": -0.74,
            "roe_4q": -0.7400000000000001,
            "gross_profit": 90401,
            "gross_margin": 19.12,
            "gross_margin_4q_avg": 18.38,
            "net_income": -9668,
            "net_income_4q": null,
            "revenue": 472812,
            "revenue_4q": null,
            "common_shares": 987360,
            "book_valuer_per_share": 13.25,
            "book_valuer_per_share_4q_avg": 13.09,
            "equity": 1307854,
            "current_ratio": 71.12,
            "debt_ratio": 54.72,
            "inventory_turnover_ratio": 1.6,
            "account_receivable_turnover_ratio": null,
            "reinvestment_rate": null,
            "research_to_sale_ratio": null,
            "price_fair": 0,
            "eps_avg_yearly": 0,
            "eps_latest_yearly": 0,
            "eps_growth_yearly": 0
        },
        "20022": {
            "year_quarter": 20022,
            "year": 2002,
            "quarter": 2,
            "eps": 0.19,
            "eps_growth_year": null,
            "eps_4q": 0.21,
            "eps_4q_growth_year": null,
            "roe": 1.43,
            "roe_4q": 1.5999999999999999,
            "gross_profit": 110713,
            "gross_margin": 17.48,
            "gross_margin_4q_avg": 18.67,
            "net_income": 18316,
            "net_income_4q": null,
            "revenue": 633522,
            "revenue_4q": null,
            "common_shares": 987360,
            "book_valuer_per_share": 12.67,
            "book_valuer_per_share_4q_avg": 13.05,
            "equity": 1250963,
            "current_ratio": 73.08,
            "debt_ratio": 59.88,
            "inventory_turnover_ratio": 2.25,
            "account_receivable_turnover_ratio": null,
            "reinvestment_rate": null,
            "research_to_sale_ratio": null,
            "price_fair": 0,
            "eps_avg_yearly": 0,
            "eps_latest_yearly": 0,
            "eps_growth_yearly": 0
        },
        "20023": {
            "year_quarter": 20023,
            "year": 2002,
            "quarter": 3,
            "eps": 0.4,
            "eps_growth_year": 48.15,
            "eps_4q": 0.34,
            "eps_4q_growth_year": 44.88,
            "roe": 3.12,
            "roe_4q": 2.67,
            "gross_profit": 172653,
            "gross_margin": 19.72,
            "gross_margin_4q_avg": 18.73,
            "net_income": 40296,
            "net_income_4q": null,
            "revenue": 875701,
            "revenue_4q": null,
            "common_shares": 1007107,
            "book_valuer_per_share": 13.21,
            "book_valuer_per_share_4q_avg": 13.09,
            "equity": 1330385,
            "current_ratio": 73.74,
            "debt_ratio": 56.82,
            "inventory_turnover_ratio": 2.72,
            "account_receivable_turnover_ratio": null,
            "reinvestment_rate": null,
            "research_to_sale_ratio": null,
            "price_fair": 56,
            "eps_avg_yearly": 1.6,
            "eps_latest_yearly": 1.6,
            "eps_growth_yearly": 442.11
        },
        "20024": {
            "year_quarter": 20024,
            "year": 2002,
            "quarter": 4,
            "eps": 0.15,
            "eps_growth_year": null,
            "eps_4q": 0.63,
            "eps_4q_growth_year": 212.86,
            "roe": 1.15,
            "roe_4q": 4.959999999999999,
            "gross_profit": 146439,
            "gross_margin": 20.44,
            "gross_margin_4q_avg": 19.19,
            "net_income": 15144,
            "net_income_4q": null,
            "revenue": 716542,
            "revenue_4q": null,
            "common_shares": 1007107,
            "book_valuer_per_share": 12.89,
            "book_valuer_per_share_4q_avg": 13.01,
            "equity": 1298518,
            "current_ratio": 136.12,
            "debt_ratio": 60.22,
            "inventory_turnover_ratio": 1.43,
            "account_receivable_turnover_ratio": null,
            "reinvestment_rate": 123.88,
            "research_to_sale_ratio": null,
            "price_fair": 38.5,
            "eps_avg_yearly": 1.1,
            "eps_latest_yearly": 0.6,
            "eps_growth_yearly": 96.05
        },
        "20031": {
            "year_quarter": 20031,
            "year": 2003,
            "quarter": 1,
            "eps": 0.35,
            "eps_growth_year": null,
            "eps_4q": 1.09,
            "eps_4q_growth_year": null,
            "roe": 2.65,
            "roe_4q": 8.35,
            "gross_profit": 121013,
            "gross_margin": 16.68,
            "gross_margin_4q_avg": 18.58,
            "net_income": 34946,
            "net_income_4q": null,
            "revenue": 725330,
            "revenue_4q": null,
            "common_shares": 1007107,
            "book_valuer_per_share": 13.26,
            "book_valuer_per_share_4q_avg": 13.01,
            "equity": 1335128,
            "current_ratio": 98.67,
            "debt_ratio": 56.39,
            "inventory_turnover_ratio": 1.43,
            "account_receivable_turnover_ratio": null,
            "reinvestment_rate": 3.61,
            "research_to_sale_ratio": null,
            "price_fair": 42,
            "eps_avg_yearly": 1.2,
            "eps_latest_yearly": 1.4,
            "eps_growth_yearly": 241.81
        },
        "20032": {
            "year_quarter": 20032,
            "year": 2003,
            "quarter": 2,
            "eps": 0.3,
            "eps_growth_year": 57.89,
            "eps_4q": 1.19,
            "eps_4q_growth_year": 470,
            "roe": 2.31,
            "roe_4q": 9.23,
            "gross_profit": 156560,
            "gross_margin": 19.09,
            "gross_margin_4q_avg": 18.98,
            "net_income": 30430,
            "net_income_4q": null,
            "revenue": 819936,
            "revenue_4q": null,
            "common_shares": 1007107,
            "book_valuer_per_share": 12.88,
            "book_valuer_per_share_4q_avg": 13.06,
            "equity": 1297133,
            "current_ratio": 82.65,
            "debt_ratio": 60.06,
            "inventory_turnover_ratio": 2.21,
            "account_receivable_turnover_ratio": null,
            "reinvestment_rate": 3.8,
            "research_to_sale_ratio": null,
            "price_fair": 42,
            "eps_avg_yearly": 1.2,
            "eps_latest_yearly": 1.2,
            "eps_growth_yearly": 167.07
        },
        "20033": {
            "year_quarter": 20033,
            "year": 2003,
            "quarter": 3,
            "eps": 0.28,
            "eps_growth_year": -30,
            "eps_4q": 0.9,
            "eps_4q_growth_year": 165.02,
            "roe": 2.5,
            "roe_4q": 8.610000000000001,
            "gross_profit": 150857,
            "gross_margin": 15.99,
            "gross_margin_4q_avg": 18.05,
            "net_income": 36377,
            "net_income_4q": null,
            "revenue": 943738,
            "revenue_4q": null,
            "common_shares": 1307107,
            "book_valuer_per_share": 12.34,
            "book_valuer_per_share_4q_avg": 12.84,
            "equity": 1613034,
            "current_ratio": 103.08,
            "debt_ratio": 43.67,
            "inventory_turnover_ratio": 3.2,
            "account_receivable_turnover_ratio": null,
            "reinvestment_rate": 4.1,
            "research_to_sale_ratio": null,
            "price_fair": 41.44,
            "eps_avg_yearly": 1.18,
            "eps_latest_yearly": 1.12,
            "eps_growth_yearly": 128.33
        },
        "20034": {
            "year_quarter": 20034,
            "year": 2003,
            "quarter": 4,
            "eps": 0.56,
            "eps_growth_year": 273.33,
            "eps_4q": 1.48,
            "eps_4q_growth_year": 133.14,
            "roe": 3.74,
            "roe_4q": 11.200000000000001,
            "gross_profit": 115782,
            "gross_margin": 16.44,
            "gross_margin_4q_avg": 17.05,
            "net_income": 61942,
            "net_income_4q": null,
            "revenue": 704480,
            "revenue_4q": null,
            "common_shares": 1307107,
            "book_valuer_per_share": 12.99,
            "book_valuer_per_share_4q_avg": 12.87,
            "equity": 1698346,
            "current_ratio": 153.41,
            "debt_ratio": 48.52,
            "inventory_turnover_ratio": 1.56,
            "account_receivable_turnover_ratio": null,
            "reinvestment_rate": 102.95,
            "research_to_sale_ratio": null,
            "price_fair": 47.6,
            "eps_avg_yearly": 1.36,
            "eps_latest_yearly": 2.24,
            "eps_growth_yearly": 173.6
        },
        "20041": {
            "year_quarter": 20041,
            "year": 2004,
            "quarter": 1,
            "eps": 0.45,
            "eps_growth_year": 28.57,
            "eps_4q": 1.45,
            "eps_4q_growth_year": 32.78,
            "roe": 3.45,
            "roe_4q": 12.000000000000002,
            "gross_profit": 77628,
            "gross_margin": 13.73,
            "gross_margin_4q_avg": 16.31,
            "net_income": 58192,
            "net_income_4q": null,
            "revenue": 565364,
            "revenue_4q": null,
            "common_shares": 1307107,
            "book_valuer_per_share": 12.79,
            "book_valuer_per_share_4q_avg": 12.75,
            "equity": 1671947,
            "current_ratio": 69.88,
            "debt_ratio": 47.26,
            "inventory_turnover_ratio": 1.26,
            "account_receivable_turnover_ratio": null,
            "reinvestment_rate": 158.05,
            "research_to_sale_ratio": null,
            "price_fair": 49.8,
            "eps_avg_yearly": 1.42,
            "eps_latest_yearly": 1.8,
            "eps_growth_yearly": 137.58
        },
        "20042": {
            "year_quarter": 20042,
            "year": 2004,
            "quarter": 2,
            "eps": 0.47,
            "eps_growth_year": 56.67,
            "eps_4q": 1.62,
            "eps_4q_growth_year": 36.35,
            "roe": 3.8,
            "roe_4q": 13.49,
            "gross_profit": 118666,
            "gross_margin": 19.83,
            "gross_margin_4q_avg": 16.5,
            "net_income": 63738,
            "net_income_4q": null,
            "revenue": 598296,
            "revenue_4q": null,
            "common_shares": 1346320,
            "book_valuer_per_share": 12.52,
            "book_valuer_per_share_4q_avg": 12.66,
            "equity": 1685691,
            "current_ratio": 100.32,
            "debt_ratio": 52.39,
            "inventory_turnover_ratio": 2.03,
            "account_receivable_turnover_ratio": null,
            "reinvestment_rate": 131.44,
            "research_to_sale_ratio": null,
            "price_fair": 51.8,
            "eps_avg_yearly": 1.48,
            "eps_latest_yearly": 1.88,
            "eps_growth_yearly": 122.6
        },
        "20043": {
            "year_quarter": 20043,
            "year": 2004,
            "quarter": 3,
            "eps": 0.34,
            "eps_growth_year": 21.43,
            "eps_4q": 1.72,
            "eps_4q_growth_year": 91.7,
            "roe": 2.62,
            "roe_4q": 13.610000000000001,
            "gross_profit": 131169,
            "gross_margin": 15.48,
            "gross_margin_4q_avg": 16.37,
            "net_income": 45141,
            "net_income_4q": null,
            "revenue": 847225,
            "revenue_4q": null,
            "common_shares": 1369080,
            "book_valuer_per_share": 12.85,
            "book_valuer_per_share_4q_avg": 12.79,
            "equity": 1759348,
            "current_ratio": 121.02,
            "debt_ratio": 47.41,
            "inventory_turnover_ratio": 2.96,
            "account_receivable_turnover_ratio": null,
            "reinvestment_rate": 113.76,
            "research_to_sale_ratio": null,
            "price_fair": 51.33,
            "eps_avg_yearly": 1.47,
            "eps_latest_yearly": 1.36,
            "eps_growth_yearly": 96.69
        },
        "20044": {
            "year_quarter": 20044,
            "year": 2004,
            "quarter": 4,
            "eps": -0.2,
            "eps_growth_year": -135.71,
            "eps_4q": 1.04,
            "eps_4q_growth_year": -29.73,
            "roe": -1.56,
            "roe_4q": 8.309999999999999,
            "gross_profit": 129541,
            "gross_margin": 22.47,
            "gross_margin_4q_avg": 17.88,
            "net_income": -26430,
            "net_income_4q": null,
            "revenue": 576614,
            "revenue_4q": null,
            "common_shares": 1370782,
            "book_valuer_per_share": 11.96,
            "book_valuer_per_share_4q_avg": 12.53,
            "equity": 1640000,
            "current_ratio": 219.13,
            "debt_ratio": 48.53,
            "inventory_turnover_ratio": 1.72,
            "account_receivable_turnover_ratio": null,
            "reinvestment_rate": 26.74,
            "research_to_sale_ratio": null,
            "price_fair": 51.33,
            "eps_avg_yearly": 1.47,
            "eps_latest_yearly": 1.36,
            "eps_growth_yearly": 96.69
        },
        "20051": {
            "year_quarter": 20051,
            "year": 2005,
            "quarter": 1,
            "eps": 0.56,
            "eps_growth_year": 24.44,
            "eps_4q": 1.16,
            "eps_4q_growth_year": -19.72,
            "roe": 4.5,
            "roe_4q": 9.36,
            "gross_profit": 110039,
            "gross_margin": 17.6,
            "gross_margin_4q_avg": 18.85,
            "net_income": 76891,
            "net_income_4q": null,
            "revenue": 625164,
            "revenue_4q": null,
            "common_shares": 1370962,
            "book_valuer_per_share": 12.95,
            "book_valuer_per_share_4q_avg": 12.57,
            "equity": 1775999,
            "current_ratio": 96.77,
            "debt_ratio": 49.57,
            "inventory_turnover_ratio": 1.91,
            "account_receivable_turnover_ratio": null,
            "reinvestment_rate": 81.36,
            "research_to_sale_ratio": null,
            "price_fair": 51.33,
            "eps_avg_yearly": 1.47,
            "eps_latest_yearly": 1.36,
            "eps_growth_yearly": 96.69
        },
        "20052": {
            "year_quarter": 20052,
            "year": 2005,
            "quarter": 2,
            "eps": -0.31,
            "eps_growth_year": -165.96,
            "eps_4q": 0.39,
            "eps_4q_growth_year": -76.05,
            "roe": -2.43,
            "roe_4q": 3.13,
            "gross_profit": 103810,
            "gross_margin": 17.47,
            "gross_margin_4q_avg": 18.26,
            "net_income": -42283,
            "net_income_4q": null,
            "revenue": 594057,
            "revenue_4q": null,
            "common_shares": 1370962,
            "book_valuer_per_share": 12.47,
            "book_valuer_per_share_4q_avg": 12.56,
            "equity": 1709081,
            "current_ratio": 122.42,
            "debt_ratio": 51.62,
            "inventory_turnover_ratio": 1.8,
            "account_receivable_turnover_ratio": null,
            "reinvestment_rate": 77.21,
            "research_to_sale_ratio": null,
            "price_fair": 51.33,
            "eps_avg_yearly": 1.47,
            "eps_latest_yearly": 1.36,
            "eps_growth_yearly": 96.69
        },
        "20053": {
            "year_quarter": 20053,
            "year": 2005,
            "quarter": 3,
            "eps": 0.34,
            "eps_growth_year": 0,
            "eps_4q": 0.4,
            "eps_4q_growth_year": -76.99,
            "roe": 2.78,
            "roe_4q": 3.2899999999999996,
            "gross_profit": 195509,
            "gross_margin": 18.06,
            "gross_margin_4q_avg": 18.9,
            "net_income": 48915,
            "net_income_4q": null,
            "revenue": 1082662,
            "revenue_4q": null,
            "common_shares": 1439510,
            "book_valuer_per_share": 12.6,
            "book_valuer_per_share_4q_avg": 12.5,
            "equity": 1813905,
            "current_ratio": 134.55,
            "debt_ratio": 51.65,
            "inventory_turnover_ratio": 3.08,
            "account_receivable_turnover_ratio": null,
            "reinvestment_rate": 74.01,
            "research_to_sale_ratio": null,
            "price_fair": 51.33,
            "eps_avg_yearly": 1.47,
            "eps_latest_yearly": 1.36,
            "eps_growth_yearly": 96.69
        },
        "20054": {
            "year_quarter": 20054,
            "year": 2005,
            "quarter": 4,
            "eps": 0.5,
            "eps_growth_year": null,
            "eps_4q": 1.09,
            "eps_4q_growth_year": 4.65,
            "roe": 3.85,
            "roe_4q": 8.7,
            "gross_profit": 132377,
            "gross_margin": 16.54,
            "gross_margin_4q_avg": 17.42,
            "net_income": 70980,
            "net_income_4q": null,
            "revenue": 800177,
            "revenue_4q": null,
            "common_shares": 1379698,
            "book_valuer_per_share": 13.07,
            "book_valuer_per_share_4q_avg": 12.77,
            "equity": 1870048,
            "current_ratio": 203.91,
            "debt_ratio": 53.39,
            "inventory_turnover_ratio": 1.23,
            "account_receivable_turnover_ratio": null,
            "reinvestment_rate": 3.18,
            "research_to_sale_ratio": null,
            "price_fair": 53.2,
            "eps_avg_yearly": 1.52,
            "eps_latest_yearly": 2,
            "eps_growth_yearly": 105.84
        },
        "20061": {
            "year_quarter": 20061,
            "year": 2006,
            "quarter": 1,
            "eps": 0.74,
            "eps_growth_year": 32.14,
            "eps_4q": 1.3,
            "eps_4q_growth_year": 12.06,
            "roe": 5.44,
            "roe_4q": 9.64,
            "gross_profit": 97445,
            "gross_margin": 11.01,
            "gross_margin_4q_avg": 15.77,
            "net_income": 102487,
            "net_income_4q": null,
            "revenue": 884777,
            "revenue_4q": null,
            "common_shares": 1387231,
            "book_valuer_per_share": 13.7,
            "book_valuer_per_share_4q_avg": 12.96,
            "equity": 1900062,
            "current_ratio": 176.86,
            "debt_ratio": 50.09,
            "inventory_turnover_ratio": 1.36,
            "account_receivable_turnover_ratio": null,
            "reinvestment_rate": 38.75,
            "research_to_sale_ratio": null,
            "price_fair": 57.78,
            "eps_avg_yearly": 1.65,
            "eps_latest_yearly": 2.96,
            "eps_growth_yearly": 113.68
        },
        "20062": {
            "year_quarter": 20062,
            "year": 2006,
            "quarter": 2,
            "eps": 0.14,
            "eps_growth_year": null,
            "eps_4q": 1.72,
            "eps_4q_growth_year": 341.3,
            "roe": 1.07,
            "roe_4q": 13.14,
            "gross_profit": 109915,
            "gross_margin": 13.84,
            "gross_margin_4q_avg": 14.86,
            "net_income": 19751,
            "net_income_4q": null,
            "revenue": 794332,
            "revenue_4q": null,
            "common_shares": 1402297,
            "book_valuer_per_share": 12.68,
            "book_valuer_per_share_4q_avg": 13.01,
            "equity": 1778061,
            "current_ratio": 131.98,
            "debt_ratio": 53.65,
            "inventory_turnover_ratio": 1.82,
            "account_receivable_turnover_ratio": null,
            "reinvestment_rate": 38.41,
            "research_to_sale_ratio": null,
            "price_fair": 54.6,
            "eps_avg_yearly": 1.56,
            "eps_latest_yearly": 0.56,
            "eps_growth_yearly": 77.18
        },
        "20063": {
            "year_quarter": 20063,
            "year": 2006,
            "quarter": 3,
            "eps": 0.53,
            "eps_growth_year": 55.88,
            "eps_4q": 1.92,
            "eps_4q_growth_year": 383.86,
            "roe": 4.03,
            "roe_4q": 14.39,
            "gross_profit": 182773,
            "gross_margin": 16.35,
            "gross_margin_4q_avg": 14.44,
            "net_income": 73665,
            "net_income_4q": null,
            "revenue": 1117840,
            "revenue_4q": null,
            "common_shares": 1424166,
            "book_valuer_per_share": 13.18,
            "book_valuer_per_share_4q_avg": 13.16,
            "equity": 1876368,
            "current_ratio": 146.64,
            "debt_ratio": 52.34,
            "inventory_turnover_ratio": 2.63,
            "account_receivable_turnover_ratio": null,
            "reinvestment_rate": 36.54,
            "research_to_sale_ratio": null,
            "price_fair": 56.12,
            "eps_avg_yearly": 1.6,
            "eps_latest_yearly": 2.12,
            "eps_growth_yearly": 133.19
        },
        "20064": {
            "year_quarter": 20064,
            "year": 2006,
            "quarter": 4,
            "eps": 0.19,
            "eps_growth_year": -62,
            "eps_4q": 1.59,
            "eps_4q_growth_year": 46.48,
            "roe": 1.34,
            "roe_4q": 11.88,
            "gross_profit": 160445,
            "gross_margin": 20.41,
            "gross_margin_4q_avg": 15.4,
            "net_income": 26506,
            "net_income_4q": null,
            "revenue": 786184,
            "revenue_4q": null,
            "common_shares": 1560249,
            "book_valuer_per_share": 12.98,
            "book_valuer_per_share_4q_avg": 13.14,
            "equity": 2092759,
            "current_ratio": 181.49,
            "debt_ratio": 51.87,
            "inventory_turnover_ratio": 1.13,
            "account_receivable_turnover_ratio": null,
            "reinvestment_rate": 56.99,
            "research_to_sale_ratio": null,
            "price_fair": 56.58,
            "eps_avg_yearly": 1.62,
            "eps_latest_yearly": 0.76,
            "eps_growth_yearly": 132.64
        },
        "20071": {
            "year_quarter": 20071,
            "year": 2007,
            "quarter": 1,
            "eps": 0.45,
            "eps_growth_year": -39.19,
            "eps_4q": 1.2,
            "eps_4q_growth_year": -7.63,
            "roe": 3.34,
            "roe_4q": 9.780000000000001,
            "gross_profit": 123594,
            "gross_margin": 15.12,
            "gross_margin_4q_avg": 16.43,
            "net_income": 71847,
            "net_income_4q": null,
            "revenue": 817689,
            "revenue_4q": null,
            "common_shares": 1649115,
            "book_valuer_per_share": 13.42,
            "book_valuer_per_share_4q_avg": 13.07,
            "equity": 2212730,
            "current_ratio": 186.86,
            "debt_ratio": 40.2,
            "inventory_turnover_ratio": 1.3,
            "account_receivable_turnover_ratio": null,
            "reinvestment_rate": 18.49,
            "research_to_sale_ratio": null,
            "price_fair": 57.75,
            "eps_avg_yearly": 1.65,
            "eps_latest_yearly": 1.8,
            "eps_growth_yearly": 133.81
        },
        "20072": {
            "year_quarter": 20072,
            "year": 2007,
            "quarter": 2,
            "eps": 0.44,
            "eps_growth_year": 214.29,
            "eps_4q": 1.49,
            "eps_4q_growth_year": -13.28,
            "roe": 3.37,
            "roe_4q": 12.080000000000002,
            "gross_profit": 144253,
            "gross_margin": 18.13,
            "gross_margin_4q_avg": 17.5,
            "net_income": 72200,
            "net_income_4q": null,
            "revenue": 795759,
            "revenue_4q": null,
            "common_shares": 1649115,
            "book_valuer_per_share": 12.59,
            "book_valuer_per_share_4q_avg": 13.04,
            "equity": 2075806,
            "current_ratio": 105.88,
            "debt_ratio": 47.63,
            "inventory_turnover_ratio": 1.97,
            "account_receivable_turnover_ratio": null,
            "reinvestment_rate": 18.72,
            "research_to_sale_ratio": null,
            "price_fair": 59.38,
            "eps_avg_yearly": 1.7,
            "eps_latest_yearly": 1.76,
            "eps_growth_yearly": 137.83
        },
        "20073": {
            "year_quarter": 20073,
            "year": 2007,
            "quarter": 3,
            "eps": 0.29,
            "eps_growth_year": -45.28,
            "eps_4q": 1.34,
            "eps_4q_growth_year": -30.13,
            "roe": 2.24,
            "roe_4q": 10.29,
            "gross_profit": 139302,
            "gross_margin": 12.1,
            "gross_margin_4q_avg": 16.44,
            "net_income": 47037,
            "net_income_4q": null,
            "revenue": 1150988,
            "revenue_4q": null,
            "common_shares": 1649115,
            "book_valuer_per_share": 12.93,
            "book_valuer_per_share_4q_avg": 12.98,
            "equity": 2131606,
            "current_ratio": 117.44,
            "debt_ratio": 47.75,
            "inventory_turnover_ratio": 2.8,
            "account_receivable_turnover_ratio": null,
            "reinvestment_rate": 19.03,
            "research_to_sale_ratio": null,
            "price_fair": 59.5,
            "eps_avg_yearly": 1.7,
            "eps_latest_yearly": 1.16,
            "eps_growth_yearly": 128.69
        },
        "20074": {
            "year_quarter": 20074,
            "year": 2007,
            "quarter": 4,
            "eps": -0.65,
            "eps_growth_year": -442.11,
            "eps_4q": 0.53,
            "eps_4q_growth_year": -66.65,
            "roe": -5.04,
            "roe_4q": 3.91,
            "gross_profit": 152779,
            "gross_margin": 15.35,
            "gross_margin_4q_avg": 15.18,
            "net_income": -106730,
            "net_income_4q": null,
            "revenue": 995437,
            "revenue_4q": null,
            "common_shares": 1649115,
            "book_valuer_per_share": 12.26,
            "book_valuer_per_share_4q_avg": 12.8,
            "equity": 2102682,
            "current_ratio": 179.76,
            "debt_ratio": 55.6,
            "inventory_turnover_ratio": 1.29,
            "account_receivable_turnover_ratio": null,
            "reinvestment_rate": 50.79,
            "research_to_sale_ratio": null,
            "price_fair": 57.78,
            "eps_avg_yearly": 1.65,
            "eps_latest_yearly": 1.16,
            "eps_growth_yearly": 104.03
        },
        "20081": {
            "year_quarter": 20081,
            "year": 2008,
            "quarter": 1,
            "eps": -0.23,
            "eps_growth_year": -151.11,
            "eps_4q": -0.15,
            "eps_4q_growth_year": -112.47,
            "roe": -1.93,
            "roe_4q": -1.3599999999999994,
            "gross_profit": 222894,
            "gross_margin": 12.07,
            "gross_margin_4q_avg": 14.41,
            "net_income": -38457,
            "net_income_4q": null,
            "revenue": 1846025,
            "revenue_4q": null,
            "common_shares": 1649115,
            "book_valuer_per_share": 10.9,
            "book_valuer_per_share_4q_avg": 12.17,
            "equity": 1876199,
            "current_ratio": 176.79,
            "debt_ratio": 56.99,
            "inventory_turnover_ratio": 1.79,
            "account_receivable_turnover_ratio": null,
            "reinvestment_rate": 38.9,
            "research_to_sale_ratio": null,
            "price_fair": 57.26,
            "eps_avg_yearly": 1.64,
            "eps_latest_yearly": 1.16,
            "eps_growth_yearly": 122.28
        },
        "20082": {
            "year_quarter": 20082,
            "year": 2008,
            "quarter": 2,
            "eps": -0.23,
            "eps_growth_year": -152.27,
            "eps_4q": -0.82,
            "eps_4q_growth_year": -155.3,
            "roe": -2.19,
            "roe_4q": -6.92,
            "gross_profit": 216701,
            "gross_margin": 13.53,
            "gross_margin_4q_avg": 13.26,
            "net_income": -40295,
            "net_income_4q": null,
            "revenue": 1601661,
            "revenue_4q": null,
            "common_shares": 1649115,
            "book_valuer_per_share": 10.35,
            "book_valuer_per_share_4q_avg": 11.61,
            "equity": 1805626,
            "current_ratio": 118.37,
            "debt_ratio": 61.22,
            "inventory_turnover_ratio": 1.57,
            "account_receivable_turnover_ratio": null,
            "reinvestment_rate": 51.18,
            "research_to_sale_ratio": null,
            "price_fair": 56.31,
            "eps_avg_yearly": 1.61,
            "eps_latest_yearly": 1.16,
            "eps_growth_yearly": 133.9
        },
        "20083": {
            "year_quarter": 20083,
            "year": 2008,
            "quarter": 3,
            "eps": 0.5,
            "eps_growth_year": 72.41,
            "eps_4q": -0.6,
            "eps_4q_growth_year": -144.54,
            "roe": 4.67,
            "roe_4q": -4.49,
            "gross_profit": 276493,
            "gross_margin": 13.67,
            "gross_margin_4q_avg": 13.66,
            "net_income": 84581,
            "net_income_4q": null,
            "revenue": 2022795,
            "revenue_4q": null,
            "common_shares": 1649115,
            "book_valuer_per_share": 10.43,
            "book_valuer_per_share_4q_avg": 10.99,
            "equity": 1818649,
            "current_ratio": 170.47,
            "debt_ratio": 64.36,
            "inventory_turnover_ratio": 2.06,
            "account_receivable_turnover_ratio": null,
            "reinvestment_rate": 57.89,
            "research_to_sale_ratio": null,
            "price_fair": 57.4,
            "eps_avg_yearly": 1.64,
            "eps_latest_yearly": 1.16,
            "eps_growth_yearly": 164.46
        },
        "20084": {
            "year_quarter": 20084,
            "year": 2008,
            "quarter": 4,
            "eps": -1.04,
            "eps_growth_year": null,
            "eps_4q": -0.84,
            "eps_4q_growth_year": -258.59,
            "roe": -11.24,
            "roe_4q": -10.69,
            "gross_profit": 140297,
            "gross_margin": 8.17,
            "gross_margin_4q_avg": 11.86,
            "net_income": -202042,
            "net_income_4q": null,
            "revenue": 1716682,
            "revenue_4q": null,
            "common_shares": 1649115,
            "book_valuer_per_share": 9.59,
            "book_valuer_per_share_4q_avg": 10.32,
            "equity": 1776980,
            "current_ratio": 161.99,
            "debt_ratio": 64.98,
            "inventory_turnover_ratio": 1.78,
            "account_receivable_turnover_ratio": 4.36,
            "reinvestment_rate": 121.59,
            "research_to_sale_ratio": null,
            "price_fair": 57.4,
            "eps_avg_yearly": 1.64,
            "eps_latest_yearly": 1.16,
            "eps_growth_yearly": 164.46
        },
        "20091": {
            "year_quarter": 20091,
            "year": 2009,
            "quarter": 1,
            "eps": 0.26,
            "eps_growth_year": null,
            "eps_4q": -0.54,
            "eps_4q_growth_year": null,
            "roe": 2.3,
            "roe_4q": -6.460000000000001,
            "gross_profit": 264641,
            "gross_margin": 17.64,
            "gross_margin_4q_avg": 13.25,
            "net_income": 40875,
            "net_income_4q": null,
            "revenue": 1500280,
            "revenue_4q": null,
            "common_shares": 1649115,
            "book_valuer_per_share": 10.21,
            "book_valuer_per_share_4q_avg": 10.15,
            "equity": 1775329,
            "current_ratio": 189.97,
            "debt_ratio": 62.25,
            "inventory_turnover_ratio": 1.27,
            "account_receivable_turnover_ratio": 2.27,
            "reinvestment_rate": 184.36,
            "research_to_sale_ratio": null,
            "price_fair": 57.4,
            "eps_avg_yearly": 1.64,
            "eps_latest_yearly": 1.16,
            "eps_growth_yearly": 164.46
        },
        "20092": {
            "year_quarter": 20092,
            "year": 2009,
            "quarter": 2,
            "eps": 0.13,
            "eps_growth_year": null,
            "eps_4q": -0.51,
            "eps_4q_growth_year": null,
            "roe": -0.34,
            "roe_4q": -4.610000000000001,
            "gross_profit": 296497,
            "gross_margin": 17.69,
            "gross_margin_4q_avg": 14.29,
            "net_income": -6155,
            "net_income_4q": null,
            "revenue": 1675896,
            "revenue_4q": null,
            "common_shares": 1649115,
            "book_valuer_per_share": 10.45,
            "book_valuer_per_share_4q_avg": 10.17,
            "equity": 1891668,
            "current_ratio": 167.34,
            "debt_ratio": 63.07,
            "inventory_turnover_ratio": 1.49,
            "account_receivable_turnover_ratio": 2.48,
            "reinvestment_rate": 216.1,
            "research_to_sale_ratio": null,
            "price_fair": 53.04,
            "eps_avg_yearly": 1.52,
            "eps_latest_yearly": 0.52,
            "eps_growth_yearly": 123.97
        },
        "20093": {
            "year_quarter": 20093,
            "year": 2009,
            "quarter": 3,
            "eps": -0.04,
            "eps_growth_year": -108,
            "eps_4q": -0.68,
            "eps_4q_growth_year": null,
            "roe": -0.49,
            "roe_4q": -9.77,
            "gross_profit": 224105,
            "gross_margin": 14.08,
            "gross_margin_4q_avg": 14.4,
            "net_income": -9176,
            "net_income_4q": null,
            "revenue": 1591620,
            "revenue_4q": null,
            "common_shares": 1649115,
            "book_valuer_per_share": 10.42,
            "book_valuer_per_share_4q_avg": 10.17,
            "equity": 1875775,
            "current_ratio": 163.02,
            "debt_ratio": 64.29,
            "inventory_turnover_ratio": 1.45,
            "account_receivable_turnover_ratio": 1.97,
            "reinvestment_rate": 244.83,
            "research_to_sale_ratio": null,
            "price_fair": 53.04,
            "eps_avg_yearly": 1.52,
            "eps_latest_yearly": 0.52,
            "eps_growth_yearly": 123.97
        },
        "20094": {
            "year_quarter": 20094,
            "year": 2009,
            "quarter": 4,
            "eps": 0.15,
            "eps_growth_year": null,
            "eps_4q": 0.51,
            "eps_4q_growth_year": null,
            "roe": 1.17,
            "roe_4q": 2.6399999999999997,
            "gross_profit": 269156,
            "gross_margin": 17.12,
            "gross_margin_4q_avg": 16.63,
            "net_income": 21927,
            "net_income_4q": null,
            "revenue": 1572011,
            "revenue_4q": null,
            "common_shares": 1649115,
            "book_valuer_per_share": 10.41,
            "book_valuer_per_share_4q_avg": 10.37,
            "equity": 1880196,
            "current_ratio": 149.58,
            "debt_ratio": 63.2,
            "inventory_turnover_ratio": 1.35,
            "account_receivable_turnover_ratio": 3.19,
            "reinvestment_rate": 178.17,
            "research_to_sale_ratio": null,
            "price_fair": 50.93,
            "eps_avg_yearly": 1.46,
            "eps_latest_yearly": 0.52,
            "eps_growth_yearly": 115.93
        },
        "20101": {
            "year_quarter": 20101,
            "year": 2010,
            "quarter": 1,
            "eps": 0.35,
            "eps_growth_year": 34.62,
            "eps_4q": 0.6,
            "eps_4q_growth_year": null,
            "roe": 2.97,
            "roe_4q": 3.3100000000000005,
            "gross_profit": 304250,
            "gross_margin": 20.76,
            "gross_margin_4q_avg": 17.41,
            "net_income": 56533,
            "net_income_4q": null,
            "revenue": 1465832,
            "revenue_4q": null,
            "common_shares": 1649115,
            "book_valuer_per_share": 10.69,
            "book_valuer_per_share_4q_avg": 10.49,
            "equity": 1923686,
            "current_ratio": 147.57,
            "debt_ratio": 63.91,
            "inventory_turnover_ratio": 1.11,
            "account_receivable_turnover_ratio": 1.3,
            "reinvestment_rate": 396.53,
            "research_to_sale_ratio": null,
            "price_fair": 44.1,
            "eps_avg_yearly": 1.26,
            "eps_latest_yearly": 1.4,
            "eps_growth_yearly": 158.6
        },
        "20102": {
            "year_quarter": 20102,
            "year": 2010,
            "quarter": 2,
            "eps": -0.11,
            "eps_growth_year": -182.6,
            "eps_4q": 0.36,
            "eps_4q_growth_year": null,
            "roe": -1.08,
            "roe_4q": 2.5700000000000003,
            "gross_profit": 190631,
            "gross_margin": 10.79,
            "gross_margin_4q_avg": 15.69,
            "net_income": -20785,
            "net_income_4q": null,
            "revenue": 1766645,
            "revenue_4q": null,
            "common_shares": 1649115,
            "book_valuer_per_share": 10.55,
            "book_valuer_per_share_4q_avg": 10.52,
            "equity": 1923164,
            "current_ratio": 132.73,
            "debt_ratio": 66.41,
            "inventory_turnover_ratio": 1.33,
            "account_receivable_turnover_ratio": 1.44,
            "reinvestment_rate": 628.28,
            "research_to_sale_ratio": null,
            "price_fair": 47.6,
            "eps_avg_yearly": 1.36,
            "eps_latest_yearly": 1.4,
            "eps_growth_yearly": 227.59
        },
        "20103": {
            "year_quarter": 20103,
            "year": 2010,
            "quarter": 3,
            "eps": 1,
            "eps_growth_year": null,
            "eps_4q": 1.4,
            "eps_4q_growth_year": null,
            "roe": 7.7,
            "roe_4q": 10.76,
            "gross_profit": 316130,
            "gross_margin": 18.79,
            "gross_margin_4q_avg": 16.87,
            "net_income": 154477,
            "net_income_4q": null,
            "revenue": 1682853,
            "revenue_4q": null,
            "common_shares": 1649115,
            "book_valuer_per_share": 11.61,
            "book_valuer_per_share_4q_avg": 10.82,
            "equity": 2089268,
            "current_ratio": 147.07,
            "debt_ratio": 64.69,
            "inventory_turnover_ratio": 1.05,
            "account_receivable_turnover_ratio": 1.31,
            "reinvestment_rate": 388.5,
            "research_to_sale_ratio": null,
            "price_fair": 43.17,
            "eps_avg_yearly": 1.23,
            "eps_latest_yearly": 1.4,
            "eps_growth_yearly": 79.81
        },
        "20104": {
            "year_quarter": 20104,
            "year": 2010,
            "quarter": 4,
            "eps": -0.24,
            "eps_growth_year": -259.33,
            "eps_4q": 1.01,
            "eps_4q_growth_year": 97.16,
            "roe": -2.54,
            "roe_4q": 7.050000000000001,
            "gross_profit": 257981,
            "gross_margin": 12.61,
            "gross_margin_4q_avg": 15.74,
            "net_income": -51073,
            "net_income_4q": null,
            "revenue": 2045418,
            "revenue_4q": null,
            "common_shares": 1649115,
            "book_valuer_per_share": 10.74,
            "book_valuer_per_share_4q_avg": 10.9,
            "equity": 1925742,
            "current_ratio": 96.56,
            "debt_ratio": 67.32,
            "inventory_turnover_ratio": 1.32,
            "account_receivable_turnover_ratio": 1.68,
            "reinvestment_rate": 286.82,
            "research_to_sale_ratio": null,
            "price_fair": 46.48,
            "eps_avg_yearly": 1.33,
            "eps_latest_yearly": 1.4,
            "eps_growth_yearly": 147.09
        },
        "20111": {
            "year_quarter": 20111,
            "year": 2011,
            "quarter": 1,
            "eps": 0.52,
            "eps_growth_year": 48.57,
            "eps_4q": 1.18,
            "eps_4q_growth_year": 96.12,
            "roe": 4.05,
            "roe_4q": 8.13,
            "gross_profit": 267110,
            "gross_margin": 17.25,
            "gross_margin_4q_avg": 14.86,
            "net_income": 79853,
            "net_income_4q": null,
            "revenue": 1548212,
            "revenue_4q": null,
            "common_shares": 1649115,
            "book_valuer_per_share": 11.17,
            "book_valuer_per_share_4q_avg": 11.02,
            "equity": 2015824,
            "current_ratio": 95.79,
            "debt_ratio": 67.49,
            "inventory_turnover_ratio": 0.91,
            "account_receivable_turnover_ratio": 1.47,
            "reinvestment_rate": 752.81,
            "research_to_sale_ratio": null,
            "price_fair": 42.35,
            "eps_avg_yearly": 1.21,
            "eps_latest_yearly": 1.4,
            "eps_growth_yearly": 47.02
        },
        "20112": {
            "year_quarter": 20112,
            "year": 2011,
            "quarter": 2,
            "eps": 0.2,
            "eps_growth_year": null,
            "eps_4q": 1.48,
            "eps_4q_growth_year": 314.24,
            "roe": 1.42,
            "roe_4q": 10.629999999999999,
            "gross_profit": 313980,
            "gross_margin": 17.2,
            "gross_margin_4q_avg": 16.46,
            "net_income": 28744,
            "net_income_4q": null,
            "revenue": 1825487,
            "revenue_4q": null,
            "common_shares": 1649115,
            "book_valuer_per_share": 11.25,
            "book_valuer_per_share_4q_avg": 11.19,
            "equity": 2042920,
            "current_ratio": 143.76,
            "debt_ratio": 68.2,
            "inventory_turnover_ratio": 1,
            "account_receivable_turnover_ratio": 1.76,
            "reinvestment_rate": 1086.11,
            "research_to_sale_ratio": null,
            "price_fair": 2.91,
            "eps_avg_yearly": 0.97,
            "eps_latest_yearly": 0.8,
            "eps_growth_yearly": -12.3
        },
        "20113": {
            "year_quarter": 20113,
            "year": 2011,
            "quarter": 3,
            "eps": 0.25,
            "eps_growth_year": -74.69,
            "eps_4q": 0.73,
            "eps_4q_growth_year": -47.45,
            "roe": 1.5,
            "roe_4q": 4.43,
            "gross_profit": 329532,
            "gross_margin": 16.6,
            "gross_margin_4q_avg": 15.92,
            "net_income": 33872,
            "net_income_4q": null,
            "revenue": 1984684,
            "revenue_4q": null,
            "common_shares": 1649115,
            "book_valuer_per_share": 11.63,
            "book_valuer_per_share_4q_avg": 11.2,
            "equity": 2461509,
            "current_ratio": 153.81,
            "debt_ratio": 64.42,
            "inventory_turnover_ratio": 1.1,
            "account_receivable_turnover_ratio": 1.56,
            "reinvestment_rate": 1071.36,
            "research_to_sale_ratio": null,
            "price_fair": 32.55,
            "eps_avg_yearly": 0.93,
            "eps_latest_yearly": 1,
            "eps_growth_yearly": 46.79
        },
        "20114": {
            "year_quarter": 20114,
            "year": 2011,
            "quarter": 4,
            "eps": -0.07,
            "eps_growth_year": null,
            "eps_4q": 0.91,
            "eps_4q_growth_year": -9.69,
            "roe": -0.57,
            "roe_4q": 6.4,
            "gross_profit": 348831,
            "gross_margin": 16.55,
            "gross_margin_4q_avg": 16.9,
            "net_income": -13928,
            "net_income_4q": null,
            "revenue": 2108219,
            "revenue_4q": null,
            "common_shares": 1649115,
            "book_valuer_per_share": 11.26,
            "book_valuer_per_share_4q_avg": 11.33,
            "equity": 2397025,
            "current_ratio": 148.48,
            "debt_ratio": 64.55,
            "inventory_turnover_ratio": 1.28,
            "account_receivable_turnover_ratio": 1.55,
            "reinvestment_rate": 348.75,
            "research_to_sale_ratio": null,
            "price_fair": 32.55,
            "eps_avg_yearly": 0.93,
            "eps_latest_yearly": 1,
            "eps_growth_yearly": 46.79
        },
        "20121": {
            "year_quarter": 20121,
            "year": 2012,
            "quarter": 1,
            "eps": 0.26,
            "eps_growth_year": -50,
            "eps_4q": 0.65,
            "eps_4q_growth_year": -45.01,
            "roe": 1.35,
            "roe_4q": 3.7,
            "gross_profit": 255053,
            "gross_margin": 16.23,
            "gross_margin_4q_avg": 16.65,
            "net_income": 32422,
            "net_income_4q": null,
            "revenue": 1571024,
            "revenue_4q": null,
            "common_shares": 1649115,
            "book_valuer_per_share": 11.4,
            "book_valuer_per_share_4q_avg": 11.39,
            "equity": 2389529,
            "current_ratio": 136.09,
            "debt_ratio": 63.79,
            "inventory_turnover_ratio": 0.94,
            "account_receivable_turnover_ratio": 1.37,
            "reinvestment_rate": 211.07,
            "research_to_sale_ratio": null,
            "price_fair": 32.55,
            "eps_avg_yearly": 0.93,
            "eps_latest_yearly": 1,
            "eps_growth_yearly": 46.79
        },
        "20122": {
            "year_quarter": 20122,
            "year": 2012,
            "quarter": 2,
            "eps": 0.37,
            "eps_growth_year": 83.75,
            "eps_4q": 0.8,
            "eps_4q_growth_year": -45.73,
            "roe": 6.92,
            "roe_4q": 9.2,
            "gross_profit": 246900,
            "gross_margin": 14.94,
            "gross_margin_4q_avg": 16.08,
            "net_income": 168722,
            "net_income_4q": null,
            "revenue": 1652457,
            "revenue_4q": null,
            "common_shares": 1649115,
            "book_valuer_per_share": 11.32,
            "book_valuer_per_share_4q_avg": 11.4,
            "equity": 2487168,
            "current_ratio": 134.12,
            "debt_ratio": 64.1,
            "inventory_turnover_ratio": 0.89,
            "account_receivable_turnover_ratio": 1.5,
            "reinvestment_rate": 174.58,
            "research_to_sale_ratio": null,
            "price_fair": 36.4,
            "eps_avg_yearly": 1.04,
            "eps_latest_yearly": 1.48,
            "eps_growth_yearly": 71.28
        },
        "20123": {
            "year_quarter": 20123,
            "year": 2012,
            "quarter": 3,
            "eps": 0.33,
            "eps_growth_year": 30.61,
            "eps_4q": 0.89,
            "eps_4q_growth_year": 20.81,
            "roe": 1.55,
            "roe_4q": 9.25,
            "gross_profit": 365141,
            "gross_margin": 17.97,
            "gross_margin_4q_avg": 16.42,
            "net_income": 39432,
            "net_income_4q": null,
            "revenue": 2032407,
            "revenue_4q": null,
            "common_shares": 1682098,
            "book_valuer_per_share": 11.38,
            "book_valuer_per_share_4q_avg": 11.34,
            "equity": 2601504,
            "current_ratio": 144.94,
            "debt_ratio": 61.96,
            "inventory_turnover_ratio": 1.09,
            "account_receivable_turnover_ratio": 1.65,
            "reinvestment_rate": 178.99,
            "research_to_sale_ratio": null,
            "price_fair": 38.03,
            "eps_avg_yearly": 1.09,
            "eps_latest_yearly": 1.32,
            "eps_growth_yearly": 52.19
        },
        "20124": {
            "year_quarter": 20124,
            "year": 2012,
            "quarter": 4,
            "eps": 0.11,
            "eps_growth_year": null,
            "eps_4q": 1.06,
            "eps_4q_growth_year": 17.24,
            "roe": -0.73,
            "roe_4q": 9.09,
            "gross_profit": 268647,
            "gross_margin": 14.49,
            "gross_margin_4q_avg": 15.91,
            "net_income": -19026,
            "net_income_4q": null,
            "revenue": 1854595,
            "revenue_4q": null,
            "common_shares": 1682098,
            "book_valuer_per_share": 11.44,
            "book_valuer_per_share_4q_avg": 11.39,
            "equity": 2596414,
            "current_ratio": 145.36,
            "debt_ratio": 60.11,
            "inventory_turnover_ratio": 1.14,
            "account_receivable_turnover_ratio": 1.54,
            "reinvestment_rate": 111.04,
            "research_to_sale_ratio": null,
            "price_fair": 16.55,
            "eps_avg_yearly": 0.99,
            "eps_latest_yearly": 0.44,
            "eps_growth_yearly": 6.64
        },
        "20131": {
            "year_quarter": 20131,
            "year": 2013,
            "quarter": 1,
            "eps": 0.32,
            "eps_growth_year": 23.08,
            "eps_4q": 1.13,
            "eps_4q_growth_year": 75.54,
            "roe": 1.62,
            "roe_4q": 9.36,
            "gross_profit": 319060,
            "gross_margin": 19.01,
            "gross_margin_4q_avg": 16.6,
            "net_income": 42111,
            "net_income_4q": null,
            "revenue": 1678240,
            "revenue_4q": null,
            "common_shares": 1682098,
            "book_valuer_per_share": 12.12,
            "book_valuer_per_share_4q_avg": 11.57,
            "equity": 2591925,
            "current_ratio": 164.13,
            "debt_ratio": 60.1,
            "inventory_turnover_ratio": 0.97,
            "account_receivable_turnover_ratio": 1.71,
            "reinvestment_rate": 147.87,
            "research_to_sale_ratio": null,
            "price_fair": 36.05,
            "eps_avg_yearly": 1.03,
            "eps_latest_yearly": 1.28,
            "eps_growth_yearly": 101.27
        },
        "20132": {
            "year_quarter": 20132,
            "year": 2013,
            "quarter": 2,
            "eps": 0.22,
            "eps_growth_year": -39.78,
            "eps_4q": 0.99,
            "eps_4q_growth_year": 23.13,
            "roe": 1.06,
            "roe_4q": 3.5,
            "gross_profit": 299546,
            "gross_margin": 18.29,
            "gross_margin_4q_avg": 17.44,
            "net_income": 26347,
            "net_income_4q": null,
            "revenue": 1637830,
            "revenue_4q": null,
            "common_shares": 1682098,
            "book_valuer_per_share": 10.94,
            "book_valuer_per_share_4q_avg": 11.47,
            "equity": 2382718,
            "current_ratio": 155.33,
            "debt_ratio": 62.99,
            "inventory_turnover_ratio": 0.9,
            "account_receivable_turnover_ratio": 1.87,
            "reinvestment_rate": 124.87,
            "research_to_sale_ratio": null,
            "price_fair": 37.63,
            "eps_avg_yearly": 1.08,
            "eps_latest_yearly": 0.88,
            "eps_growth_yearly": 110.64
        },
        "20133": {
            "year_quarter": 20133,
            "year": 2013,
            "quarter": 3,
            "eps": 0.41,
            "eps_growth_year": 23.87,
            "eps_4q": 1.07,
            "eps_4q_growth_year": 20.91,
            "roe": 2.76,
            "roe_4q": 4.709999999999999,
            "gross_profit": 375317,
            "gross_margin": 18.74,
            "gross_margin_4q_avg": 17.63,
            "net_income": 65892,
            "net_income_4q": null,
            "revenue": 2002696,
            "revenue_4q": null,
            "common_shares": 1682098,
            "book_valuer_per_share": 11.09,
            "book_valuer_per_share_4q_avg": 11.4,
            "equity": 2395004,
            "current_ratio": 151.4,
            "debt_ratio": 65.25,
            "inventory_turnover_ratio": 1.09,
            "account_receivable_turnover_ratio": 1.85,
            "reinvestment_rate": 113.9,
            "research_to_sale_ratio": null,
            "price_fair": 39.82,
            "eps_avg_yearly": 1.14,
            "eps_latest_yearly": 1.64,
            "eps_growth_yearly": 136.73
        },
        "20134": {
            "year_quarter": 20134,
            "year": 2013,
            "quarter": 4,
            "eps": 0.04,
            "eps_growth_year": -60.88,
            "eps_4q": 1,
            "eps_4q_growth_year": -5.78,
            "roe": -0.98,
            "roe_4q": 4.46,
            "gross_profit": 346604,
            "gross_margin": 18.05,
            "gross_margin_4q_avg": 18.52,
            "net_income": -23319,
            "net_income_4q": null,
            "revenue": 1920580,
            "revenue_4q": null,
            "common_shares": 1682098,
            "book_valuer_per_share": 11.14,
            "book_valuer_per_share_4q_avg": 11.32,
            "equity": 2372470,
            "current_ratio": 155.12,
            "debt_ratio": 62.3,
            "inventory_turnover_ratio": 1.14,
            "account_receivable_turnover_ratio": 1.77,
            "reinvestment_rate": 112.78,
            "research_to_sale_ratio": null,
            "price_fair": 36.4,
            "eps_avg_yearly": 1.04,
            "eps_latest_yearly": 0.16,
            "eps_growth_yearly": 86.96
        },
        "20141": {
            "year_quarter": 20141,
            "year": 2014,
            "quarter": 1,
            "eps": 0.11,
            "eps_growth_year": -65.62,
            "eps_4q": 0.79,
            "eps_4q_growth_year": -30.52,
            "roe": 0.09,
            "roe_4q": 2.9299999999999997,
            "gross_profit": 300235,
            "gross_margin": 20.11,
            "gross_margin_4q_avg": 18.8,
            "net_income": 2219,
            "net_income_4q": null,
            "revenue": 1492632,
            "revenue_4q": null,
            "common_shares": 1682098,
            "book_valuer_per_share": 11.4,
            "book_valuer_per_share_4q_avg": 11.14,
            "equity": 2401095,
            "current_ratio": 157.44,
            "debt_ratio": 64.11,
            "inventory_turnover_ratio": 0.84,
            "account_receivable_turnover_ratio": 1.79,
            "reinvestment_rate": 126.49,
            "research_to_sale_ratio": null,
            "price_fair": 33.04,
            "eps_avg_yearly": 0.94,
            "eps_latest_yearly": 0.44,
            "eps_growth_yearly": 103.63
        },
        "20142": {
            "year_quarter": 20142,
            "year": 2014,
            "quarter": 2,
            "eps": 0.02,
            "eps_growth_year": -90.91,
            "eps_4q": 0.48,
            "eps_4q_growth_year": -51.95,
            "roe": -0.17,
            "roe_4q": 1.6999999999999997,
            "gross_profit": 299810,
            "gross_margin": 18.21,
            "gross_margin_4q_avg": 18.78,
            "net_income": -4529,
            "net_income_4q": null,
            "revenue": 1646836,
            "revenue_4q": null,
            "common_shares": 2102622,
            "book_valuer_per_share": 11.26,
            "book_valuer_per_share_4q_avg": 11.22,
            "equity": 2953220,
            "current_ratio": 182.49,
            "debt_ratio": 56.76,
            "inventory_turnover_ratio": 0.85,
            "account_receivable_turnover_ratio": 1.99,
            "reinvestment_rate": 102.04,
            "research_to_sale_ratio": null,
            "price_fair": 30.29,
            "eps_avg_yearly": 0.87,
            "eps_latest_yearly": 0.08,
            "eps_growth_yearly": 64.46
        },
        "20143": {
            "year_quarter": 20143,
            "year": 2014,
            "quarter": 3,
            "eps": 0.35,
            "eps_growth_year": -14.63,
            "eps_4q": 0.49,
            "eps_4q_growth_year": -54.02,
            "roe": 2.2,
            "roe_4q": 1.1400000000000001,
            "gross_profit": 372181,
            "gross_margin": 16.98,
            "gross_margin_4q_avg": 18.34,
            "net_income": 65619,
            "net_income_4q": null,
            "revenue": 2191342,
            "revenue_4q": null,
            "common_shares": 2102622,
            "book_valuer_per_share": 11.57,
            "book_valuer_per_share_4q_avg": 11.34,
            "equity": 3021771,
            "current_ratio": 189.89,
            "debt_ratio": 57.23,
            "inventory_turnover_ratio": 1.14,
            "account_receivable_turnover_ratio": 2.18,
            "reinvestment_rate": 105.08,
            "research_to_sale_ratio": null,
            "price_fair": 31.85,
            "eps_avg_yearly": 0.91,
            "eps_latest_yearly": 1.4,
            "eps_growth_yearly": 609.08
        },
        "20144": {
            "year_quarter": 20144,
            "year": 2014,
            "quarter": 4,
            "eps": 0.07,
            "eps_growth_year": 64.77,
            "eps_4q": 0.53,
            "eps_4q_growth_year": -47.08,
            "roe": 0.03,
            "roe_4q": 2.15,
            "gross_profit": 411374,
            "gross_margin": 22.18,
            "gross_margin_4q_avg": 19.37,
            "net_income": 862,
            "net_income_4q": null,
            "revenue": 1854791,
            "revenue_4q": null,
            "common_shares": 2102622,
            "book_valuer_per_share": 12.04,
            "book_valuer_per_share_4q_avg": 11.57,
            "equity": 3131495,
            "current_ratio": 194.78,
            "debt_ratio": 56.75,
            "inventory_turnover_ratio": 0.96,
            "account_receivable_turnover_ratio": 1.61,
            "reinvestment_rate": 87.76,
            "research_to_sale_ratio": null,
            "price_fair": 30.15,
            "eps_avg_yearly": 0.86,
            "eps_latest_yearly": 0.28,
            "eps_growth_yearly": 537.62
        },
        "20151": {
            "year_quarter": 20151,
            "year": 2015,
            "quarter": 1,
            "eps": 0.04,
            "eps_growth_year": -63.64,
            "eps_4q": 0.48,
            "eps_4q_growth_year": -38.93,
            "roe": -0.36,
            "roe_4q": 1.7000000000000002,
            "gross_profit": 300801,
            "gross_margin": 18.36,
            "gross_margin_4q_avg": 18.93,
            "net_income": -11110,
            "net_income_4q": null,
            "revenue": 1637948,
            "revenue_4q": null,
            "common_shares": 2102622,
            "book_valuer_per_share": 11.63,
            "book_valuer_per_share_4q_avg": 11.63,
            "equity": 3016202,
            "current_ratio": 193.84,
            "debt_ratio": 56.39,
            "inventory_turnover_ratio": 0.94,
            "account_receivable_turnover_ratio": 1.65,
            "reinvestment_rate": 87.89,
            "research_to_sale_ratio": null,
            "price_fair": 28.4,
            "eps_avg_yearly": 0.81,
            "eps_latest_yearly": 0.16,
            "eps_growth_yearly": 486.97
        },
        "20152": {
            "year_quarter": 20152,
            "year": 2015,
            "quarter": 2,
            "eps": 0.02,
            "eps_growth_year": 0,
            "eps_4q": 0.48,
            "eps_4q_growth_year": -0.17,
            "roe": -0.44,
            "roe_4q": 1.4300000000000002,
            "gross_profit": 315236,
            "gross_margin": 19.52,
            "gross_margin_4q_avg": 19.26,
            "net_income": -12872,
            "net_income_4q": null,
            "revenue": 1614879,
            "revenue_4q": null,
            "common_shares": 2102622,
            "book_valuer_per_share": 10.98,
            "book_valuer_per_share_4q_avg": 11.56,
            "equity": 2869813,
            "current_ratio": 177.64,
            "debt_ratio": 58.73,
            "inventory_turnover_ratio": 0.86,
            "account_receivable_turnover_ratio": 1.65,
            "reinvestment_rate": 66.66,
            "research_to_sale_ratio": null,
            "price_fair": 26.6,
            "eps_avg_yearly": 0.76,
            "eps_latest_yearly": 0.08,
            "eps_growth_yearly": 490.27
        },
        "20153": {
            "year_quarter": 20153,
            "year": 2015,
            "quarter": 3,
            "eps": 0.14,
            "eps_growth_year": -60,
            "eps_4q": 0.26,
            "eps_4q_growth_year": -46.29,
            "roe": 0.54,
            "roe_4q": -0.22999999999999995,
            "gross_profit": 373640,
            "gross_margin": 17.92,
            "gross_margin_4q_avg": 19.5,
            "net_income": 15689,
            "net_income_4q": null,
            "revenue": 2084851,
            "revenue_4q": null,
            "common_shares": 2102622,
            "book_valuer_per_share": 11.21,
            "book_valuer_per_share_4q_avg": 11.47,
            "equity": 2913623,
            "current_ratio": 164.21,
            "debt_ratio": 59,
            "inventory_turnover_ratio": 1.07,
            "account_receivable_turnover_ratio": 1.74,
            "reinvestment_rate": 86.74,
            "research_to_sale_ratio": null,
            "price_fair": 25.5,
            "eps_avg_yearly": 0.73,
            "eps_latest_yearly": 0.56,
            "eps_growth_yearly": 654.55
        },
        "20154": {
            "year_quarter": 20154,
            "year": 2015,
            "quarter": 4,
            "eps": -0.18,
            "eps_growth_year": -345.08,
            "eps_4q": 0.01,
            "eps_4q_growth_year": -97.82,
            "roe": -1.67,
            "roe_4q": -1.9299999999999997,
            "gross_profit": 351055,
            "gross_margin": 22.59,
            "gross_margin_4q_avg": 19.6,
            "net_income": -47235,
            "net_income_4q": null,
            "revenue": 1554020,
            "revenue_4q": null,
            "common_shares": 2102622,
            "book_valuer_per_share": 10.51,
            "book_valuer_per_share_4q_avg": 11.08,
            "equity": 2743823,
            "current_ratio": 156.76,
            "debt_ratio": 60.47,
            "inventory_turnover_ratio": 0.79,
            "account_receivable_turnover_ratio": 1.34,
            "reinvestment_rate": 37.54,
            "research_to_sale_ratio": null,
            "price_fair": 25.5,
            "eps_avg_yearly": 0.73,
            "eps_latest_yearly": 0.56,
            "eps_growth_yearly": 654.55
        },
        "20161": {
            "year_quarter": 20161,
            "year": 2016,
            "quarter": 1,
            "eps": 0.03,
            "eps_growth_year": -25,
            "eps_4q": 0,
            "eps_4q_growth_year": -99.51,
            "roe": -1.05,
            "roe_4q": -2.6199999999999997,
            "gross_profit": 307777,
            "gross_margin": 18.41,
            "gross_margin_4q_avg": 19.61,
            "net_income": -28523,
            "net_income_4q": null,
            "revenue": 1671550,
            "revenue_4q": null,
            "common_shares": 2102622,
            "book_valuer_per_share": 10.46,
            "book_valuer_per_share_4q_avg": 10.79,
            "equity": 2670666,
            "current_ratio": 150.67,
            "debt_ratio": 60.99,
            "inventory_turnover_ratio": 0.91,
            "account_receivable_turnover_ratio": 1.86,
            "reinvestment_rate": 89.54,
            "research_to_sale_ratio": null,
            "price_fair": 25.5,
            "eps_avg_yearly": 0.73,
            "eps_latest_yearly": 0.56,
            "eps_growth_yearly": 654.55
        },
        "20162": {
            "year_quarter": 20162,
            "year": 2016,
            "quarter": 2,
            "eps": 0.06,
            "eps_growth_year": 200,
            "eps_4q": 0.05,
            "eps_4q_growth_year": -89.23,
            "roe": -0.31,
            "roe_4q": -2.49,
            "gross_profit": 306732,
            "gross_margin": 18.17,
            "gross_margin_4q_avg": 19.27,
            "net_income": -8107,
            "net_income_4q": null,
            "revenue": 1688452,
            "revenue_4q": null,
            "common_shares": 2102622,
            "book_valuer_per_share": 10.37,
            "book_valuer_per_share_4q_avg": 10.64,
            "equity": 2615635,
            "current_ratio": 140.97,
            "debt_ratio": 61.8,
            "inventory_turnover_ratio": 0.88,
            "account_receivable_turnover_ratio": 1.96,
            "reinvestment_rate": 112.92,
            "research_to_sale_ratio": null,
            "price_fair": 22.4,
            "eps_avg_yearly": 0.64,
            "eps_latest_yearly": 0.24,
            "eps_growth_yearly": 671.04
        },
        "20163": {
            "year_quarter": 20163,
            "year": 2016,
            "quarter": 3,
            "eps": 0.25,
            "eps_growth_year": 78.57,
            "eps_4q": 0.17,
            "eps_4q_growth_year": -37.65,
            "roe": 1.35,
            "roe_4q": -1.68,
            "gross_profit": 419388,
            "gross_margin": 20.53,
            "gross_margin_4q_avg": 19.93,
            "net_income": 35347,
            "net_income_4q": null,
            "revenue": 2042728,
            "revenue_4q": null,
            "common_shares": 2102622,
            "book_valuer_per_share": 10.44,
            "book_valuer_per_share_4q_avg": 10.45,
            "equity": 2607874,
            "current_ratio": 144.47,
            "debt_ratio": 61.35,
            "inventory_turnover_ratio": 1.06,
            "account_receivable_turnover_ratio": 1.99,
            "reinvestment_rate": 109.86,
            "research_to_sale_ratio": null,
            "price_fair": 21.6,
            "eps_avg_yearly": 0.62,
            "eps_latest_yearly": 1,
            "eps_growth_yearly": 764.6
        },
        "20164": {
            "year_quarter": 20164,
            "year": 2016,
            "quarter": 4,
            "eps": -0.27,
            "eps_growth_year": null,
            "eps_4q": 0.07,
            "eps_4q_growth_year": 526.3,
            "roe": -6.46,
            "roe_4q": -6.469999999999999,
            "gross_profit": 236807,
            "gross_margin": 13.88,
            "gross_margin_4q_avg": 17.75,
            "net_income": -161360,
            "net_income_4q": null,
            "revenue": 1706666,
            "revenue_4q": null,
            "common_shares": 2102622,
            "book_valuer_per_share": 10.89,
            "book_valuer_per_share_4q_avg": 10.54,
            "equity": 2391392,
            "current_ratio": 128.72,
            "debt_ratio": 64.61,
            "inventory_turnover_ratio": 1.09,
            "account_receivable_turnover_ratio": 1.52,
            "reinvestment_rate": 179.09,
            "research_to_sale_ratio": null,
            "price_fair": 22.08,
            "eps_avg_yearly": 0.63,
            "eps_latest_yearly": 1,
            "eps_growth_yearly": 843.93
        },
        "20171": {
            "year_quarter": 20171,
            "year": 2017,
            "quarter": 1,
            "eps": -0.28,
            "eps_growth_year": -1033.33,
            "eps_4q": -0.24,
            "eps_4q_growth_year": -10319.5,
            "roe": -2.57,
            "roe_4q": -7.989999999999999,
            "gross_profit": 290147,
            "gross_margin": 18.7,
            "gross_margin_4q_avg": 17.82,
            "net_income": -58838,
            "net_income_4q": null,
            "revenue": 1551199,
            "revenue_4q": null,
            "common_shares": 2102622,
            "book_valuer_per_share": 9.95,
            "book_valuer_per_share_4q_avg": 10.41,
            "equity": 2193864,
            "current_ratio": 133.69,
            "debt_ratio": 66.25,
            "inventory_turnover_ratio": 0.98,
            "account_receivable_turnover_ratio": 1.58,
            "reinvestment_rate": 160.81,
            "research_to_sale_ratio": null,
            "price_fair": 20.18,
            "eps_avg_yearly": 0.58,
            "eps_latest_yearly": 1,
            "eps_growth_yearly": 850.62
        },
        "20172": {
            "year_quarter": 20172,
            "year": 2017,
            "quarter": 2,
            "eps": -0.21,
            "eps_growth_year": -450,
            "eps_4q": -0.52,
            "eps_4q_growth_year": -1106.69,
            "roe": -1.91,
            "roe_4q": -9.59,
            "gross_profit": 317837,
            "gross_margin": 19.61,
            "gross_margin_4q_avg": 18.18,
            "net_income": -42054,
            "net_income_4q": null,
            "revenue": 1620975,
            "revenue_4q": null,
            "common_shares": 2102622,
            "book_valuer_per_share": 10,
            "book_valuer_per_share_4q_avg": 10.32,
            "equity": 2206502,
            "current_ratio": 135.55,
            "debt_ratio": 67.65,
            "inventory_turnover_ratio": 0.93,
            "account_receivable_turnover_ratio": 1.84,
            "reinvestment_rate": 292.59,
            "research_to_sale_ratio": null,
            "price_fair": 19.22,
            "eps_avg_yearly": 0.55,
            "eps_latest_yearly": 1,
            "eps_growth_yearly": 939.31
        },
        "20173": {
            "year_quarter": 20173,
            "year": 2017,
            "quarter": 3,
            "eps": 0.21,
            "eps_growth_year": -16,
            "eps_4q": -0.56,
            "eps_4q_growth_year": -436.86,
            "roe": 2.05,
            "roe_4q": -8.89,
            "gross_profit": 469890,
            "gross_margin": 21.43,
            "gross_margin_4q_avg": 18.41,
            "net_income": 45225,
            "net_income_4q": null,
            "revenue": 2192354,
            "revenue_4q": null,
            "common_shares": 2102622,
            "book_valuer_per_share": 10.01,
            "book_valuer_per_share_4q_avg": 10.21,
            "equity": 2209659,
            "current_ratio": 131.41,
            "debt_ratio": 68.46,
            "inventory_turnover_ratio": 1.21,
            "account_receivable_turnover_ratio": 1.98,
            "reinvestment_rate": 328.09,
            "research_to_sale_ratio": null,
            "price_fair": 15.4,
            "eps_avg_yearly": 0.44,
            "eps_latest_yearly": 1,
            "eps_growth_yearly": 998.7
        },
        "20174": {
            "year_quarter": 20174,
            "year": 2017,
            "quarter": 4,
            "eps": -0.08,
            "eps_growth_year": null,
            "eps_4q": -0.36,
            "eps_4q_growth_year": -601.65,
            "roe": -0.66,
            "roe_4q": -3.09,
            "gross_profit": 347702,
            "gross_margin": 18.35,
            "gross_margin_4q_avg": 19.52,
            "net_income": -14499,
            "net_income_4q": null,
            "revenue": 1894819,
            "revenue_4q": null,
            "common_shares": 2102622,
            "book_valuer_per_share": 10.02,
            "book_valuer_per_share_4q_avg": 10,
            "equity": 2217394,
            "current_ratio": 136.67,
            "debt_ratio": 67.44,
            "inventory_turnover_ratio": 1.2,
            "account_receivable_turnover_ratio": 1.57,
            "reinvestment_rate": 621.79,
            "research_to_sale_ratio": null,
            "price_fair": 16.49,
            "eps_avg_yearly": 0.47,
            "eps_latest_yearly": 1,
            "eps_growth_yearly": 1149.77
        },
        "20181": {
            "year_quarter": 20181,
            "year": 2018,
            "quarter": 1,
            "eps": -0.69,
            "eps_growth_year": null,
            "eps_4q": -0.77,
            "eps_4q_growth_year": null,
            "roe": -6.27,
            "roe_4q": -6.79,
            "gross_profit": 217777,
            "gross_margin": 15.51,
            "gross_margin_4q_avg": 18.73,
            "net_income": -143546,
            "net_income_4q": null,
            "revenue": 1404117,
            "revenue_4q": null,
            "common_shares": 2102622,
            "book_valuer_per_share": 10.69,
            "book_valuer_per_share_4q_avg": 10.18,
            "equity": 2360194,
            "current_ratio": 122.4,
            "debt_ratio": 66.43,
            "inventory_turnover_ratio": 0.88,
            "account_receivable_turnover_ratio": 1.36,
            "reinvestment_rate": null,
            "research_to_sale_ratio": null,
            "price_fair": 16.63,
            "eps_avg_yearly": 0.48,
            "eps_latest_yearly": 1,
            "eps_growth_yearly": 1206
        },
        "20182": {
            "year_quarter": 20182,
            "year": 2018,
            "quarter": 2,
            "eps": 0.03,
            "eps_growth_year": null,
            "eps_4q": -0.53,
            "eps_4q_growth_year": null,
            "roe": 0.41,
            "roe_4q": -4.47,
            "gross_profit": 335300,
            "gross_margin": 17.69,
            "gross_margin_4q_avg": 18.25,
            "net_income": 9454,
            "net_income_4q": null,
            "revenue": 1895487,
            "revenue_4q": null,
            "common_shares": 2102622,
            "book_valuer_per_share": 10.38,
            "book_valuer_per_share_4q_avg": 10.28,
            "equity": 2297909,
            "current_ratio": 119.03,
            "debt_ratio": 68.47,
            "inventory_turnover_ratio": 1.05,
            "account_receivable_turnover_ratio": 1.93,
            "reinvestment_rate": null,
            "research_to_sale_ratio": null,
            "price_fair": 18.6,
            "eps_avg_yearly": 0.53,
            "eps_latest_yearly": 1,
            "eps_growth_yearly": 1425.03
        },
        "20183": {
            "year_quarter": 20183,
            "year": 2018,
            "quarter": 3,
            "eps": 0.03,
            "eps_growth_year": -85.71,
            "eps_4q": -0.71,
            "eps_4q_growth_year": null,
            "roe": 0.53,
            "roe_4q": -5.99,
            "gross_profit": 376680,
            "gross_margin": 17.92,
            "gross_margin_4q_avg": 17.37,
            "net_income": 12175,
            "net_income_4q": null,
            "revenue": 2102467,
            "revenue_4q": null,
            "common_shares": 2102622,
            "book_valuer_per_share": 10.16,
            "book_valuer_per_share_4q_avg": 10.31,
            "equity": 2256129,
            "current_ratio": 123.5,
            "debt_ratio": 69.03,
            "inventory_turnover_ratio": 1.15,
            "account_receivable_turnover_ratio": 1.78,
            "reinvestment_rate": null,
            "research_to_sale_ratio": null,
            "price_fair": 12.2,
            "eps_avg_yearly": 0.35,
            "eps_latest_yearly": 0.12,
            "eps_growth_yearly": 482.18
        },
        "20184": {
            "year_quarter": 20184,
            "year": 2018,
            "quarter": 4,
            "eps": 0.31,
            "eps_growth_year": null,
            "eps_4q": -0.26,
            "eps_4q_growth_year": null,
            "roe": 3.26,
            "roe_4q": -2.0699999999999994,
            "gross_profit": 384938,
            "gross_margin": 19.1,
            "gross_margin_4q_avg": 17.56,
            "net_income": 78168,
            "net_income_4q": null,
            "revenue": 2015819,
            "revenue_4q": null,
            "common_shares": 2336247,
            "book_valuer_per_share": 10.33,
            "book_valuer_per_share_4q_avg": 10.39,
            "equity": 2535104,
            "current_ratio": 138.57,
            "debt_ratio": 64.33,
            "inventory_turnover_ratio": 1.11,
            "account_receivable_turnover_ratio": 1.69,
            "reinvestment_rate": null,
            "research_to_sale_ratio": null,
            "price_fair": 17,
            "eps_avg_yearly": 0.49,
            "eps_latest_yearly": 1.24,
            "eps_growth_yearly": 1061.22
        },
        "20191": {
            "year_quarter": 20191,
            "year": 2019,
            "quarter": 1,
            "eps": -0.13,
            "eps_growth_year": null,
            "eps_4q": 0.23,
            "eps_4q_growth_year": null,
            "roe": -1.14,
            "roe_4q": 3.0600000000000005,
            "gross_profit": 257602,
            "gross_margin": 16.5,
            "gross_margin_4q_avg": 17.8,
            "net_income": -28738,
            "net_income_4q": null,
            "revenue": 1561587,
            "revenue_4q": null,
            "common_shares": 2336247,
            "book_valuer_per_share": 10.23,
            "book_valuer_per_share_4q_avg": 10.28,
            "equity": 2516212,
            "current_ratio": 140.7,
            "debt_ratio": 63.08,
            "inventory_turnover_ratio": 0.88,
            "account_receivable_turnover_ratio": 1.57,
            "reinvestment_rate": null,
            "research_to_sale_ratio": null,
            "price_fair": 18.9,
            "eps_avg_yearly": 0.54,
            "eps_latest_yearly": 1.24,
            "eps_growth_yearly": 1266.67
        },
        "20192": {
            "year_quarter": 20192,
            "year": 2019,
            "quarter": 2,
            "eps": -0.06,
            "eps_growth_year": -300,
            "eps_4q": 0.14,
            "eps_4q_growth_year": null,
            "roe": -0.51,
            "roe_4q": 2.1399999999999997,
            "gross_profit": 323024,
            "gross_margin": 18.79,
            "gross_margin_4q_avg": 18.08,
            "net_income": -12828,
            "net_income_4q": null,
            "revenue": 1718889,
            "revenue_4q": null,
            "common_shares": 2336247,
            "book_valuer_per_share": 10.27,
            "book_valuer_per_share_4q_avg": 10.25,
            "equity": 2523418,
            "current_ratio": 140.75,
            "debt_ratio": 64.37,
            "inventory_turnover_ratio": 0.86,
            "account_receivable_turnover_ratio": 1.66,
            "reinvestment_rate": null,
            "research_to_sale_ratio": null,
            "price_fair": 22.12,
            "eps_avg_yearly": 0.63,
            "eps_latest_yearly": 1.24,
            "eps_growth_yearly": 1560
        },
        "20193": {
            "year_quarter": 20193,
            "year": 2019,
            "quarter": 3,
            "eps": 0.1,
            "eps_growth_year": 233.33,
            "eps_4q": 0.21,
            "eps_4q_growth_year": null,
            "roe": 0.87,
            "roe_4q": 2.48,
            "gross_profit": 379278,
            "gross_margin": 18.52,
            "gross_margin_4q_avg": 18.23,
            "net_income": 21711,
            "net_income_4q": null,
            "revenue": 2048079,
            "revenue_4q": null,
            "common_shares": 2336247,
            "book_valuer_per_share": 10,
            "book_valuer_per_share_4q_avg": 10.21,
            "equity": 2467199,
            "current_ratio": 142,
            "debt_ratio": 65.12,
            "inventory_turnover_ratio": 1.03,
            "account_receivable_turnover_ratio": 1.69,
            "reinvestment_rate": null,
            "research_to_sale_ratio": null,
            "price_fair": 22.75,
            "eps_avg_yearly": 0.65,
            "eps_latest_yearly": 1.24,
            "eps_growth_yearly": 1350
        },
        "20194": {
            "year_quarter": 20194,
            "year": 2019,
            "quarter": 4,
            "eps": -0.64,
            "eps_growth_year": -306.18,
            "eps_4q": -0.74,
            "eps_4q_growth_year": null,
            "roe": -6.06,
            "roe_4q": -6.839999999999999,
            "gross_profit": 218583,
            "gross_margin": 13.49,
            "gross_margin_4q_avg": 16.83,
            "net_income": -152603,
            "net_income_4q": null,
            "revenue": 1620729,
            "revenue_4q": null,
            "common_shares": 2336247,
            "book_valuer_per_share": 10.47,
            "book_valuer_per_share_4q_avg": 10.24,
            "equity": 2569163,
            "current_ratio": 138.16,
            "debt_ratio": 63.22,
            "inventory_turnover_ratio": 0.99,
            "account_receivable_turnover_ratio": 1.39,
            "reinvestment_rate": null,
            "research_to_sale_ratio": null,
            "price_fair": 22.75,
            "eps_avg_yearly": 0.65,
            "eps_latest_yearly": 1.24,
            "eps_growth_yearly": 1350
        },
        "20201": {
            "year_quarter": 20201,
            "year": 2020,
            "quarter": 1,
            "eps": -0.68,
            "eps_growth_year": null,
            "eps_4q": -1.28,
            "eps_4q_growth_year": -658.33,
            "roe": -6.74,
            "roe_4q": -12.440000000000001,
            "gross_profit": 127005,
            "gross_margin": 10.48,
            "gross_margin_4q_avg": 15.32,
            "net_income": -158843,
            "net_income_4q": null,
            "revenue": 1211450,
            "revenue_4q": null,
            "common_shares": 2336247,
            "book_valuer_per_share": 8.65,
            "book_valuer_per_share_4q_avg": 9.85,
            "equity": 2144310,
            "current_ratio": 142.5,
            "debt_ratio": 66.39,
            "inventory_turnover_ratio": 0.9,
            "account_receivable_turnover_ratio": 1.2,
            "reinvestment_rate": null,
            "research_to_sale_ratio": null,
            "price_fair": 22.75,
            "eps_avg_yearly": 0.65,
            "eps_latest_yearly": 1.24,
            "eps_growth_yearly": 1350
        },
        "20202": {
            "year_quarter": 20202,
            "year": 2020,
            "quarter": 2,
            "eps": -0.84,
            "eps_growth_year": null,
            "eps_4q": -2.06,
            "eps_4q_growth_year": -1603.96,
            "roe": -8.67,
            "roe_4q": -20.599999999999998,
            "gross_profit": 115077,
            "gross_margin": 8.85,
            "gross_margin_4q_avg": 12.84,
            "net_income": -209890,
            "net_income_4q": null,
            "revenue": 1300026,
            "revenue_4q": null,
            "common_shares": 2336247,
            "book_valuer_per_share": 11,
            "book_valuer_per_share_4q_avg": 10.03,
            "equity": 2694831,
            "current_ratio": 125.04,
            "debt_ratio": 66.32,
            "inventory_turnover_ratio": 0.91,
            "account_receivable_turnover_ratio": 1.33,
            "reinvestment_rate": null,
            "research_to_sale_ratio": null,
            "price_fair": 27.53,
            "eps_avg_yearly": 0.79,
            "eps_latest_yearly": 1.24,
            "eps_growth_yearly": 1666.67
        },
        "20203": {
            "year_quarter": 20203,
            "year": 2020,
            "quarter": 3,
            "eps": 1.92,
            "eps_growth_year": 1820,
            "eps_4q": -0.24,
            "eps_4q_growth_year": -214.99,
            "roe": 15.46,
            "roe_4q": -6.009999999999999,
            "gross_profit": 1233051,
            "gross_margin": 32.95,
            "gross_margin_4q_avg": 16.44,
            "net_income": 452164,
            "net_income_4q": null,
            "revenue": 3742401,
            "revenue_4q": null,
            "common_shares": 2336247,
            "book_valuer_per_share": 12.94,
            "book_valuer_per_share_4q_avg": 10.77,
            "equity": 3153244,
            "current_ratio": 137.1,
            "debt_ratio": 63.57,
            "inventory_turnover_ratio": 1.67,
            "account_receivable_turnover_ratio": 3.08,
            "reinvestment_rate": null,
            "research_to_sale_ratio": null,
            "price_fair": 23.8,
            "eps_avg_yearly": 0.68,
            "eps_latest_yearly": 1.24,
            "eps_growth_yearly": 1866.67
        },
        "20204": {
            "year_quarter": 20204,
            "year": 2020,
            "quarter": 4,
            "eps": 0.32,
            "eps_growth_year": null,
            "eps_4q": 0.72,
            "eps_4q_growth_year": null,
            "roe": 2.51,
            "roe_4q": 2.5599999999999987,
            "gross_profit": 741347,
            "gross_margin": 31.62,
            "gross_margin_4q_avg": 20.98,
            "net_income": 81344,
            "net_income_4q": null,
            "revenue": 2344710,
            "revenue_4q": null,
            "common_shares": 2336247,
            "book_valuer_per_share": 13.65,
            "book_valuer_per_share_4q_avg": 11.56,
            "equity": 3332000,
            "current_ratio": 141.49,
            "debt_ratio": 58.93,
            "inventory_turnover_ratio": 1.13,
            "account_receivable_turnover_ratio": 1.86,
            "reinvestment_rate": null,
            "research_to_sale_ratio": null,
            "price_fair": 30.8,
            "eps_avg_yearly": 0.88,
            "eps_latest_yearly": 1.28,
            "eps_growth_yearly": 1133.33
        },
        "20211": {
            "year_quarter": 20211,
            "year": 2021,
            "quarter": 1,
            "eps": -0.1,
            "eps_growth_year": null,
            "eps_4q": 1.29,
            "eps_4q_growth_year": null,
            "roe": -0.68,
            "roe_4q": 8.62,
            "gross_profit": 355510,
            "gross_margin": 21.89,
            "gross_margin_4q_avg": 23.83,
            "net_income": -22627,
            "net_income_4q": null,
            "revenue": 1624326,
            "revenue_4q": null,
            "common_shares": 2336247,
            "book_valuer_per_share": 13.59,
            "book_valuer_per_share_4q_avg": 12.8,
            "equity": 3339139,
            "current_ratio": 138.57,
            "debt_ratio": 57.8,
            "inventory_turnover_ratio": 0.99,
            "account_receivable_turnover_ratio": 1.48,
            "reinvestment_rate": null,
            "research_to_sale_ratio": 0.86,
            "price_fair": 30.8,
            "eps_avg_yearly": 0.88,
            "eps_latest_yearly": 1.28,
            "eps_growth_yearly": 1133.33
        },
        "20212": {
            "year_quarter": 20212,
            "year": 2021,
            "quarter": 2,
            "eps": -0.15,
            "eps_growth_year": null,
            "eps_4q": 1.99,
            "eps_4q_growth_year": null,
            "roe": -1.1,
            "roe_4q": 16.19,
            "gross_profit": 289878,
            "gross_margin": 19.31,
            "gross_margin_4q_avg": 26.44,
            "net_income": -36445,
            "net_income_4q": null,
            "revenue": 1500819,
            "revenue_4q": null,
            "common_shares": 2336247,
            "book_valuer_per_share": 13.46,
            "book_valuer_per_share_4q_avg": 13.41,
            "equity": 3307331,
            "current_ratio": 156.39,
            "debt_ratio": 58.69,
            "inventory_turnover_ratio": 0.93,
            "account_receivable_turnover_ratio": 1.35,
            "reinvestment_rate": null,
            "research_to_sale_ratio": 0.91,
            "price_fair": 30.8,
            "eps_avg_yearly": 0.88,
            "eps_latest_yearly": 1.28,
            "eps_growth_yearly": 1133.33
        },
        "20213": {
            "year_quarter": 20213,
            "year": 2021,
            "quarter": 3,
            "eps": -0.05,
            "eps_growth_year": -102.6,
            "eps_4q": 0.02,
            "eps_4q_growth_year": null,
            "roe": -0.47,
            "roe_4q": 0.2599999999999998,
            "gross_profit": 343758,
            "gross_margin": 21,
            "gross_margin_4q_avg": 23.46,
            "net_income": -14807,
            "net_income_4q": null,
            "revenue": 1637167,
            "revenue_4q": null,
            "common_shares": 2336247,
            "book_valuer_per_share": 12.45,
            "book_valuer_per_share_4q_avg": 13.29,
            "equity": 3055680,
            "current_ratio": 137.32,
            "debt_ratio": 63.14,
            "inventory_turnover_ratio": 0.88,
            "account_receivable_turnover_ratio": 1.39,
            "reinvestment_rate": null,
            "research_to_sale_ratio": null,
            "price_fair": 30.8,
            "eps_avg_yearly": 0.88,
            "eps_latest_yearly": 1.28,
            "eps_growth_yearly": 1133.33
        },
        "20214": {
            "year_quarter": 20214,
            "year": 2021,
            "quarter": 4,
            "eps": 0.17,
            "eps_growth_year": -47.56,
            "eps_4q": -0.13,
            "eps_4q_growth_year": -118.37,
            "roe": 1.01,
            "roe_4q": -1.2400000000000002,
            "gross_profit": 336927,
            "gross_margin": 17.96,
            "gross_margin_4q_avg": 20.04,
            "net_income": 31124,
            "net_income_4q": null,
            "revenue": 1875624,
            "revenue_4q": null,
            "common_shares": 2336247,
            "book_valuer_per_share": 12.56,
            "book_valuer_per_share_4q_avg": 13.02,
            "equity": 3106769,
            "current_ratio": 133.42,
            "debt_ratio": 63.95,
            "inventory_turnover_ratio": 1.01,
            "account_receivable_turnover_ratio": 1.48,
            "reinvestment_rate": null,
            "research_to_sale_ratio": null,
            "price_fair": 30.8,
            "eps_avg_yearly": 0.88,
            "eps_latest_yearly": 1.28,
            "eps_growth_yearly": 1133.33
        },
        "20221": {
            "year_quarter": 20221,
            "year": 2022,
            "quarter": 1,
            "eps": 0,
            "eps_growth_year": null,
            "eps_4q": -0.02,
            "eps_4q_growth_year": -101.9,
            "roe": -0.08,
            "roe_4q": -0.64,
            "gross_profit": 342340,
            "gross_margin": 20.38,
            "gross_margin_4q_avg": 19.66,
            "net_income": -2500,
            "net_income_4q": null,
            "revenue": 1679635,
            "revenue_4q": null,
            "common_shares": 2336247,
            "book_valuer_per_share": 13.43,
            "book_valuer_per_share_4q_avg": 12.98,
            "equity": 3307180,
            "current_ratio": 136.75,
            "debt_ratio": 61.68,
            "inventory_turnover_ratio": 0.88,
            "account_receivable_turnover_ratio": 1.34,
            "reinvestment_rate": -805.93,
            "research_to_sale_ratio": 0.85,
            "price_fair": 30.8,
            "eps_avg_yearly": 0.88,
            "eps_latest_yearly": 1.28,
            "eps_growth_yearly": 1133.33
        },
        "20222": {
            "year_quarter": 20222,
            "year": 2022,
            "quarter": 2,
            "eps": 0.12,
            "eps_growth_year": null,
            "eps_4q": 0.25,
            "eps_4q_growth_year": -87.54,
            "roe": 0.85,
            "roe_4q": 1.31,
            "gross_profit": 354208,
            "gross_margin": 22.49,
            "gross_margin_4q_avg": 20.46,
            "net_income": 27783,
            "net_income_4q": null,
            "revenue": 1574744,
            "revenue_4q": null,
            "common_shares": 2336247,
            "book_valuer_per_share": 13.3,
            "book_valuer_per_share_4q_avg": 12.94,
            "equity": 3266414,
            "current_ratio": 143.4,
            "debt_ratio": 60.83,
            "inventory_turnover_ratio": 0.83,
            "account_receivable_turnover_ratio": 1.36,
            "reinvestment_rate": -624.42,
            "research_to_sale_ratio": 1.08,
            "price_fair": 30.8,
            "eps_avg_yearly": 0.88,
            "eps_latest_yearly": 1.28,
            "eps_growth_yearly": 1133.33
        },
        "20223": {
            "year_quarter": 20223,
            "year": 2022,
            "quarter": 3,
            "eps": 0,
            "eps_growth_year": null,
            "eps_4q": 0.3,
            "eps_4q_growth_year": 1262.28,
            "roe": 0.07,
            "roe_4q": 1.85,
            "gross_profit": 325178,
            "gross_margin": 20.51,
            "gross_margin_4q_avg": 20.34,
            "net_income": 2264,
            "net_income_4q": null,
            "revenue": 1585349,
            "revenue_4q": null,
            "common_shares": 2336247,
            "book_valuer_per_share": 13.4,
            "book_valuer_per_share_4q_avg": 13.17,
            "equity": 3289254,
            "current_ratio": 133.01,
            "debt_ratio": 62.17,
            "inventory_turnover_ratio": 0.91,
            "account_receivable_turnover_ratio": 1.45,
            "reinvestment_rate": -557.83,
            "research_to_sale_ratio": null,
            "price_fair": 44.1,
            "eps_avg_yearly": 1.26,
            "eps_latest_yearly": 1.28,
            "eps_growth_yearly": 1700
        },
        "20224": {
            "year_quarter": 20224,
            "year": 2022,
            "quarter": 4,
            "eps": -0.29,
            "eps_growth_year": -273.1,
            "eps_4q": -0.16,
            "eps_4q_growth_year": null,
            "roe": -2.13,
            "roe_4q": -1.29,
            "gross_profit": 279157,
            "gross_margin": 21.65,
            "gross_margin_4q_avg": 21.26,
            "net_income": -69221,
            "net_income_4q": null,
            "revenue": 1289492,
            "revenue_4q": null,
            "common_shares": 2336247,
            "book_valuer_per_share": 13.1,
            "book_valuer_per_share_4q_avg": 13.31,
            "equity": 3218955,
            "current_ratio": 153.76,
            "debt_ratio": 62.81,
            "inventory_turnover_ratio": 0.77,
            "account_receivable_turnover_ratio": 1.42,
            "reinvestment_rate": null,
            "research_to_sale_ratio": null,
            "price_fair": 3.84,
            "eps_avg_yearly": 1.28,
            "eps_latest_yearly": 1.28,
            "eps_growth_yearly": -333.33
        },
        "20231": {
            "year_quarter": 20231,
            "year": 2023,
            "quarter": 1,
            "eps": -0.49,
            "eps_growth_year": null,
            "eps_4q": -0.66,
            "eps_4q_growth_year": null,
            "roe": -3.7,
            "roe_4q": -4.91,
            "gross_profit": 135617,
            "gross_margin": 13.16,
            "gross_margin_4q_avg": 19.45,
            "net_income": -115441,
            "net_income_4q": null,
            "revenue": 1030300,
            "revenue_4q": null,
            "common_shares": 2336247,
            "book_valuer_per_share": 12.25,
            "book_valuer_per_share_4q_avg": 13.01,
            "equity": 3021814,
            "current_ratio": 148.78,
            "debt_ratio": 63.3,
            "inventory_turnover_ratio": 0.74,
            "account_receivable_turnover_ratio": 1.39,
            "reinvestment_rate": null,
            "research_to_sale_ratio": 1.89,
            "price_fair": 3.84,
            "eps_avg_yearly": 1.28,
            "eps_latest_yearly": 1.28,
            "eps_growth_yearly": -333.33
        },
        "20232": {
            "year_quarter": 20232,
            "year": 2023,
            "quarter": 2,
            "eps": -0.29,
            "eps_growth_year": -341.67,
            "eps_4q": -1.08,
            "eps_4q_growth_year": -535.02,
            "roe": -2.03,
            "roe_4q": -7.79,
            "gross_profit": 180986,
            "gross_margin": 16.62,
            "gross_margin_4q_avg": 17.99,
            "net_income": -60252,
            "net_income_4q": null,
            "revenue": 1088752,
            "revenue_4q": null,
            "common_shares": 2336247,
            "book_valuer_per_share": 11.87,
            "book_valuer_per_share_4q_avg": 12.66,
            "equity": 2926670,
            "current_ratio": 143.47,
            "debt_ratio": 64.06,
            "inventory_turnover_ratio": 0.8,
            "account_receivable_turnover_ratio": 1.52,
            "reinvestment_rate": null,
            "research_to_sale_ratio": 2.06,
            "price_fair": 3.84,
            "eps_avg_yearly": 1.28,
            "eps_latest_yearly": 1.28,
            "eps_growth_yearly": -333.33
        },
        "20233": {
            "year_quarter": 20233,
            "year": 2023,
            "quarter": 3,
            "eps": 0.09,
            "eps_growth_year": null,
            "eps_4q": -0.99,
            "eps_4q_growth_year": -429.69,
            "roe": 0.74,
            "roe_4q": -7.12,
            "gross_profit": 260006,
            "gross_margin": 18.7,
            "gross_margin_4q_avg": 17.53,
            "net_income": 22005,
            "net_income_4q": null,
            "revenue": 1390714,
            "revenue_4q": null,
            "common_shares": 2336247,
            "book_valuer_per_share": 12.45,
            "book_valuer_per_share_4q_avg": 12.42,
            "equity": 3053688,
            "current_ratio": 140.8,
            "debt_ratio": 64.37,
            "inventory_turnover_ratio": 1.09,
            "account_receivable_turnover_ratio": 1.71,
            "reinvestment_rate": null,
            "research_to_sale_ratio": null,
            "price_fair": 3.84,
            "eps_avg_yearly": 1.28,
            "eps_latest_yearly": 1.28,
            "eps_growth_yearly": -333.33
        }
    },
    "months": {
        "2001-06": {
            "month": "2001-06",
            "price": "15.66",
            "revenue": 230747
        },
        "2001-07": {
            "month": "2001-07",
            "price": "15.13",
            "revenue": 271020
        },
        "2001-08": {
            "month": "2001-08",
            "price": "14.73",
            "revenue": 225155
        },
        "2001-09": {
            "month": "2001-09",
            "price": "14.24",
            "revenue": 149296
        },
        "2001-10": {
            "month": "2001-10",
            "price": "13.80",
            "revenue": 98813
        },
        "2001-11": {
            "month": "2001-11",
            "price": "14.24",
            "revenue": 159783
        },
        "2001-12": {
            "month": "2001-12",
            "price": "14.10",
            "revenue": 182904
        },
        "2002-01": {
            "month": "2002-01",
            "price": "13.38",
            "revenue": 177090
        },
        "2002-02": {
            "month": "2002-02",
            "price": "13.24",
            "revenue": 96605
        },
        "2002-03": {
            "month": "2002-03",
            "price": "13.40",
            "revenue": 199738
        },
        "2002-04": {
            "month": "2002-04",
            "price": "13.35",
            "revenue": 202414
        },
        "2002-05": {
            "month": "2002-05",
            "price": "13.40",
            "revenue": 175958
        },
        "2002-06": {
            "month": "2002-06",
            "price": "13.80",
            "revenue": 256114
        },
        "2002-07": {
            "month": "2002-07",
            "price": "12.69",
            "revenue": 301345
        },
        "2002-08": {
            "month": "2002-08",
            "price": "13.52",
            "revenue": 288231
        },
        "2002-09": {
            "month": "2002-09",
            "price": "13.46",
            "revenue": 287634
        },
        "2002-10": {
            "month": "2002-10",
            "price": "9.43",
            "revenue": 143874
        },
        "2002-11": {
            "month": "2002-11",
            "price": "11.73",
            "revenue": 215494
        },
        "2002-12": {
            "month": "2002-12",
            "price": "11.65",
            "revenue": 353713
        },
        "2003-01": {
            "month": "2003-01",
            "price": "12.58",
            "revenue": 310046
        },
        "2003-02": {
            "month": "2003-02",
            "price": "13.49",
            "revenue": 89168
        },
        "2003-03": {
            "month": "2003-03",
            "price": "11.57",
            "revenue": 326127
        },
        "2003-04": {
            "month": "2003-04",
            "price": "12.29",
            "revenue": 251471
        },
        "2003-05": {
            "month": "2003-05",
            "price": "12.57",
            "revenue": 221647
        },
        "2003-06": {
            "month": "2003-06",
            "price": "12.53",
            "revenue": 346834
        },
        "2003-07": {
            "month": "2003-07",
            "price": "12.25",
            "revenue": 343293
        },
        "2003-08": {
            "month": "2003-08",
            "price": "11.52",
            "revenue": 311421
        },
        "2003-09": {
            "month": "2003-09",
            "price": "11.04",
            "revenue": 289252
        },
        "2003-10": {
            "month": "2003-10",
            "price": "10.90",
            "revenue": 166419
        },
        "2003-11": {
            "month": "2003-11",
            "price": "11.32",
            "revenue": 269410
        },
        "2003-12": {
            "month": "2003-12",
            "price": "11.61",
            "revenue": 269551
        },
        "2004-01": {
            "month": "2004-01",
            "price": "13.26",
            "revenue": 224311
        },
        "2004-02": {
            "month": "2004-02",
            "price": "15.27",
            "revenue": 157699
        },
        "2004-03": {
            "month": "2004-03",
            "price": "13.52",
            "revenue": 183355
        },
        "2004-04": {
            "month": "2004-04",
            "price": "13.61",
            "revenue": 152639
        },
        "2004-05": {
            "month": "2004-05",
            "price": "12.67",
            "revenue": 155940
        },
        "2004-06": {
            "month": "2004-06",
            "price": "12.47",
            "revenue": 289717
        },
        "2004-07": {
            "month": "2004-07",
            "price": "11.31",
            "revenue": 333638
        },
        "2004-08": {
            "month": "2004-08",
            "price": "11.02",
            "revenue": 291664
        },
        "2004-09": {
            "month": "2004-09",
            "price": "11.95",
            "revenue": 221923
        },
        "2004-10": {
            "month": "2004-10",
            "price": "11.68",
            "revenue": 208002
        },
        "2004-11": {
            "month": "2004-11",
            "price": "11.42",
            "revenue": 190488
        },
        "2004-12": {
            "month": "2004-12",
            "price": "11.74",
            "revenue": 178124
        },
        "2005-01": {
            "month": "2005-01",
            "price": "11.88",
            "revenue": 304171
        },
        "2005-02": {
            "month": "2005-02",
            "price": "11.50",
            "revenue": 168560
        },
        "2005-03": {
            "month": "2005-03",
            "price": "11.93",
            "revenue": 152467
        },
        "2005-04": {
            "month": "2005-04",
            "price": "11.18",
            "revenue": 169538
        },
        "2005-05": {
            "month": "2005-05",
            "price": "10.75",
            "revenue": 210421
        },
        "2005-06": {
            "month": "2005-06",
            "price": "10.90",
            "revenue": 214058
        },
        "2005-07": {
            "month": "2005-07",
            "price": "10.67",
            "revenue": 270752
        },
        "2005-08": {
            "month": "2005-08",
            "price": "10.06",
            "revenue": 485244
        },
        "2005-09": {
            "month": "2005-09",
            "price": "9.15",
            "revenue": 326673
        },
        "2005-10": {
            "month": "2005-10",
            "price": "9.60",
            "revenue": 179058
        },
        "2005-11": {
            "month": "2005-11",
            "price": "9.32",
            "revenue": 274340
        },
        "2005-12": {
            "month": "2005-12",
            "price": "9.42",
            "revenue": 346779
        },
        "2006-01": {
            "month": "2006-01",
            "price": "9.65",
            "revenue": 272697
        },
        "2006-02": {
            "month": "2006-02",
            "price": "10.00",
            "revenue": 265612
        },
        "2006-03": {
            "month": "2006-03",
            "price": "9.59",
            "revenue": 346458
        },
        "2006-04": {
            "month": "2006-04",
            "price": "10.11",
            "revenue": 228289
        },
        "2006-05": {
            "month": "2006-05",
            "price": "11.84",
            "revenue": 269309
        },
        "2006-06": {
            "month": "2006-06",
            "price": "11.44",
            "revenue": 266280
        },
        "2006-07": {
            "month": "2006-07",
            "price": "11.01",
            "revenue": 324236
        },
        "2006-08": {
            "month": "2006-08",
            "price": "10.18",
            "revenue": 446994
        },
        "2006-09": {
            "month": "2006-09",
            "price": "10.55",
            "revenue": 377075
        },
        "2006-10": {
            "month": "2006-10",
            "price": "11.69",
            "revenue": 227436
        },
        "2006-11": {
            "month": "2006-11",
            "price": "13.10",
            "revenue": 215896
        },
        "2006-12": {
            "month": "2006-12",
            "price": "14.19",
            "revenue": 342852
        },
        "2007-01": {
            "month": "2007-01",
            "price": "13.66",
            "revenue": 278443
        },
        "2007-02": {
            "month": "2007-02",
            "price": "13.67",
            "revenue": 263085
        },
        "2007-03": {
            "month": "2007-03",
            "price": "13.95",
            "revenue": 276161
        },
        "2007-04": {
            "month": "2007-04",
            "price": "14.76",
            "revenue": 224497
        },
        "2007-05": {
            "month": "2007-05",
            "price": "14.67",
            "revenue": 287571
        },
        "2007-06": {
            "month": "2007-06",
            "price": "14.79",
            "revenue": 283690
        },
        "2007-07": {
            "month": "2007-07",
            "price": "16.08",
            "revenue": 522814
        },
        "2007-08": {
            "month": "2007-08",
            "price": "19.28",
            "revenue": 737573
        },
        "2007-09": {
            "month": "2007-09",
            "price": "19.39",
            "revenue": 585341
        },
        "2007-10": {
            "month": "2007-10",
            "price": "17.89",
            "revenue": 358830
        },
        "2007-11": {
            "month": "2007-11",
            "price": "13.57",
            "revenue": 449074
        },
        "2007-12": {
            "month": "2007-12",
            "price": "12.62",
            "revenue": 562745
        },
        "2008-01": {
            "month": "2008-01",
            "price": "12.64",
            "revenue": 777605
        },
        "2008-02": {
            "month": "2008-02",
            "price": "12.47",
            "revenue": 479301
        },
        "2008-03": {
            "month": "2008-03",
            "price": "13.29",
            "revenue": 579196
        },
        "2008-04": {
            "month": "2008-04",
            "price": "13.49",
            "revenue": 612444
        },
        "2008-05": {
            "month": "2008-05",
            "price": "11.75",
            "revenue": 444439
        },
        "2008-06": {
            "month": "2008-06",
            "price": "10.96",
            "revenue": 498338
        },
        "2008-07": {
            "month": "2008-07",
            "price": "8.08",
            "revenue": 612299
        },
        "2008-08": {
            "month": "2008-08",
            "price": "7.78",
            "revenue": 825164
        },
        "2008-09": {
            "month": "2008-09",
            "price": "5.87",
            "revenue": 491006
        },
        "2008-10": {
            "month": "2008-10",
            "price": "4.99",
            "revenue": 485965
        },
        "2008-11": {
            "month": "2008-11",
            "price": "4.98",
            "revenue": 364617
        },
        "2008-12": {
            "month": "2008-12",
            "price": "4.94",
            "revenue": 512257
        },
        "2009-01": {
            "month": "2009-01",
            "price": "4.93",
            "revenue": 463188
        },
        "2009-02": {
            "month": "2009-02",
            "price": "4.89",
            "revenue": 450010
        },
        "2009-03": {
            "month": "2009-03",
            "price": "5.15",
            "revenue": 573716
        },
        "2009-04": {
            "month": "2009-04",
            "price": "5.83",
            "revenue": 545345
        },
        "2009-05": {
            "month": "2009-05",
            "price": "6.24",
            "revenue": 387112
        },
        "2009-06": {
            "month": "2009-06",
            "price": "6.08",
            "revenue": 616141
        },
        "2009-07": {
            "month": "2009-07",
            "price": "6.47",
            "revenue": 574212
        },
        "2009-08": {
            "month": "2009-08",
            "price": "7.36",
            "revenue": 559680
        },
        "2009-09": {
            "month": "2009-09",
            "price": "7.45",
            "revenue": 486484
        },
        "2009-10": {
            "month": "2009-10",
            "price": "7.97",
            "revenue": 455313
        },
        "2009-11": {
            "month": "2009-11",
            "price": "7.85",
            "revenue": 474187
        },
        "2009-12": {
            "month": "2009-12",
            "price": "8.02",
            "revenue": 620204
        },
        "2010-01": {
            "month": "2010-01",
            "price": "8.50",
            "revenue": 432782
        },
        "2010-02": {
            "month": "2010-02",
            "price": "8.16",
            "revenue": 376779
        },
        "2010-03": {
            "month": "2010-03",
            "price": "9.22",
            "revenue": 638504
        },
        "2010-04": {
            "month": "2010-04",
            "price": "11.35",
            "revenue": 549769
        },
        "2010-05": {
            "month": "2010-05",
            "price": "9.98",
            "revenue": 399390
        },
        "2010-06": {
            "month": "2010-06",
            "price": "9.84",
            "revenue": 640751
        },
        "2010-07": {
            "month": "2010-07",
            "price": "10.36",
            "revenue": 582238
        },
        "2010-08": {
            "month": "2010-08",
            "price": "13.02",
            "revenue": 638758
        },
        "2010-09": {
            "month": "2010-09",
            "price": "12.44",
            "revenue": 618632
        },
        "2010-10": {
            "month": "2010-10",
            "price": "12.23",
            "revenue": 721095
        },
        "2010-11": {
            "month": "2010-11",
            "price": "12.35",
            "revenue": 698055
        },
        "2010-12": {
            "month": "2010-12",
            "price": "12.33",
            "revenue": 498765
        },
        "2011-01": {
            "month": "2011-01",
            "price": "12.37",
            "revenue": 470848
        },
        "2011-02": {
            "month": "2011-02",
            "price": "11.70",
            "revenue": 496277
        },
        "2011-03": {
            "month": "2011-03",
            "price": "10.56",
            "revenue": 556913
        },
        "2011-04": {
            "month": "2011-04",
            "price": "11.19",
            "revenue": 599065
        },
        "2011-05": {
            "month": "2011-05",
            "price": "11.56",
            "revenue": 480412
        },
        "2011-06": {
            "month": "2011-06",
            "price": "11.53",
            "revenue": 568646
        },
        "2011-07": {
            "month": "2011-07",
            "price": "11.50",
            "revenue": 635916
        },
        "2011-08": {
            "month": "2011-08",
            "price": "10.08",
            "revenue": 833142
        },
        "2011-09": {
            "month": "2011-09",
            "price": "9.61",
            "revenue": 742339
        },
        "2011-10": {
            "month": "2011-10",
            "price": "9.24",
            "revenue": 622549
        },
        "2011-11": {
            "month": "2011-11",
            "price": "9.01",
            "revenue": 682250
        },
        "2011-12": {
            "month": "2011-12",
            "price": "8.20",
            "revenue": 507103
        },
        "2012-01": {
            "month": "2012-01",
            "price": "8.35",
            "revenue": 541688
        },
        "2012-02": {
            "month": "2012-02",
            "price": "9.23",
            "revenue": 519511
        },
        "2012-03": {
            "month": "2012-03",
            "price": "9.49",
            "revenue": 509826
        },
        "2012-04": {
            "month": "2012-04",
            "price": "8.61",
            "revenue": 625154
        },
        "2012-05": {
            "month": "2012-05",
            "price": "8.53",
            "revenue": 590247
        },
        "2012-06": {
            "month": "2012-06",
            "price": "8.41",
            "revenue": 347239
        },
        "2012-07": {
            "month": "2012-07",
            "price": "8.41",
            "revenue": 756151
        },
        "2012-08": {
            "month": "2012-08",
            "price": "8.56",
            "revenue": 655022
        },
        "2012-09": {
            "month": "2012-09",
            "price": "9.69",
            "revenue": 711050
        },
        "2012-10": {
            "month": "2012-10",
            "price": "9.18",
            "revenue": 613245
        },
        "2012-11": {
            "month": "2012-11",
            "price": "9.24",
            "revenue": 698812
        },
        "2012-12": {
            "month": "2012-12",
            "price": "9.50",
            "revenue": 524106
        },
        "2013-01": {
            "month": "2013-01",
            "price": "9.92",
            "revenue": 609589
        },
        "2013-02": {
            "month": "2013-02",
            "price": "10.88",
            "revenue": 455030
        },
        "2013-03": {
            "month": "2013-03",
            "price": "12.26",
            "revenue": 576749
        },
        "2013-04": {
            "month": "2013-04",
            "price": "11.64",
            "revenue": 662314
        },
        "2013-05": {
            "month": "2013-05",
            "price": "12.10",
            "revenue": 514030
        },
        "2013-06": {
            "month": "2013-06",
            "price": "12.34",
            "revenue": 469804
        },
        "2013-07": {
            "month": "2013-07",
            "price": "12.88",
            "revenue": 625877
        },
        "2013-08": {
            "month": "2013-08",
            "price": "14.14",
            "revenue": 802862
        },
        "2013-09": {
            "month": "2013-09",
            "price": "13.95",
            "revenue": 766373
        },
        "2013-10": {
            "month": "2013-10",
            "price": "15.53",
            "revenue": 560596
        },
        "2013-11": {
            "month": "2013-11",
            "price": "15.22",
            "revenue": 668992
        },
        "2013-12": {
            "month": "2013-12",
            "price": "14.83",
            "revenue": 555689
        },
        "2014-01": {
            "month": "2014-01",
            "price": "14.32",
            "revenue": 478406
        },
        "2014-02": {
            "month": "2014-02",
            "price": "14.12",
            "revenue": 532886
        },
        "2014-03": {
            "month": "2014-03",
            "price": "15.48",
            "revenue": 448846
        },
        "2014-04": {
            "month": "2014-04",
            "price": "14.77",
            "revenue": 698968
        },
        "2014-05": {
            "month": "2014-05",
            "price": "13.29",
            "revenue": 485190
        },
        "2014-06": {
            "month": "2014-06",
            "price": "14.08",
            "revenue": 498373
        },
        "2014-07": {
            "month": "2014-07",
            "price": "13.80",
            "revenue": 658076
        },
        "2014-08": {
            "month": "2014-08",
            "price": "13.28",
            "revenue": 759364
        },
        "2014-09": {
            "month": "2014-09",
            "price": "13.50",
            "revenue": 780268
        },
        "2014-10": {
            "month": "2014-10",
            "price": "13.72",
            "revenue": 652203
        },
        "2014-11": {
            "month": "2014-11",
            "price": "12.84",
            "revenue": 783930
        },
        "2014-12": {
            "month": "2014-12",
            "price": "13.45",
            "revenue": 480300
        },
        "2015-01": {
            "month": "2015-01",
            "price": "13.20",
            "revenue": 455058
        },
        "2015-02": {
            "month": "2015-02",
            "price": "13.02",
            "revenue": 630124
        },
        "2015-03": {
            "month": "2015-03",
            "price": "12.63",
            "revenue": 599972
        },
        "2015-04": {
            "month": "2015-04",
            "price": "13.94",
            "revenue": 577965
        },
        "2015-05": {
            "month": "2015-05",
            "price": "13.70",
            "revenue": 475956
        },
        "2015-06": {
            "month": "2015-06",
            "price": "14.87",
            "revenue": 593715
        },
        "2015-07": {
            "month": "2015-07",
            "price": "12.47",
            "revenue": 650238
        },
        "2015-08": {
            "month": "2015-08",
            "price": "11.48",
            "revenue": 712477
        },
        "2015-09": {
            "month": "2015-09",
            "price": "11.68",
            "revenue": 743371
        },
        "2015-10": {
            "month": "2015-10",
            "price": "13.39",
            "revenue": 643991
        },
        "2015-11": {
            "month": "2015-11",
            "price": "14.17",
            "revenue": 547401
        },
        "2015-12": {
            "month": "2015-12",
            "price": "14.67",
            "revenue": 484908
        },
        "2016-01": {
            "month": "2016-01",
            "price": "15.94",
            "revenue": 610472
        },
        "2016-02": {
            "month": "2016-02",
            "price": "16.04",
            "revenue": 583267
        },
        "2016-03": {
            "month": "2016-03",
            "price": "15.33",
            "revenue": 507995
        },
        "2016-04": {
            "month": "2016-04",
            "price": "13.77",
            "revenue": 583463
        },
        "2016-05": {
            "month": "2016-05",
            "price": "13.00",
            "revenue": 524465
        },
        "2016-06": {
            "month": "2016-06",
            "price": "13.17",
            "revenue": 575192
        },
        "2016-07": {
            "month": "2016-07",
            "price": "13.86",
            "revenue": 593851
        },
        "2016-08": {
            "month": "2016-08",
            "price": "13.12",
            "revenue": 789863
        },
        "2016-09": {
            "month": "2016-09",
            "price": "13.02",
            "revenue": 678249
        },
        "2016-10": {
            "month": "2016-10",
            "price": "12.94",
            "revenue": 556407
        },
        "2016-11": {
            "month": "2016-11",
            "price": "11.50",
            "revenue": 569162
        },
        "2016-12": {
            "month": "2016-12",
            "price": "10.92",
            "revenue": 562662
        },
        "2017-01": {
            "month": "2017-01",
            "price": "10.49",
            "revenue": 523722
        },
        "2017-02": {
            "month": "2017-02",
            "price": "10.91",
            "revenue": 519754
        },
        "2017-03": {
            "month": "2017-03",
            "price": "11.10",
            "revenue": 442202
        },
        "2017-04": {
            "month": "2017-04",
            "price": "10.56",
            "revenue": 577749
        },
        "2017-05": {
            "month": "2017-05",
            "price": "9.79",
            "revenue": 593048
        },
        "2017-06": {
            "month": "2017-06",
            "price": "9.79",
            "revenue": 568075
        },
        "2017-07": {
            "month": "2017-07",
            "price": "9.69",
            "revenue": 735526
        },
        "2017-08": {
            "month": "2017-08",
            "price": "9.62",
            "revenue": 642524
        },
        "2017-09": {
            "month": "2017-09",
            "price": "10.26",
            "revenue": 734282
        },
        "2017-10": {
            "month": "2017-10",
            "price": "11.19",
            "revenue": 697002
        },
        "2017-11": {
            "month": "2017-11",
            "price": "11.12",
            "revenue": 640641
        },
        "2017-12": {
            "month": "2017-12",
            "price": "11.75",
            "revenue": 601236
        },
        "2018-01": {
            "month": "2018-01",
            "price": "12.76",
            "revenue": 403374
        },
        "2018-02": {
            "month": "2018-02",
            "price": "12.23",
            "revenue": 595195
        },
        "2018-03": {
            "month": "2018-03",
            "price": "11.99",
            "revenue": 405647
        },
        "2018-04": {
            "month": "2018-04",
            "price": "11.86",
            "revenue": 691490
        },
        "2018-05": {
            "month": "2018-05",
            "price": "10.22",
            "revenue": 618384
        },
        "2018-06": {
            "month": "2018-06",
            "price": "11.66",
            "revenue": 570425
        },
        "2018-07": {
            "month": "2018-07",
            "price": "10.71",
            "revenue": 734663
        },
        "2018-08": {
            "month": "2018-08",
            "price": "10.96",
            "revenue": 645136
        },
        "2018-09": {
            "month": "2018-09",
            "price": "10.79",
            "revenue": 699410
        },
        "2018-10": {
            "month": "2018-10",
            "price": "9.77",
            "revenue": 733415
        },
        "2018-11": {
            "month": "2018-11",
            "price": "9.63",
            "revenue": 690363
        },
        "2018-12": {
            "month": "2018-12",
            "price": "9.41",
            "revenue": 691954
        },
        "2019-01": {
            "month": "2019-01",
            "price": "9.19",
            "revenue": 616427
        },
        "2019-02": {
            "month": "2019-02",
            "price": "9.16",
            "revenue": 441422
        },
        "2019-03": {
            "month": "2019-03",
            "price": "9.25",
            "revenue": 499654
        },
        "2019-04": {
            "month": "2019-04",
            "price": "10.08",
            "revenue": 611395
        },
        "2019-05": {
            "month": "2019-05",
            "price": "9.62",
            "revenue": 540949
        },
        "2019-06": {
            "month": "2019-06",
            "price": "9.33",
            "revenue": 568455
        },
        "2019-07": {
            "month": "2019-07",
            "price": "9.41",
            "revenue": 710199
        },
        "2019-08": {
            "month": "2019-08",
            "price": "8.75",
            "revenue": 656382
        },
        "2019-09": {
            "month": "2019-09",
            "price": "8.64",
            "revenue": 681669
        },
        "2019-10": {
            "month": "2019-10",
            "price": "8.47",
            "revenue": 540779
        },
        "2019-11": {
            "month": "2019-11",
            "price": "8.35",
            "revenue": 558568
        },
        "2019-12": {
            "month": "2019-12",
            "price": "8.50",
            "revenue": 519993
        },
        "2020-01": {
            "month": "2020-01",
            "price": "8.37",
            "revenue": 441942
        },
        "2020-02": {
            "month": "2020-02",
            "price": "7.81",
            "revenue": 383369
        },
        "2020-03": {
            "month": "2020-03",
            "price": "7.29",
            "revenue": 381970
        },
        "2020-04": {
            "month": "2020-04",
            "price": "8.97",
            "revenue": 197851
        },
        "2020-05": {
            "month": "2020-05",
            "price": "10.69",
            "revenue": 315812
        },
        "2020-06": {
            "month": "2020-06",
            "price": "25.10",
            "revenue": 800319
        },
        "2020-07": {
            "month": "2020-07",
            "price": "23.69",
            "revenue": 1099563
        },
        "2020-08": {
            "month": "2020-08",
            "price": "22.30",
            "revenue": 1118168
        },
        "2020-09": {
            "month": "2020-09",
            "price": "19.67",
            "revenue": 1528050
        },
        "2020-10": {
            "month": "2020-10",
            "price": "18.44",
            "revenue": 804509
        },
        "2020-11": {
            "month": "2020-11",
            "price": "18.74",
            "revenue": 815089
        },
        "2020-12": {
            "month": "2020-12",
            "price": "19.27",
            "revenue": 711037
        },
        "2021-01": {
            "month": "2021-01",
            "price": "18.78",
            "revenue": 464808
        },
        "2021-02": {
            "month": "2021-02",
            "price": "18.34",
            "revenue": 618261
        },
        "2021-03": {
            "month": "2021-03",
            "price": "18.82",
            "revenue": 542767
        },
        "2021-04": {
            "month": "2021-04",
            "price": "21.26",
            "revenue": 487758
        },
        "2021-05": {
            "month": "2021-05",
            "price": "18.57",
            "revenue": 465008
        },
        "2021-06": {
            "month": "2021-06",
            "price": "17.05",
            "revenue": 547855
        },
        "2021-07": {
            "month": "2021-07",
            "price": "15.66",
            "revenue": 558338
        },
        "2021-08": {
            "month": "2021-08",
            "price": "14.85",
            "revenue": 522945
        },
        "2021-09": {
            "month": "2021-09",
            "price": "14.48",
            "revenue": 553732
        },
        "2021-10": {
            "month": "2021-10",
            "price": "14.17",
            "revenue": 611804
        },
        "2021-11": {
            "month": "2021-11",
            "price": "13.97",
            "revenue": 625542
        },
        "2021-12": {
            "month": "2021-12",
            "price": "13.87",
            "revenue": 641730
        },
        "2022-01": {
            "month": "2022-01",
            "price": "13.82",
            "revenue": 543119
        },
        "2022-02": {
            "month": "2022-02",
            "price": "13.97",
            "revenue": 492880
        },
        "2022-03": {
            "month": "2022-03",
            "price": "14.28",
            "revenue": 643532
        },
        "2022-04": {
            "month": "2022-04",
            "price": "13.70",
            "revenue": 456377
        },
        "2022-05": {
            "month": "2022-05",
            "price": "13.70",
            "revenue": 498525
        },
        "2022-06": {
            "month": "2022-06",
            "price": "13.65",
            "revenue": 630109
        },
        "2022-07": {
            "month": "2022-07",
            "price": "13.11",
            "revenue": 522042
        },
        "2022-08": {
            "month": "2022-08",
            "price": "11.97",
            "revenue": 547415
        },
        "2022-09": {
            "month": "2022-09",
            "price": "11.94",
            "revenue": 506568
        },
        "2022-10": {
            "month": "2022-10",
            "price": "11.57",
            "revenue": 421799
        },
        "2022-11": {
            "month": "2022-11",
            "price": "11.71",
            "revenue": 438966
        },
        "2022-12": {
            "month": "2022-12",
            "price": "11.69",
            "revenue": 430250
        },
        "2023-01": {
            "month": "2023-01",
            "price": "11.71",
            "revenue": 365456
        },
        "2023-02": {
            "month": "2023-02",
            "price": "11.64",
            "revenue": 362473
        },
        "2023-03": {
            "month": "2023-03",
            "price": "11.70",
            "revenue": 302105
        },
        "2023-04": {
            "month": "2023-04",
            "price": "11.55",
            "revenue": 339292
        },
        "2023-05": {
            "month": "2023-05",
            "price": "11.52",
            "revenue": 343015
        },
        "2023-06": {
            "month": "2023-06",
            "price": "11.62",
            "revenue": 406703
        },
        "2023-07": {
            "month": "2023-07",
            "price": "12.27",
            "revenue": 417569
        },
        "2023-08": {
            "month": "2023-08",
            "price": "12.21",
            "revenue": 503680
        },
        "2023-09": {
            "month": "2023-09",
            "price": "11.51",
            "revenue": 489276
        },
        "2023-10": {
            "month": "2023-10",
            "price": "11.37",
            "revenue": 336060
        },
        "2023-11": {
            "month": "2023-11",
            "price": "11.12",
            "revenue": 312264
        },
        "2023-12": {
            "month": "2023-12",
            "price": "11.40",
            "revenue": 377315
        }
    }
}
