{
    "summary": {
        "stock_name": "昶和",
        "stock_id": "1468",
        "category": "紡織纖維",
        "main_business": "各類纖維、極細及超極細纖維絲、各種纖維、極細與超極細布種之織<br>造、染色整理、加工及銷售<br>各類紡織品之製造加工及買賣",
        "website_url": "http://www.chang-ho.com.tw",
        "ceo": "陳明澤",
        "pe_ratio": -42,
        "report_year_from": 2001,
        "report_year_to": 2023,
        "age": 23,
        "eps_negative_percentage": 52,
        "eps_growth_avg": {
            "last_all": -31.34,
            "last_2y": 31.05,
            "last_4y": 20.2,
            "last_8y": 20.2,
            "last_12y": 0.17,
            "last_16y": 0.17,
            "last_20y": -30.58,
            "at_2006_last_3y": -92.06,
            "at_2007_last_3y": -100,
            "at_2008_last_3y": -100,
            "at_2009_last_3y": -100,
            "at_2010_last_3y": null,
            "at_2011_last_3y": null,
            "at_2012_last_3y": -100,
            "at_2013_last_3y": -100,
            "at_2014_last_3y": -100,
            "at_2015_last_3y": -100,
            "at_2016_last_3y": null,
            "at_2017_last_3y": null,
            "at_2018_last_3y": null,
            "at_2019_last_3y": 24,
            "at_2020_last_3y": 3.94,
            "at_2021_last_3y": -24.3,
            "at_2022_last_3y": 6.78,
            "at_2023_last_3y": 19.25,
            "at_2024_last_3y": 19.25,
            "at_2006_last_all": -78.61,
            "at_2007_last_all": -78.61,
            "at_2008_last_all": -78.61,
            "at_2009_last_all": -78.61,
            "at_2010_last_all": -78.61,
            "at_2011_last_all": -78.61,
            "at_2012_last_all": -82.89,
            "at_2013_last_all": -82.89,
            "at_2014_last_all": -82.89,
            "at_2015_last_all": -82.89,
            "at_2016_last_all": -82.89,
            "at_2017_last_all": -82.89,
            "at_2018_last_all": -82.89,
            "at_2019_last_all": -65.07,
            "at_2020_last_all": -58.08,
            "at_2021_last_all": -60.92,
            "at_2022_last_all": -43.04,
            "at_2023_last_all": -31.34,
            "at_2024_last_all": -31.34
        },
        "latest_eps": -0.32,
        "latest_price": 13.5,
        "latest_roe": -3.14,
        "latest_gross_margin": 15.83,
        "latest_equity": 1313371,
        "latest_revenue": 232008,
        "latest_gross_profit": 36716,
        "latest_net_income": 47415,
        "latest_debt_ratio": 54.55,
        "latest_current_ratio": 110.61,
        "latest_account_receivable_turnover_ratio": 3.31,
        "latest_inventory_turnover_ratio": 0.19,
        "latest_reinvestment_rate": 106.89,
        "latest_research_to_sale_ratio": 0.39
    },
    "eps_dividends": {
        "1997": {
            "cash": 0.2,
            "stock": 0,
            "eps": 0
        },
        "1999": {
            "cash": 0,
            "stock": 2,
            "eps": 0
        },
        "2000": {
            "cash": 0,
            "stock": 1.6,
            "eps": 0
        },
        "2001": {
            "cash": 0,
            "stock": 0.8,
            "eps": 0.34
        },
        "2002": {
            "cash": 0.3,
            "stock": 0,
            "eps": 0.21
        },
        "2003": {
            "cash": 0.15,
            "stock": 0,
            "eps": 0.05
        },
        "2004": {
            "cash": 0,
            "stock": 0,
            "eps": -0.46
        },
        "2005": {
            "cash": 0,
            "stock": 0,
            "eps": 0.02
        },
        "2006": {
            "cash": 0,
            "stock": 0,
            "eps": -0.63
        },
        "2007": {
            "cash": 0,
            "stock": 0,
            "eps": -0.37
        },
        "2008": {
            "cash": 0,
            "stock": 0,
            "eps": -0.99
        },
        "2009": {
            "cash": 0,
            "stock": 0,
            "eps": -1.38
        },
        "2010": {
            "cash": 0,
            "stock": 0,
            "eps": -1.62
        },
        "2011": {
            "cash": 0,
            "stock": 0,
            "eps": 1.61
        },
        "2012": {
            "cash": 0,
            "stock": 0,
            "eps": -0.86
        },
        "2013": {
            "cash": 0,
            "stock": 0,
            "eps": -0.3
        },
        "2014": {
            "cash": 0,
            "stock": 0,
            "eps": -0.28
        },
        "2015": {
            "cash": 0,
            "stock": 0,
            "eps": -0.77
        },
        "2016": {
            "cash": 0,
            "stock": 0,
            "eps": -0.35
        },
        "2017": {
            "cash": 0,
            "stock": 0,
            "eps": -0.59
        },
        "2018": {
            "cash": 0,
            "stock": 0,
            "eps": 0.25
        },
        "2019": {
            "cash": 0,
            "stock": 0,
            "eps": 0.31
        },
        "2020": {
            "cash": 0,
            "stock": 0,
            "eps": 0.26
        },
        "2021": {
            "cash": 0,
            "stock": 0,
            "eps": 0.05
        },
        "2022": {
            "cash": 0,
            "stock": 0,
            "eps": 0.23
        },
        "2023": {
            "cash": 0,
            "stock": 0,
            "eps": 0.4
        }
    },
    "dividends": {
        "1997-06-28": {
            "cash": 0.2,
            "stock": 0
        },
        "1999-06-10": {
            "cash": 0,
            "stock": 2
        },
        "2000-06-13": {
            "cash": 0,
            "stock": 1.6
        },
        "2001-05-25": {
            "cash": 0,
            "stock": 0.8
        },
        "2002-06-19": {
            "cash": 0.3,
            "stock": 0
        },
        "2003-03-25": {
            "cash": 0.15,
            "stock": 0
        }
    },
    "prices": {
        "200101": "15.14",
        "200102": "16.33",
        "200103": "15.86",
        "200104": "15.68",
        "200105": "15.19",
        "200106": "14.64",
        "200107": "12.75",
        "200108": "12.00",
        "200109": "10.92",
        "200110": "10.53",
        "200111": "10.41",
        "200112": "11.74",
        "200201": "12.99",
        "200202": "12.83",
        "200203": "12.93",
        "200204": "13.41",
        "200205": "12.64",
        "200206": "12.46",
        "200207": "11.90",
        "200208": "11.57",
        "200209": "12.25",
        "200210": "12.73",
        "200211": "12.34",
        "200212": "13.37",
        "200301": "14.52",
        "200302": "14.73",
        "200303": "14.59",
        "200304": "14.22",
        "200305": "12.53",
        "200306": "12.61",
        "200307": "13.08",
        "200308": "13.72",
        "200309": "14.01",
        "200310": "14.18",
        "200311": "13.80",
        "200312": "12.93",
        "200401": "12.72",
        "200402": "13.08",
        "200403": "14.67",
        "200404": "14.09",
        "200405": "13.59",
        "200406": "13.11",
        "200407": "13.01",
        "200408": "13.45",
        "200409": "13.41",
        "200410": "13.36",
        "200411": "13.08",
        "200412": "13.23",
        "200501": "13.28",
        "200502": "13.17",
        "200503": "13.14",
        "200504": "12.94",
        "200505": "13.19",
        "200506": "13.20",
        "200507": "12.95",
        "200508": "13.09",
        "200509": "12.69",
        "200510": "13.02",
        "200511": "13.28",
        "200512": "13.28",
        "200601": "13.15",
        "200602": "12.76",
        "200603": "12.89",
        "200604": "13.67",
        "200605": "13.81",
        "200606": "13.21",
        "200607": "13.08",
        "200608": "12.67",
        "200609": "12.80",
        "200610": "12.92",
        "200611": "12.62",
        "200612": "12.90",
        "200701": "13.13",
        "200702": "12.81",
        "200703": "12.72",
        "200704": "12.85",
        "200705": "12.83",
        "200706": "12.96",
        "200707": "14.39",
        "200708": "14.03",
        "200709": "14.42",
        "200710": "15.33",
        "200711": "15.09",
        "200712": "14.25",
        "200801": "14.22",
        "200802": "14.24",
        "200803": "14.54",
        "200804": "14.51",
        "200805": "13.47",
        "200806": "12.37",
        "200807": "11.68",
        "200808": "12.10",
        "200809": "11.15",
        "200810": "10.24",
        "200811": "10.28",
        "200812": "10.21",
        "200901": "9.92",
        "200902": "9.96",
        "200903": "10.19",
        "200904": "10.76",
        "200905": "11.29",
        "200906": "11.04",
        "200907": "11.20",
        "200908": "10.92",
        "200909": "10.93",
        "200910": "11.18",
        "200911": "11.00",
        "200912": "10.97",
        "201001": "11.06",
        "201002": "10.41",
        "201003": "11.39",
        "201004": "19.11",
        "201005": "19.99",
        "201006": "18.97",
        "201007": "17.22",
        "201008": "18.42",
        "201009": "17.04",
        "201010": "15.90",
        "201011": "14.95",
        "201012": "15.62",
        "201101": "15.91",
        "201102": "14.99",
        "201103": "13.63",
        "201104": "13.98",
        "201105": "13.97",
        "201106": "12.96",
        "201107": "11.27",
        "201108": "10.49",
        "201109": "9.32",
        "201110": "9.93",
        "201111": "12.37",
        "201112": "11.73",
        "201201": "11.77",
        "201202": "13.20",
        "201203": "12.35",
        "201204": "10.57",
        "201205": "9.60",
        "201206": "9.20",
        "201207": "9.57",
        "201208": "10.02",
        "201209": "10.49",
        "201210": "10.84",
        "201211": "9.67",
        "201212": "10.21",
        "201301": "11.60",
        "201302": "11.37",
        "201303": "10.30",
        "201304": "10.03",
        "201305": "10.43",
        "201306": "10.29",
        "201307": "9.73",
        "201308": "9.91",
        "201309": "10.39",
        "201310": "10.85",
        "201311": "10.58",
        "201312": "10.73",
        "201401": "10.52",
        "201402": "10.15",
        "201403": "10.03",
        "201404": "10.28",
        "201405": "9.92",
        "201406": "9.91",
        "201407": "10.60",
        "201408": "11.00",
        "201409": "11.55",
        "201410": "11.43",
        "201411": "10.40",
        "201412": "10.36",
        "201501": "10.20",
        "201502": "10.21",
        "201503": "10.28",
        "201504": "11.02",
        "201505": "11.43",
        "201506": "9.76",
        "201507": "9.58",
        "201508": "9.57",
        "201509": "9.22",
        "201510": "9.35",
        "201511": "9.37",
        "201512": "9.50",
        "201601": "9.53",
        "201602": "9.75",
        "201603": "10.07",
        "201604": "9.81",
        "201605": "9.68",
        "201606": "10.01",
        "201607": "10.14",
        "201608": "10.12",
        "201609": "10.39",
        "201610": "10.44",
        "201611": "10.05",
        "201612": "9.86",
        "201701": "9.89",
        "201702": "10.34",
        "201703": "10.55",
        "201704": "10.24",
        "201705": "10.08",
        "201706": "10.33",
        "201707": "10.19",
        "201708": "9.99",
        "201709": "10.22",
        "201710": "10.37",
        "201711": "10.25",
        "201712": "10.28",
        "201801": "10.24",
        "201802": "9.67",
        "201803": "9.86",
        "201804": "9.66",
        "201805": "9.61",
        "201806": "10.00",
        "201807": "11.32",
        "201808": "11.38",
        "201809": "11.25",
        "201810": "10.18",
        "201811": "10.16",
        "201812": "9.92",
        "201901": "9.93",
        "201902": "10.19",
        "201903": "10.09",
        "201904": "9.92",
        "201905": "9.95",
        "201906": "10.07",
        "201907": "10.28",
        "201908": "10.01",
        "201909": "10.08",
        "201910": "10.05",
        "201911": "10.15",
        "201912": "10.05",
        "202001": "10.13",
        "202002": "10.01",
        "202003": "9.45",
        "202004": "9.82",
        "202005": "9.94",
        "202006": "13.47",
        "202007": "13.96",
        "202008": "12.10",
        "202009": "11.99",
        "202010": "12.32",
        "202011": "12.19",
        "202012": "13.51",
        "202101": "13.34",
        "202102": "13.97",
        "202103": "14.62",
        "202104": "14.36",
        "202105": "13.26",
        "202106": "12.17",
        "202107": "11.59",
        "202108": "12.07",
        "202109": "11.85",
        "202110": "12.62",
        "202111": "13.07",
        "202112": "13.01",
        "202201": "12.96",
        "202202": "12.34",
        "202203": "12.04",
        "202204": "12.17",
        "202205": "11.85",
        "202206": "12.38",
        "202207": "12.80",
        "202208": "12.90",
        "202209": "12.37",
        "202210": "12.28",
        "202211": "12.89",
        "202212": "13.39",
        "202301": "14.47",
        "202302": "14.54",
        "202303": "15.04",
        "202304": "14.83",
        "202305": "14.74",
        "202306": "15.85",
        "202307": "15.03",
        "202308": "12.97",
        "202309": "13.22",
        "202310": "12.76",
        "202311": "13.58",
        "202312": "14.84"
    },
    "quarters": {
        "20011": {
            "year_quarter": 20011,
            "year": 2001,
            "quarter": 1,
            "eps": 0.14,
            "eps_growth_year": -60,
            "eps_4q": 0.57,
            "eps_4q_growth_year": -56.99,
            "roe": 1.11,
            "roe_4q": 1.11,
            "gross_profit": 65966,
            "gross_margin": 21.21,
            "gross_margin_4q_avg": 21.21,
            "net_income": 21464,
            "net_income_4q": null,
            "revenue": 311016,
            "revenue_4q": null,
            "common_shares": 1485234,
            "book_valuer_per_share": 13.12,
            "book_valuer_per_share_4q_avg": 13.12,
            "equity": 1949213,
            "current_ratio": 217.5,
            "debt_ratio": 24.04,
            "inventory_turnover_ratio": 0.39,
            "account_receivable_turnover_ratio": null,
            "reinvestment_rate": null,
            "research_to_sale_ratio": null,
            "price_fair": 0,
            "eps_avg_yearly": 0,
            "eps_latest_yearly": 0,
            "eps_growth_yearly": 0
        },
        "20012": {
            "year_quarter": 20012,
            "year": 2001,
            "quarter": 2,
            "eps": 0.07,
            "eps_growth_year": -68.18,
            "eps_4q": 0.42,
            "eps_4q_growth_year": -64.14,
            "roe": 0.6,
            "roe_4q": 1.71,
            "gross_profit": 52582,
            "gross_margin": 16.91,
            "gross_margin_4q_avg": 19.06,
            "net_income": 11785,
            "net_income_4q": null,
            "revenue": 310930,
            "revenue_4q": null,
            "common_shares": 1485234,
            "book_valuer_per_share": 13.2,
            "book_valuer_per_share_4q_avg": 13.16,
            "equity": 1960952,
            "current_ratio": 198.73,
            "debt_ratio": 27.96,
            "inventory_turnover_ratio": 0.41,
            "account_receivable_turnover_ratio": null,
            "reinvestment_rate": null,
            "research_to_sale_ratio": null,
            "price_fair": 0,
            "eps_avg_yearly": 0,
            "eps_latest_yearly": 0,
            "eps_growth_yearly": 0
        },
        "20013": {
            "year_quarter": 20013,
            "year": 2001,
            "quarter": 3,
            "eps": 0.06,
            "eps_growth_year": 200,
            "eps_4q": 0.46,
            "eps_4q_growth_year": -52.23,
            "roe": 0.52,
            "roe_4q": 2.2300000000000004,
            "gross_profit": 57697,
            "gross_margin": 19.4,
            "gross_margin_4q_avg": 19.17,
            "net_income": 10247,
            "net_income_4q": null,
            "revenue": 297345,
            "revenue_4q": null,
            "common_shares": 1604053,
            "book_valuer_per_share": 12.29,
            "book_valuer_per_share_4q_avg": 12.87,
            "equity": 1971287,
            "current_ratio": 195.74,
            "debt_ratio": 28.57,
            "inventory_turnover_ratio": 0.39,
            "account_receivable_turnover_ratio": null,
            "reinvestment_rate": null,
            "research_to_sale_ratio": null,
            "price_fair": 0,
            "eps_avg_yearly": 0,
            "eps_latest_yearly": 0,
            "eps_growth_yearly": 0
        },
        "20014": {
            "year_quarter": 20014,
            "year": 2001,
            "quarter": 4,
            "eps": 0.07,
            "eps_growth_year": -70.83,
            "eps_4q": 0.33,
            "eps_4q_growth_year": -56.5,
            "roe": 0.6,
            "roe_4q": 2.83,
            "gross_profit": 22203,
            "gross_margin": 8.44,
            "gross_margin_4q_avg": 16.49,
            "net_income": 11851,
            "net_income_4q": null,
            "revenue": 263141,
            "revenue_4q": null,
            "common_shares": 1604053,
            "book_valuer_per_share": 12.37,
            "book_valuer_per_share_4q_avg": 12.75,
            "equity": 1983800,
            "current_ratio": 207.34,
            "debt_ratio": 26.86,
            "inventory_turnover_ratio": 0.42,
            "account_receivable_turnover_ratio": null,
            "reinvestment_rate": null,
            "research_to_sale_ratio": null,
            "price_fair": 0,
            "eps_avg_yearly": 0,
            "eps_latest_yearly": 0,
            "eps_growth_yearly": 0
        },
        "20021": {
            "year_quarter": 20021,
            "year": 2002,
            "quarter": 1,
            "eps": -0.07,
            "eps_growth_year": -150,
            "eps_4q": 0.13,
            "eps_4q_growth_year": -77.43,
            "roe": -0.6,
            "roe_4q": 1.12,
            "gross_profit": 17946,
            "gross_margin": 9.09,
            "gross_margin_4q_avg": 13.46,
            "net_income": -11962,
            "net_income_4q": null,
            "revenue": 197351,
            "revenue_4q": null,
            "common_shares": 1604052,
            "book_valuer_per_share": 12.29,
            "book_valuer_per_share_4q_avg": 12.54,
            "equity": 1971786,
            "current_ratio": 194.54,
            "debt_ratio": 28.33,
            "inventory_turnover_ratio": 0.31,
            "account_receivable_turnover_ratio": null,
            "reinvestment_rate": null,
            "research_to_sale_ratio": null,
            "price_fair": 0,
            "eps_avg_yearly": 0,
            "eps_latest_yearly": 0,
            "eps_growth_yearly": 0
        },
        "20022": {
            "year_quarter": 20022,
            "year": 2002,
            "quarter": 2,
            "eps": 0.12,
            "eps_growth_year": 71.43,
            "eps_4q": 0.18,
            "eps_4q_growth_year": -57.02,
            "roe": 1.02,
            "roe_4q": 1.54,
            "gross_profit": 61186,
            "gross_margin": 19.63,
            "gross_margin_4q_avg": 14.14,
            "net_income": 19953,
            "net_income_4q": null,
            "revenue": 311691,
            "revenue_4q": null,
            "common_shares": 1604053,
            "book_valuer_per_share": 12.08,
            "book_valuer_per_share_4q_avg": 12.26,
            "equity": 1938379,
            "current_ratio": 177.26,
            "debt_ratio": 30.99,
            "inventory_turnover_ratio": 0.4,
            "account_receivable_turnover_ratio": null,
            "reinvestment_rate": null,
            "research_to_sale_ratio": null,
            "price_fair": 0,
            "eps_avg_yearly": 0,
            "eps_latest_yearly": 0,
            "eps_growth_yearly": 0
        },
        "20023": {
            "year_quarter": 20023,
            "year": 2002,
            "quarter": 3,
            "eps": 0.09,
            "eps_growth_year": 50,
            "eps_4q": 0.21,
            "eps_4q_growth_year": -53.74,
            "roe": 0.74,
            "roe_4q": 1.7600000000000002,
            "gross_profit": 41272,
            "gross_margin": 15.12,
            "gross_margin_4q_avg": 13.07,
            "net_income": 14473,
            "net_income_4q": null,
            "revenue": 272924,
            "revenue_4q": null,
            "common_shares": 1604053,
            "book_valuer_per_share": 12.19,
            "book_valuer_per_share_4q_avg": 12.23,
            "equity": 1954575,
            "current_ratio": 197.68,
            "debt_ratio": 25.8,
            "inventory_turnover_ratio": 0.36,
            "account_receivable_turnover_ratio": null,
            "reinvestment_rate": null,
            "research_to_sale_ratio": null,
            "price_fair": 1.08,
            "eps_avg_yearly": 0.36,
            "eps_latest_yearly": 0.36,
            "eps_growth_yearly": -100
        },
        "20024": {
            "year_quarter": 20024,
            "year": 2002,
            "quarter": 4,
            "eps": 0.07,
            "eps_growth_year": 0,
            "eps_4q": 0.22,
            "eps_4q_growth_year": -33.4,
            "roe": 0.54,
            "roe_4q": 1.6999999999999997,
            "gross_profit": 49738,
            "gross_margin": 14.07,
            "gross_margin_4q_avg": 14.48,
            "net_income": 10645,
            "net_income_4q": null,
            "revenue": 353583,
            "revenue_4q": null,
            "common_shares": 1604053,
            "book_valuer_per_share": 12.26,
            "book_valuer_per_share_4q_avg": 12.21,
            "equity": 1966988,
            "current_ratio": 176.04,
            "debt_ratio": 30.4,
            "inventory_turnover_ratio": 0.48,
            "account_receivable_turnover_ratio": null,
            "reinvestment_rate": -33.34,
            "research_to_sale_ratio": null,
            "price_fair": 0.96,
            "eps_avg_yearly": 0.32,
            "eps_latest_yearly": 0.28,
            "eps_growth_yearly": -94.44
        },
        "20031": {
            "year_quarter": 20031,
            "year": 2003,
            "quarter": 1,
            "eps": 0.01,
            "eps_growth_year": null,
            "eps_4q": 0.45,
            "eps_4q_growth_year": 247.59,
            "roe": 0.05,
            "roe_4q": 2.35,
            "gross_profit": 28984,
            "gross_margin": 9.62,
            "gross_margin_4q_avg": 14.61,
            "net_income": 1034,
            "net_income_4q": null,
            "revenue": 301149,
            "revenue_4q": null,
            "common_shares": 1604053,
            "book_valuer_per_share": 12.27,
            "book_valuer_per_share_4q_avg": 12.2,
            "equity": 1968150,
            "current_ratio": 149.58,
            "debt_ratio": 30.83,
            "inventory_turnover_ratio": 0.43,
            "account_receivable_turnover_ratio": null,
            "reinvestment_rate": -58.11,
            "research_to_sale_ratio": null,
            "price_fair": 0.68,
            "eps_avg_yearly": 0.23,
            "eps_latest_yearly": 0.04,
            "eps_growth_yearly": -177.25
        },
        "20032": {
            "year_quarter": 20032,
            "year": 2003,
            "quarter": 2,
            "eps": 0.02,
            "eps_growth_year": -83.33,
            "eps_4q": 0.19,
            "eps_4q_growth_year": 4.8,
            "roe": 0.16,
            "roe_4q": 1.49,
            "gross_profit": 35303,
            "gross_margin": 8.5,
            "gross_margin_4q_avg": 11.83,
            "net_income": 3083,
            "net_income_4q": null,
            "revenue": 415233,
            "revenue_4q": null,
            "common_shares": 1604053,
            "book_valuer_per_share": 12.13,
            "book_valuer_per_share_4q_avg": 12.21,
            "equity": 1945184,
            "current_ratio": 143.38,
            "debt_ratio": 32.11,
            "inventory_turnover_ratio": 0.59,
            "account_receivable_turnover_ratio": null,
            "reinvestment_rate": -70.81,
            "research_to_sale_ratio": null,
            "price_fair": 0.57,
            "eps_avg_yearly": 0.19,
            "eps_latest_yearly": 0.08,
            "eps_growth_yearly": -32.94
        },
        "20033": {
            "year_quarter": 20033,
            "year": 2003,
            "quarter": 3,
            "eps": 0.04,
            "eps_growth_year": -55.56,
            "eps_4q": 0.13,
            "eps_4q_growth_year": -40.02,
            "roe": 0.35,
            "roe_4q": 1.1,
            "gross_profit": 47184,
            "gross_margin": 16.21,
            "gross_margin_4q_avg": 12.1,
            "net_income": 6711,
            "net_income_4q": null,
            "revenue": 291078,
            "revenue_4q": null,
            "common_shares": 1604053,
            "book_valuer_per_share": 12.12,
            "book_valuer_per_share_4q_avg": 12.2,
            "equity": 1943694,
            "current_ratio": 145.61,
            "debt_ratio": 31.72,
            "inventory_turnover_ratio": 0.37,
            "account_receivable_turnover_ratio": null,
            "reinvestment_rate": -80.78,
            "research_to_sale_ratio": null,
            "price_fair": 6.44,
            "eps_avg_yearly": 0.18,
            "eps_latest_yearly": 0.16,
            "eps_growth_yearly": 53.65
        },
        "20034": {
            "year_quarter": 20034,
            "year": 2003,
            "quarter": 4,
            "eps": -0.02,
            "eps_growth_year": -128.57,
            "eps_4q": 0.05,
            "eps_4q_growth_year": -77.03,
            "roe": -0.14,
            "roe_4q": 0.42,
            "gross_profit": 50817,
            "gross_margin": 16.54,
            "gross_margin_4q_avg": 12.72,
            "net_income": -2713,
            "net_income_4q": null,
            "revenue": 307178,
            "revenue_4q": null,
            "common_shares": 1604053,
            "book_valuer_per_share": 12.11,
            "book_valuer_per_share_4q_avg": 12.16,
            "equity": 1943133,
            "current_ratio": 155.41,
            "debt_ratio": 34.3,
            "inventory_turnover_ratio": 0.37,
            "account_receivable_turnover_ratio": null,
            "reinvestment_rate": 39.15,
            "research_to_sale_ratio": null,
            "price_fair": 6.44,
            "eps_avg_yearly": 0.18,
            "eps_latest_yearly": 0.16,
            "eps_growth_yearly": 53.65
        },
        "20041": {
            "year_quarter": 20041,
            "year": 2004,
            "quarter": 1,
            "eps": -0.16,
            "eps_growth_year": -1700,
            "eps_4q": -0.12,
            "eps_4q_growth_year": -125.92,
            "roe": -1.32,
            "roe_4q": -0.9499999999999998,
            "gross_profit": 14623,
            "gross_margin": 5.68,
            "gross_margin_4q_avg": 11.73,
            "net_income": -25515,
            "net_income_4q": null,
            "revenue": 257441,
            "revenue_4q": null,
            "common_shares": 1604053,
            "book_valuer_per_share": 11.9,
            "book_valuer_per_share_4q_avg": 12.07,
            "equity": 1908231,
            "current_ratio": 152.13,
            "debt_ratio": 29.81,
            "inventory_turnover_ratio": 0.35,
            "account_receivable_turnover_ratio": null,
            "reinvestment_rate": -188.86,
            "research_to_sale_ratio": null,
            "price_fair": 6.44,
            "eps_avg_yearly": 0.18,
            "eps_latest_yearly": 0.16,
            "eps_growth_yearly": 53.65
        },
        "20042": {
            "year_quarter": 20042,
            "year": 2004,
            "quarter": 2,
            "eps": -0.12,
            "eps_growth_year": -700,
            "eps_4q": -0.25,
            "eps_4q_growth_year": -231.67,
            "roe": -0.97,
            "roe_4q": -2.08,
            "gross_profit": 38464,
            "gross_margin": 12.12,
            "gross_margin_4q_avg": 12.64,
            "net_income": -18539,
            "net_income_4q": null,
            "revenue": 317435,
            "revenue_4q": null,
            "common_shares": 1604053,
            "book_valuer_per_share": 11.82,
            "book_valuer_per_share_4q_avg": 11.99,
            "equity": 1896662,
            "current_ratio": 153.77,
            "debt_ratio": 29.48,
            "inventory_turnover_ratio": 0.39,
            "account_receivable_turnover_ratio": null,
            "reinvestment_rate": -290.89,
            "research_to_sale_ratio": null,
            "price_fair": 6.44,
            "eps_avg_yearly": 0.18,
            "eps_latest_yearly": 0.16,
            "eps_growth_yearly": 53.65
        },
        "20043": {
            "year_quarter": 20043,
            "year": 2004,
            "quarter": 3,
            "eps": 0,
            "eps_growth_year": -100,
            "eps_4q": -0.29,
            "eps_4q_growth_year": -327.52,
            "roe": 0,
            "roe_4q": -2.43,
            "gross_profit": 35419,
            "gross_margin": 12.45,
            "gross_margin_4q_avg": 11.7,
            "net_income": 57,
            "net_income_4q": null,
            "revenue": 284380,
            "revenue_4q": null,
            "common_shares": 1604053,
            "book_valuer_per_share": 11.84,
            "book_valuer_per_share_4q_avg": 11.92,
            "equity": 1898885,
            "current_ratio": 159.12,
            "debt_ratio": 30.09,
            "inventory_turnover_ratio": 0.34,
            "account_receivable_turnover_ratio": null,
            "reinvestment_rate": -309.32,
            "research_to_sale_ratio": null,
            "price_fair": 6.44,
            "eps_avg_yearly": 0.18,
            "eps_latest_yearly": 0.16,
            "eps_growth_yearly": 53.65
        },
        "20044": {
            "year_quarter": 20044,
            "year": 2004,
            "quarter": 4,
            "eps": -0.18,
            "eps_growth_year": null,
            "eps_4q": -0.45,
            "eps_4q_growth_year": -1000,
            "roe": -1.52,
            "roe_4q": -3.8100000000000005,
            "gross_profit": 55901,
            "gross_margin": 20.86,
            "gross_margin_4q_avg": 12.78,
            "net_income": -28457,
            "net_income_4q": null,
            "revenue": 267971,
            "revenue_4q": null,
            "common_shares": 1604053,
            "book_valuer_per_share": 11.53,
            "book_valuer_per_share_4q_avg": 11.77,
            "equity": 1849280,
            "current_ratio": 162.42,
            "debt_ratio": 34.16,
            "inventory_turnover_ratio": 0.28,
            "account_receivable_turnover_ratio": null,
            "reinvestment_rate": 106.04,
            "research_to_sale_ratio": null,
            "price_fair": 6.44,
            "eps_avg_yearly": 0.18,
            "eps_latest_yearly": 0.16,
            "eps_growth_yearly": 53.65
        },
        "20051": {
            "year_quarter": 20051,
            "year": 2005,
            "quarter": 1,
            "eps": -0.07,
            "eps_growth_year": null,
            "eps_4q": -0.37,
            "eps_4q_growth_year": null,
            "roe": -0.59,
            "roe_4q": -3.08,
            "gross_profit": 33792,
            "gross_margin": 14.34,
            "gross_margin_4q_avg": 14.94,
            "net_income": -10856,
            "net_income_4q": null,
            "revenue": 235592,
            "revenue_4q": null,
            "common_shares": 1604053,
            "book_valuer_per_share": 11.45,
            "book_valuer_per_share_4q_avg": 11.66,
            "equity": 1836781,
            "current_ratio": 166.6,
            "debt_ratio": 29.13,
            "inventory_turnover_ratio": 0.26,
            "account_receivable_turnover_ratio": null,
            "reinvestment_rate": null,
            "research_to_sale_ratio": null,
            "price_fair": 6.44,
            "eps_avg_yearly": 0.18,
            "eps_latest_yearly": 0.16,
            "eps_growth_yearly": 53.65
        },
        "20052": {
            "year_quarter": 20052,
            "year": 2005,
            "quarter": 2,
            "eps": -0.08,
            "eps_growth_year": null,
            "eps_4q": -0.32,
            "eps_4q_growth_year": null,
            "roe": -0.7,
            "roe_4q": -2.81,
            "gross_profit": 44242,
            "gross_margin": 11.14,
            "gross_margin_4q_avg": 14.7,
            "net_income": -12811,
            "net_income_4q": null,
            "revenue": 397018,
            "revenue_4q": null,
            "common_shares": 1604053,
            "book_valuer_per_share": 11.37,
            "book_valuer_per_share_4q_avg": 11.55,
            "equity": 1824360,
            "current_ratio": 166.54,
            "debt_ratio": 29.34,
            "inventory_turnover_ratio": 0.46,
            "account_receivable_turnover_ratio": null,
            "reinvestment_rate": null,
            "research_to_sale_ratio": null,
            "price_fair": 6.44,
            "eps_avg_yearly": 0.18,
            "eps_latest_yearly": 0.16,
            "eps_growth_yearly": 53.65
        },
        "20053": {
            "year_quarter": 20053,
            "year": 2005,
            "quarter": 3,
            "eps": 0.05,
            "eps_growth_year": null,
            "eps_4q": -0.25,
            "eps_4q_growth_year": null,
            "roe": 0.47,
            "roe_4q": -2.34,
            "gross_profit": 42772,
            "gross_margin": 12.13,
            "gross_margin_4q_avg": 14.62,
            "net_income": 8729,
            "net_income_4q": null,
            "revenue": 352743,
            "revenue_4q": null,
            "common_shares": 1604053,
            "book_valuer_per_share": 11.56,
            "book_valuer_per_share_4q_avg": 11.48,
            "equity": 1854575,
            "current_ratio": 152.74,
            "debt_ratio": 31.72,
            "inventory_turnover_ratio": 0.39,
            "account_receivable_turnover_ratio": null,
            "reinvestment_rate": null,
            "research_to_sale_ratio": null,
            "price_fair": 6.44,
            "eps_avg_yearly": 0.18,
            "eps_latest_yearly": 0.16,
            "eps_growth_yearly": 53.65
        },
        "20054": {
            "year_quarter": 20054,
            "year": 2005,
            "quarter": 4,
            "eps": 0.12,
            "eps_growth_year": null,
            "eps_4q": 0.02,
            "eps_4q_growth_year": null,
            "roe": 0.96,
            "roe_4q": 0.14,
            "gross_profit": 60957,
            "gross_margin": 13.06,
            "gross_margin_4q_avg": 12.67,
            "net_income": 18465,
            "net_income_4q": null,
            "revenue": 466776,
            "revenue_4q": null,
            "common_shares": 1604053,
            "book_valuer_per_share": 11.7,
            "book_valuer_per_share_4q_avg": 11.52,
            "equity": 2001505,
            "current_ratio": 209.51,
            "debt_ratio": 35.31,
            "inventory_turnover_ratio": 0.48,
            "account_receivable_turnover_ratio": null,
            "reinvestment_rate": null,
            "research_to_sale_ratio": null,
            "price_fair": 8.17,
            "eps_avg_yearly": 0.23,
            "eps_latest_yearly": 0.48,
            "eps_growth_yearly": 138.04
        },
        "20061": {
            "year_quarter": 20061,
            "year": 2006,
            "quarter": 1,
            "eps": 0,
            "eps_growth_year": null,
            "eps_4q": 0.09,
            "eps_4q_growth_year": null,
            "roe": 0.01,
            "roe_4q": 0.74,
            "gross_profit": 53116,
            "gross_margin": 14.63,
            "gross_margin_4q_avg": 12.74,
            "net_income": 271,
            "net_income_4q": null,
            "revenue": 363037,
            "revenue_4q": null,
            "common_shares": 1604053,
            "book_valuer_per_share": 11.69,
            "book_valuer_per_share_4q_avg": 11.58,
            "equity": 1875268,
            "current_ratio": 188.76,
            "debt_ratio": 34.69,
            "inventory_turnover_ratio": 0.36,
            "account_receivable_turnover_ratio": null,
            "reinvestment_rate": null,
            "research_to_sale_ratio": null,
            "price_fair": 8.17,
            "eps_avg_yearly": 0.23,
            "eps_latest_yearly": 0.48,
            "eps_growth_yearly": 138.04
        },
        "20062": {
            "year_quarter": 20062,
            "year": 2006,
            "quarter": 2,
            "eps": 0.02,
            "eps_growth_year": null,
            "eps_4q": 0.21,
            "eps_4q_growth_year": null,
            "roe": 0.15,
            "roe_4q": 1.5899999999999999,
            "gross_profit": 43441,
            "gross_margin": 10.82,
            "gross_margin_4q_avg": 12.66,
            "net_income": 2825,
            "net_income_4q": null,
            "revenue": 401494,
            "revenue_4q": null,
            "common_shares": 1604053,
            "book_valuer_per_share": 11.72,
            "book_valuer_per_share_4q_avg": 11.67,
            "equity": 1879762,
            "current_ratio": 187.86,
            "debt_ratio": 33.19,
            "inventory_turnover_ratio": 0.42,
            "account_receivable_turnover_ratio": null,
            "reinvestment_rate": null,
            "research_to_sale_ratio": null,
            "price_fair": 8.17,
            "eps_avg_yearly": 0.23,
            "eps_latest_yearly": 0.48,
            "eps_growth_yearly": 138.04
        },
        "20063": {
            "year_quarter": 20063,
            "year": 2006,
            "quarter": 3,
            "eps": -0.21,
            "eps_growth_year": -520,
            "eps_4q": -0.07,
            "eps_4q_growth_year": null,
            "roe": -1.7,
            "roe_4q": -0.5800000000000001,
            "gross_profit": 10376,
            "gross_margin": 3.28,
            "gross_margin_4q_avg": 10.45,
            "net_income": -32964,
            "net_income_4q": null,
            "revenue": 316182,
            "revenue_4q": null,
            "common_shares": 1604053,
            "book_valuer_per_share": 12.45,
            "book_valuer_per_share_4q_avg": 11.89,
            "equity": 1997216,
            "current_ratio": 177.06,
            "debt_ratio": 33.74,
            "inventory_turnover_ratio": 0.36,
            "account_receivable_turnover_ratio": null,
            "reinvestment_rate": null,
            "research_to_sale_ratio": null,
            "price_fair": 7.28,
            "eps_avg_yearly": 0.21,
            "eps_latest_yearly": 0.48,
            "eps_growth_yearly": 185.65
        },
        "20064": {
            "year_quarter": 20064,
            "year": 2006,
            "quarter": 4,
            "eps": -0.44,
            "eps_growth_year": -466.67,
            "eps_4q": -0.62,
            "eps_4q_growth_year": -2811.55,
            "roe": -3.56,
            "roe_4q": -5.1,
            "gross_profit": -23808,
            "gross_margin": -6.13,
            "gross_margin_4q_avg": 5.65,
            "net_income": -69862,
            "net_income_4q": null,
            "revenue": 388263,
            "revenue_4q": null,
            "common_shares": 1604053,
            "book_valuer_per_share": 12,
            "book_valuer_per_share_4q_avg": 11.97,
            "equity": 1924676,
            "current_ratio": 187.8,
            "debt_ratio": 39.31,
            "inventory_turnover_ratio": 0.47,
            "account_receivable_turnover_ratio": null,
            "reinvestment_rate": null,
            "research_to_sale_ratio": null,
            "price_fair": 6.65,
            "eps_avg_yearly": 0.19,
            "eps_latest_yearly": 0.48,
            "eps_growth_yearly": 254.29
        },
        "20071": {
            "year_quarter": 20071,
            "year": 2007,
            "quarter": 1,
            "eps": 0,
            "eps_growth_year": null,
            "eps_4q": -0.62,
            "eps_4q_growth_year": -781.49,
            "roe": 0.01,
            "roe_4q": -5.1,
            "gross_profit": 30535,
            "gross_margin": 8.71,
            "gross_margin_4q_avg": 4.17,
            "net_income": 135,
            "net_income_4q": null,
            "revenue": 350720,
            "revenue_4q": null,
            "common_shares": 1604053,
            "book_valuer_per_share": 12.1,
            "book_valuer_per_share_4q_avg": 12.07,
            "equity": 1940860,
            "current_ratio": 159.49,
            "debt_ratio": 33.35,
            "inventory_turnover_ratio": 0.38,
            "account_receivable_turnover_ratio": null,
            "reinvestment_rate": null,
            "research_to_sale_ratio": null,
            "price_fair": 8.4,
            "eps_avg_yearly": 0.24,
            "eps_latest_yearly": 0.48,
            "eps_growth_yearly": 453.33
        },
        "20072": {
            "year_quarter": 20072,
            "year": 2007,
            "quarter": 2,
            "eps": 0.01,
            "eps_growth_year": -50,
            "eps_4q": -0.63,
            "eps_4q_growth_year": -393.72,
            "roe": 0.09,
            "roe_4q": -5.16,
            "gross_profit": 58295,
            "gross_margin": 13.82,
            "gross_margin_4q_avg": 4.92,
            "net_income": 1658,
            "net_income_4q": null,
            "revenue": 421911,
            "revenue_4q": null,
            "common_shares": 1604053,
            "book_valuer_per_share": 12.14,
            "book_valuer_per_share_4q_avg": 12.17,
            "equity": 1947430,
            "current_ratio": 157.47,
            "debt_ratio": 34,
            "inventory_turnover_ratio": 0.45,
            "account_receivable_turnover_ratio": null,
            "reinvestment_rate": null,
            "research_to_sale_ratio": null,
            "price_fair": 11.2,
            "eps_avg_yearly": 0.32,
            "eps_latest_yearly": 0.48,
            "eps_growth_yearly": 480
        },
        "20073": {
            "year_quarter": 20073,
            "year": 2007,
            "quarter": 3,
            "eps": -0.19,
            "eps_growth_year": null,
            "eps_4q": -0.62,
            "eps_4q_growth_year": null,
            "roe": -1.6,
            "roe_4q": -5.0600000000000005,
            "gross_profit": 32167,
            "gross_margin": 11.02,
            "gross_margin_4q_avg": 6.86,
            "net_income": -30865,
            "net_income_4q": null,
            "revenue": 291904,
            "revenue_4q": null,
            "common_shares": 1604053,
            "book_valuer_per_share": 11.97,
            "book_valuer_per_share_4q_avg": 12.05,
            "equity": 1920823,
            "current_ratio": 151.76,
            "debt_ratio": 35.44,
            "inventory_turnover_ratio": 0.32,
            "account_receivable_turnover_ratio": null,
            "reinvestment_rate": null,
            "research_to_sale_ratio": null,
            "price_fair": 16.8,
            "eps_avg_yearly": 0.48,
            "eps_latest_yearly": 0.48,
            "eps_growth_yearly": 560
        },
        "20074": {
            "year_quarter": 20074,
            "year": 2007,
            "quarter": 4,
            "eps": -0.19,
            "eps_growth_year": null,
            "eps_4q": -0.37,
            "eps_4q_growth_year": null,
            "roe": -1.55,
            "roe_4q": -3.0500000000000007,
            "gross_profit": 37313,
            "gross_margin": 10.85,
            "gross_margin_4q_avg": 11.1,
            "net_income": -30599,
            "net_income_4q": null,
            "revenue": 343747,
            "revenue_4q": null,
            "common_shares": 1604053,
            "book_valuer_per_share": 11.87,
            "book_valuer_per_share_4q_avg": 12.02,
            "equity": 2032080,
            "current_ratio": 159.96,
            "debt_ratio": 41.87,
            "inventory_turnover_ratio": 0.32,
            "account_receivable_turnover_ratio": null,
            "reinvestment_rate": null,
            "research_to_sale_ratio": null,
            "price_fair": 16.8,
            "eps_avg_yearly": 0.48,
            "eps_latest_yearly": 0.48,
            "eps_growth_yearly": 560
        },
        "20081": {
            "year_quarter": 20081,
            "year": 2008,
            "quarter": 1,
            "eps": -0.18,
            "eps_growth_year": null,
            "eps_4q": -0.57,
            "eps_4q_growth_year": null,
            "roe": -1.41,
            "roe_4q": -4.470000000000001,
            "gross_profit": 25643,
            "gross_margin": 7.12,
            "gross_margin_4q_avg": 10.7,
            "net_income": -28229,
            "net_income_4q": null,
            "revenue": 360236,
            "revenue_4q": null,
            "common_shares": 1604053,
            "book_valuer_per_share": 11.58,
            "book_valuer_per_share_4q_avg": 11.89,
            "equity": 1983221,
            "current_ratio": 148.73,
            "debt_ratio": 43.54,
            "inventory_turnover_ratio": 0.3,
            "account_receivable_turnover_ratio": null,
            "reinvestment_rate": null,
            "research_to_sale_ratio": null,
            "price_fair": 16.8,
            "eps_avg_yearly": 0.48,
            "eps_latest_yearly": 0.48,
            "eps_growth_yearly": 560
        },
        "20082": {
            "year_quarter": 20082,
            "year": 2008,
            "quarter": 2,
            "eps": -0.44,
            "eps_growth_year": -4500,
            "eps_4q": -1,
            "eps_4q_growth_year": null,
            "roe": -3.9,
            "roe_4q": -8.459999999999999,
            "gross_profit": -10784,
            "gross_margin": -2.47,
            "gross_margin_4q_avg": 6.63,
            "net_income": -76261,
            "net_income_4q": null,
            "revenue": 436978,
            "revenue_4q": null,
            "common_shares": 1604053,
            "book_valuer_per_share": 11.23,
            "book_valuer_per_share_4q_avg": 11.66,
            "equity": 1923247,
            "current_ratio": 144.02,
            "debt_ratio": 44.28,
            "inventory_turnover_ratio": 0.39,
            "account_receivable_turnover_ratio": null,
            "reinvestment_rate": null,
            "research_to_sale_ratio": null,
            "price_fair": 16.8,
            "eps_avg_yearly": 0.48,
            "eps_latest_yearly": 0.48,
            "eps_growth_yearly": 560
        },
        "20083": {
            "year_quarter": 20083,
            "year": 2008,
            "quarter": 3,
            "eps": -0.11,
            "eps_growth_year": null,
            "eps_4q": -0.92,
            "eps_4q_growth_year": null,
            "roe": -1.01,
            "roe_4q": -7.87,
            "gross_profit": 23586,
            "gross_margin": 7.97,
            "gross_margin_4q_avg": 5.87,
            "net_income": -19854,
            "net_income_4q": null,
            "revenue": 295994,
            "revenue_4q": null,
            "common_shares": 1604053,
            "book_valuer_per_share": 11.38,
            "book_valuer_per_share_4q_avg": 11.52,
            "equity": 2018167,
            "current_ratio": 151.61,
            "debt_ratio": 42.02,
            "inventory_turnover_ratio": 0.23,
            "account_receivable_turnover_ratio": null,
            "reinvestment_rate": null,
            "research_to_sale_ratio": null,
            "price_fair": 16.8,
            "eps_avg_yearly": 0.48,
            "eps_latest_yearly": 0.48,
            "eps_growth_yearly": 560
        },
        "20084": {
            "year_quarter": 20084,
            "year": 2008,
            "quarter": 4,
            "eps": -0.26,
            "eps_growth_year": null,
            "eps_4q": -0.89,
            "eps_4q_growth_year": null,
            "roe": -2.65,
            "roe_4q": -8.97,
            "gross_profit": -20074,
            "gross_margin": -5.65,
            "gross_margin_4q_avg": 1.74,
            "net_income": -52926,
            "net_income_4q": null,
            "revenue": 355332,
            "revenue_4q": null,
            "common_shares": 1604053,
            "book_valuer_per_share": 11.18,
            "book_valuer_per_share_4q_avg": 11.34,
            "equity": 1978754,
            "current_ratio": 143.39,
            "debt_ratio": 42.3,
            "inventory_turnover_ratio": 0.33,
            "account_receivable_turnover_ratio": null,
            "reinvestment_rate": null,
            "research_to_sale_ratio": null,
            "price_fair": 16.8,
            "eps_avg_yearly": 0.48,
            "eps_latest_yearly": 0.48,
            "eps_growth_yearly": 560
        },
        "20091": {
            "year_quarter": 20091,
            "year": 2009,
            "quarter": 1,
            "eps": -0.09,
            "eps_growth_year": null,
            "eps_4q": -0.9,
            "eps_4q_growth_year": null,
            "roe": -0.91,
            "roe_4q": -8.47,
            "gross_profit": 21032,
            "gross_margin": 7.59,
            "gross_margin_4q_avg": 1.86,
            "net_income": -17963,
            "net_income_4q": null,
            "revenue": 277009,
            "revenue_4q": null,
            "common_shares": 1604053,
            "book_valuer_per_share": 11.22,
            "book_valuer_per_share_4q_avg": 11.25,
            "equity": 1987367,
            "current_ratio": 142.4,
            "debt_ratio": 42.82,
            "inventory_turnover_ratio": 0.24,
            "account_receivable_turnover_ratio": 3.43,
            "reinvestment_rate": null,
            "research_to_sale_ratio": null,
            "price_fair": 16.8,
            "eps_avg_yearly": 0.48,
            "eps_latest_yearly": 0.48,
            "eps_growth_yearly": 560
        },
        "20092": {
            "year_quarter": 20092,
            "year": 2009,
            "quarter": 2,
            "eps": -0.47,
            "eps_growth_year": null,
            "eps_4q": -0.94,
            "eps_4q_growth_year": null,
            "roe": -4.22,
            "roe_4q": -8.79,
            "gross_profit": -13629,
            "gross_margin": -3.91,
            "gross_margin_4q_avg": 1.5,
            "net_income": -82107,
            "net_income_4q": null,
            "revenue": 348853,
            "revenue_4q": null,
            "common_shares": 1604053,
            "book_valuer_per_share": 10.79,
            "book_valuer_per_share_4q_avg": 11.14,
            "equity": 1905269,
            "current_ratio": 135.36,
            "debt_ratio": 44.31,
            "inventory_turnover_ratio": 0.35,
            "account_receivable_turnover_ratio": 2.03,
            "reinvestment_rate": null,
            "research_to_sale_ratio": null,
            "price_fair": 16.8,
            "eps_avg_yearly": 0.48,
            "eps_latest_yearly": 0.48,
            "eps_growth_yearly": 560
        },
        "20093": {
            "year_quarter": 20093,
            "year": 2009,
            "quarter": 3,
            "eps": -0.25,
            "eps_growth_year": null,
            "eps_4q": -1.07,
            "eps_4q_growth_year": null,
            "roe": -2.23,
            "roe_4q": -10.01,
            "gross_profit": 12647,
            "gross_margin": 6.35,
            "gross_margin_4q_avg": 1.1,
            "net_income": -41815,
            "net_income_4q": null,
            "revenue": 199164,
            "revenue_4q": null,
            "common_shares": 1604053,
            "book_valuer_per_share": 10.47,
            "book_valuer_per_share_4q_avg": 10.92,
            "equity": 1848947,
            "current_ratio": 134.78,
            "debt_ratio": 44.3,
            "inventory_turnover_ratio": 0.18,
            "account_receivable_turnover_ratio": 1.26,
            "reinvestment_rate": null,
            "research_to_sale_ratio": null,
            "price_fair": 16.8,
            "eps_avg_yearly": 0.48,
            "eps_latest_yearly": 0.48,
            "eps_growth_yearly": 560
        },
        "20094": {
            "year_quarter": 20094,
            "year": 2009,
            "quarter": 4,
            "eps": -0.57,
            "eps_growth_year": null,
            "eps_4q": -1.25,
            "eps_4q_growth_year": null,
            "roe": -5.5,
            "roe_4q": -12.86,
            "gross_profit": -45481,
            "gross_margin": -26.54,
            "gross_margin_4q_avg": -4.13,
            "net_income": -98858,
            "net_income_4q": null,
            "revenue": 171397,
            "revenue_4q": null,
            "common_shares": 1604053,
            "book_valuer_per_share": 9.89,
            "book_valuer_per_share_4q_avg": 10.59,
            "equity": 1746959,
            "current_ratio": 147.45,
            "debt_ratio": 46.01,
            "inventory_turnover_ratio": 0.21,
            "account_receivable_turnover_ratio": 1.29,
            "reinvestment_rate": null,
            "research_to_sale_ratio": null,
            "price_fair": 0,
            "eps_avg_yearly": 0,
            "eps_latest_yearly": 0,
            "eps_growth_yearly": 0
        },
        "20101": {
            "year_quarter": 20101,
            "year": 2010,
            "quarter": 1,
            "eps": -0.69,
            "eps_growth_year": null,
            "eps_4q": -1.97,
            "eps_4q_growth_year": null,
            "roe": -6.87,
            "roe_4q": -18.82,
            "gross_profit": -62213,
            "gross_margin": -28.27,
            "gross_margin_4q_avg": -13.09,
            "net_income": -115968,
            "net_income_4q": null,
            "revenue": 220051,
            "revenue_4q": null,
            "common_shares": 1604053,
            "book_valuer_per_share": 9.18,
            "book_valuer_per_share_4q_avg": 10.08,
            "equity": 1627171,
            "current_ratio": 138.19,
            "debt_ratio": 48.45,
            "inventory_turnover_ratio": 0.28,
            "account_receivable_turnover_ratio": 4.17,
            "reinvestment_rate": null,
            "research_to_sale_ratio": 3.84,
            "price_fair": 0,
            "eps_avg_yearly": 0,
            "eps_latest_yearly": 0,
            "eps_growth_yearly": 0
        },
        "20102": {
            "year_quarter": 20102,
            "year": 2010,
            "quarter": 2,
            "eps": -0.21,
            "eps_growth_year": null,
            "eps_4q": -1.71,
            "eps_4q_growth_year": null,
            "roe": -2.39,
            "roe_4q": -16.99,
            "gross_profit": -3788,
            "gross_margin": -1.39,
            "gross_margin_4q_avg": -12.46,
            "net_income": -38714,
            "net_income_4q": null,
            "revenue": 271968,
            "revenue_4q": null,
            "common_shares": 1604053,
            "book_valuer_per_share": 9.12,
            "book_valuer_per_share_4q_avg": 9.67,
            "equity": 1614071,
            "current_ratio": 108.59,
            "debt_ratio": 49.37,
            "inventory_turnover_ratio": 0.27,
            "account_receivable_turnover_ratio": 2.53,
            "reinvestment_rate": null,
            "research_to_sale_ratio": 3.67,
            "price_fair": 0,
            "eps_avg_yearly": 0,
            "eps_latest_yearly": 0,
            "eps_growth_yearly": 0
        },
        "20103": {
            "year_quarter": 20103,
            "year": 2010,
            "quarter": 3,
            "eps": -0.34,
            "eps_growth_year": null,
            "eps_4q": -1.8,
            "eps_4q_growth_year": null,
            "roe": -3.6,
            "roe_4q": -18.36,
            "gross_profit": -5213,
            "gross_margin": -2.33,
            "gross_margin_4q_avg": -14.63,
            "net_income": -56987,
            "net_income_4q": null,
            "revenue": 223780,
            "revenue_4q": null,
            "common_shares": 1604053,
            "book_valuer_per_share": 8.74,
            "book_valuer_per_share_4q_avg": 9.23,
            "equity": 1547986,
            "current_ratio": 116.87,
            "debt_ratio": 50.92,
            "inventory_turnover_ratio": 0.22,
            "account_receivable_turnover_ratio": 1.91,
            "reinvestment_rate": null,
            "research_to_sale_ratio": 3.64,
            "price_fair": 0,
            "eps_avg_yearly": 0,
            "eps_latest_yearly": 0,
            "eps_growth_yearly": 0
        },
        "20104": {
            "year_quarter": 20104,
            "year": 2010,
            "quarter": 4,
            "eps": -0.38,
            "eps_growth_year": null,
            "eps_4q": -1.62,
            "eps_4q_growth_year": null,
            "roe": -4.38,
            "roe_4q": -17.240000000000002,
            "gross_profit": -12682,
            "gross_margin": -5.25,
            "gross_margin_4q_avg": -9.31,
            "net_income": -65630,
            "net_income_4q": null,
            "revenue": 241428,
            "revenue_4q": null,
            "common_shares": 1604053,
            "book_valuer_per_share": 8.22,
            "book_valuer_per_share_4q_avg": 8.82,
            "equity": 1451537,
            "current_ratio": 114.6,
            "debt_ratio": 53.48,
            "inventory_turnover_ratio": 0.25,
            "account_receivable_turnover_ratio": 1.88,
            "reinvestment_rate": null,
            "research_to_sale_ratio": 3.68,
            "price_fair": 0,
            "eps_avg_yearly": 0,
            "eps_latest_yearly": 0,
            "eps_growth_yearly": 0
        },
        "20111": {
            "year_quarter": 20111,
            "year": 2011,
            "quarter": 1,
            "eps": 0.18,
            "eps_growth_year": null,
            "eps_4q": -1.11,
            "eps_4q_growth_year": null,
            "roe": -2.23,
            "roe_4q": -12.6,
            "gross_profit": 8911,
            "gross_margin": 3.48,
            "gross_margin_4q_avg": -1.37,
            "net_income": -32219,
            "net_income_4q": null,
            "revenue": 256274,
            "revenue_4q": null,
            "common_shares": 1604053,
            "book_valuer_per_share": 8.16,
            "book_valuer_per_share_4q_avg": 8.56,
            "equity": 1438530,
            "current_ratio": 112.18,
            "debt_ratio": 54.99,
            "inventory_turnover_ratio": 0.23,
            "account_receivable_turnover_ratio": 2.02,
            "reinvestment_rate": null,
            "research_to_sale_ratio": 3.42,
            "price_fair": 0,
            "eps_avg_yearly": 0,
            "eps_latest_yearly": 0,
            "eps_growth_yearly": 0
        },
        "20112": {
            "year_quarter": 20112,
            "year": 2011,
            "quarter": 2,
            "eps": -0.18,
            "eps_growth_year": null,
            "eps_4q": -1.08,
            "eps_4q_growth_year": null,
            "roe": -2.32,
            "roe_4q": -12.53,
            "gross_profit": 23245,
            "gross_margin": 5.9,
            "gross_margin_4q_avg": 0.45,
            "net_income": -32780,
            "net_income_4q": null,
            "revenue": 393972,
            "revenue_4q": null,
            "common_shares": 1604053,
            "book_valuer_per_share": 7.9,
            "book_valuer_per_share_4q_avg": 8.26,
            "equity": 1391451,
            "current_ratio": 111.19,
            "debt_ratio": 56.75,
            "inventory_turnover_ratio": 0.34,
            "account_receivable_turnover_ratio": 2.87,
            "reinvestment_rate": null,
            "research_to_sale_ratio": 2.21,
            "price_fair": 0,
            "eps_avg_yearly": 0,
            "eps_latest_yearly": 0,
            "eps_growth_yearly": 0
        },
        "20113": {
            "year_quarter": 20113,
            "year": 2011,
            "quarter": 3,
            "eps": -0.13,
            "eps_growth_year": null,
            "eps_4q": -0.86,
            "eps_4q_growth_year": null,
            "roe": -1.73,
            "roe_4q": -10.66,
            "gross_profit": 2090,
            "gross_margin": 0.96,
            "gross_margin_4q_avg": 1.27,
            "net_income": -24032,
            "net_income_4q": null,
            "revenue": 216717,
            "revenue_4q": null,
            "common_shares": 1604053,
            "book_valuer_per_share": 7.91,
            "book_valuer_per_share_4q_avg": 8.05,
            "equity": 1388255,
            "current_ratio": 138.89,
            "debt_ratio": 58.73,
            "inventory_turnover_ratio": 0.2,
            "account_receivable_turnover_ratio": 1.62,
            "reinvestment_rate": null,
            "research_to_sale_ratio": 3.42,
            "price_fair": 0,
            "eps_avg_yearly": 0,
            "eps_latest_yearly": 0,
            "eps_growth_yearly": 0
        },
        "20114": {
            "year_quarter": 20114,
            "year": 2011,
            "quarter": 4,
            "eps": 1.74,
            "eps_growth_year": null,
            "eps_4q": 1.26,
            "eps_4q_growth_year": null,
            "roe": 17.98,
            "roe_4q": 11.7,
            "gross_profit": -48252,
            "gross_margin": -18.65,
            "gross_margin_4q_avg": -2.08,
            "net_income": 274341,
            "net_income_4q": null,
            "revenue": 258668,
            "revenue_4q": null,
            "common_shares": 1604053,
            "book_valuer_per_share": 9.66,
            "book_valuer_per_share_4q_avg": 8.41,
            "equity": 1663401,
            "current_ratio": 223.37,
            "debt_ratio": 42.24,
            "inventory_turnover_ratio": 0.28,
            "account_receivable_turnover_ratio": 2.14,
            "reinvestment_rate": null,
            "research_to_sale_ratio": 3.01,
            "price_fair": 0,
            "eps_avg_yearly": 0,
            "eps_latest_yearly": 0,
            "eps_growth_yearly": 0
        },
        "20121": {
            "year_quarter": 20121,
            "year": 2012,
            "quarter": 1,
            "eps": 0.36,
            "eps_growth_year": 100,
            "eps_4q": 1.08,
            "eps_4q_growth_year": null,
            "roe": -3.87,
            "roe_4q": 10.059999999999999,
            "gross_profit": -2681,
            "gross_margin": -0.95,
            "gross_margin_4q_avg": -3.19,
            "net_income": -62943,
            "net_income_4q": null,
            "revenue": 282673,
            "revenue_4q": null,
            "common_shares": 1604053,
            "book_valuer_per_share": 9.26,
            "book_valuer_per_share_4q_avg": 8.68,
            "equity": 1593088,
            "current_ratio": 177.82,
            "debt_ratio": 43.06,
            "inventory_turnover_ratio": 0.28,
            "account_receivable_turnover_ratio": 2.19,
            "reinvestment_rate": null,
            "research_to_sale_ratio": 2.58,
            "price_fair": 4.32,
            "eps_avg_yearly": 1.44,
            "eps_latest_yearly": 1.44,
            "eps_growth_yearly": -317.24
        },
        "20122": {
            "year_quarter": 20122,
            "year": 2012,
            "quarter": 2,
            "eps": -0.34,
            "eps_growth_year": null,
            "eps_4q": 0.92,
            "eps_4q_growth_year": null,
            "roe": -3.81,
            "roe_4q": 8.57,
            "gross_profit": -27255,
            "gross_margin": -11.74,
            "gross_margin_4q_avg": -7.6,
            "net_income": -58925,
            "net_income_4q": null,
            "revenue": 232163,
            "revenue_4q": null,
            "common_shares": 1604053,
            "book_valuer_per_share": 8.93,
            "book_valuer_per_share_4q_avg": 8.94,
            "equity": 1503962,
            "current_ratio": 174.14,
            "debt_ratio": 44.9,
            "inventory_turnover_ratio": 0.27,
            "account_receivable_turnover_ratio": 1.97,
            "reinvestment_rate": null,
            "research_to_sale_ratio": 2.78,
            "price_fair": 4.32,
            "eps_avg_yearly": 1.44,
            "eps_latest_yearly": 1.44,
            "eps_growth_yearly": -317.24
        },
        "20123": {
            "year_quarter": 20123,
            "year": 2012,
            "quarter": 3,
            "eps": -0.48,
            "eps_growth_year": null,
            "eps_4q": 0.56,
            "eps_4q_growth_year": null,
            "roe": -5.73,
            "roe_4q": 4.57,
            "gross_profit": -12690,
            "gross_margin": -8.66,
            "gross_margin_4q_avg": -10,
            "net_income": -83558,
            "net_income_4q": null,
            "revenue": 146456,
            "revenue_4q": null,
            "common_shares": 1604053,
            "book_valuer_per_share": 8.42,
            "book_valuer_per_share_4q_avg": 9.07,
            "equity": 1414763,
            "current_ratio": 172.99,
            "debt_ratio": 45.01,
            "inventory_turnover_ratio": 0.17,
            "account_receivable_turnover_ratio": 2,
            "reinvestment_rate": null,
            "research_to_sale_ratio": 4.8,
            "price_fair": 4.32,
            "eps_avg_yearly": 1.44,
            "eps_latest_yearly": 1.44,
            "eps_growth_yearly": -317.24
        },
        "20124": {
            "year_quarter": 20124,
            "year": 2012,
            "quarter": 4,
            "eps": -0.4,
            "eps_growth_year": -123.24,
            "eps_4q": -1.58,
            "eps_4q_growth_year": -225.3,
            "roe": -5.03,
            "roe_4q": -18.44,
            "gross_profit": -44364,
            "gross_margin": -30.62,
            "gross_margin_4q_avg": -12.99,
            "net_income": -69451,
            "net_income_4q": null,
            "revenue": 144889,
            "revenue_4q": null,
            "common_shares": 1604053,
            "book_valuer_per_share": 8.02,
            "book_valuer_per_share_4q_avg": 8.66,
            "equity": 1346732,
            "current_ratio": 170.98,
            "debt_ratio": 45.54,
            "inventory_turnover_ratio": 0.21,
            "account_receivable_turnover_ratio": 3.43,
            "reinvestment_rate": null,
            "research_to_sale_ratio": 4.11,
            "price_fair": 4.32,
            "eps_avg_yearly": 1.44,
            "eps_latest_yearly": 1.44,
            "eps_growth_yearly": -317.24
        },
        "20131": {
            "year_quarter": 20131,
            "year": 2013,
            "quarter": 1,
            "eps": -0.11,
            "eps_growth_year": -130.56,
            "eps_4q": -1.33,
            "eps_4q_growth_year": -223.38,
            "roe": -1.67,
            "roe_4q": -16.24,
            "gross_profit": 5495,
            "gross_margin": 2.7,
            "gross_margin_4q_avg": -12.08,
            "net_income": -22278,
            "net_income_4q": null,
            "revenue": 203275,
            "revenue_4q": null,
            "common_shares": 1604053,
            "book_valuer_per_share": 7.88,
            "book_valuer_per_share_4q_avg": 8.31,
            "equity": 1320610,
            "current_ratio": 161.81,
            "debt_ratio": 47.76,
            "inventory_turnover_ratio": 0.22,
            "account_receivable_turnover_ratio": 3.74,
            "reinvestment_rate": null,
            "research_to_sale_ratio": 1.69,
            "price_fair": 4.32,
            "eps_avg_yearly": 1.44,
            "eps_latest_yearly": 1.44,
            "eps_growth_yearly": -317.24
        },
        "20132": {
            "year_quarter": 20132,
            "year": 2013,
            "quarter": 2,
            "eps": 0,
            "eps_growth_year": null,
            "eps_4q": -0.99,
            "eps_4q_growth_year": -207.95,
            "roe": 0.04,
            "roe_4q": -12.39,
            "gross_profit": 41957,
            "gross_margin": 16.61,
            "gross_margin_4q_avg": -4.99,
            "net_income": 491,
            "net_income_4q": null,
            "revenue": 252635,
            "revenue_4q": null,
            "common_shares": 1604053,
            "book_valuer_per_share": 7.91,
            "book_valuer_per_share_4q_avg": 8.06,
            "equity": 1325662,
            "current_ratio": 166.04,
            "debt_ratio": 47.48,
            "inventory_turnover_ratio": 0.24,
            "account_receivable_turnover_ratio": 3.09,
            "reinvestment_rate": null,
            "research_to_sale_ratio": 0.73,
            "price_fair": 4.32,
            "eps_avg_yearly": 1.44,
            "eps_latest_yearly": 1.44,
            "eps_growth_yearly": -317.24
        },
        "20133": {
            "year_quarter": 20133,
            "year": 2013,
            "quarter": 3,
            "eps": -0.27,
            "eps_growth_year": null,
            "eps_4q": -0.78,
            "eps_4q_growth_year": -238.73,
            "roe": -3.38,
            "roe_4q": -10.04,
            "gross_profit": 25330,
            "gross_margin": 14.67,
            "gross_margin_4q_avg": 0.84,
            "net_income": -43990,
            "net_income_4q": null,
            "revenue": 172688,
            "revenue_4q": null,
            "common_shares": 1604053,
            "book_valuer_per_share": 7.63,
            "book_valuer_per_share_4q_avg": 7.86,
            "equity": 1279840,
            "current_ratio": 147.13,
            "debt_ratio": 48.22,
            "inventory_turnover_ratio": 0.17,
            "account_receivable_turnover_ratio": 2.05,
            "reinvestment_rate": null,
            "research_to_sale_ratio": 0.38,
            "price_fair": 4.32,
            "eps_avg_yearly": 1.44,
            "eps_latest_yearly": 1.44,
            "eps_growth_yearly": -317.24
        },
        "20134": {
            "year_quarter": 20134,
            "year": 2013,
            "quarter": 4,
            "eps": 0.08,
            "eps_growth_year": null,
            "eps_4q": -0.3,
            "eps_4q_growth_year": null,
            "roe": 1.29,
            "roe_4q": -3.7199999999999998,
            "gross_profit": 37757,
            "gross_margin": 27.44,
            "gross_margin_4q_avg": 15.36,
            "net_income": 16689,
            "net_income_4q": null,
            "revenue": 137621,
            "revenue_4q": null,
            "common_shares": 1604053,
            "book_valuer_per_share": 7.73,
            "book_valuer_per_share_4q_avg": 7.79,
            "equity": 1300934,
            "current_ratio": 179.37,
            "debt_ratio": 47.21,
            "inventory_turnover_ratio": 0.11,
            "account_receivable_turnover_ratio": 1.89,
            "reinvestment_rate": null,
            "research_to_sale_ratio": 0.59,
            "price_fair": 4.32,
            "eps_avg_yearly": 1.44,
            "eps_latest_yearly": 1.44,
            "eps_growth_yearly": -317.24
        },
        "20141": {
            "year_quarter": 20141,
            "year": 2014,
            "quarter": 1,
            "eps": -0.11,
            "eps_growth_year": null,
            "eps_4q": -0.3,
            "eps_4q_growth_year": null,
            "roe": -1.68,
            "roe_4q": -3.7299999999999995,
            "gross_profit": 16306,
            "gross_margin": 7.86,
            "gross_margin_4q_avg": 16.65,
            "net_income": -21701,
            "net_income_4q": null,
            "revenue": 207446,
            "revenue_4q": null,
            "common_shares": 1604053,
            "book_valuer_per_share": 7.64,
            "book_valuer_per_share_4q_avg": 7.73,
            "equity": 1282210,
            "current_ratio": 168.74,
            "debt_ratio": 49.43,
            "inventory_turnover_ratio": 0.21,
            "account_receivable_turnover_ratio": 1.83,
            "reinvestment_rate": null,
            "research_to_sale_ratio": 0.32,
            "price_fair": 4.32,
            "eps_avg_yearly": 1.44,
            "eps_latest_yearly": 1.44,
            "eps_growth_yearly": -317.24
        },
        "20142": {
            "year_quarter": 20142,
            "year": 2014,
            "quarter": 2,
            "eps": 0.04,
            "eps_growth_year": null,
            "eps_4q": -0.34,
            "eps_4q_growth_year": null,
            "roe": -0.26,
            "roe_4q": -4.029999999999999,
            "gross_profit": 58833,
            "gross_margin": 33.3,
            "gross_margin_4q_avg": 20.82,
            "net_income": -3301,
            "net_income_4q": null,
            "revenue": 176702,
            "revenue_4q": null,
            "common_shares": 1604053,
            "book_valuer_per_share": 7.57,
            "book_valuer_per_share_4q_avg": 7.64,
            "equity": 1274394,
            "current_ratio": 180.18,
            "debt_ratio": 47.57,
            "inventory_turnover_ratio": 0.13,
            "account_receivable_turnover_ratio": 1.3,
            "reinvestment_rate": null,
            "research_to_sale_ratio": 0.37,
            "price_fair": 4.32,
            "eps_avg_yearly": 1.44,
            "eps_latest_yearly": 1.44,
            "eps_growth_yearly": -317.24
        },
        "20143": {
            "year_quarter": 20143,
            "year": 2014,
            "quarter": 3,
            "eps": -0.08,
            "eps_growth_year": null,
            "eps_4q": -0.15,
            "eps_4q_growth_year": null,
            "roe": -1.26,
            "roe_4q": -1.9100000000000001,
            "gross_profit": 2662,
            "gross_margin": 2.34,
            "gross_margin_4q_avg": 17.74,
            "net_income": -16003,
            "net_income_4q": null,
            "revenue": 113664,
            "revenue_4q": null,
            "common_shares": 1604053,
            "book_valuer_per_share": 7.51,
            "book_valuer_per_share_4q_avg": 7.61,
            "equity": 1262273,
            "current_ratio": 167.99,
            "debt_ratio": 47.75,
            "inventory_turnover_ratio": 0.12,
            "account_receivable_turnover_ratio": 1.16,
            "reinvestment_rate": null,
            "research_to_sale_ratio": 0.38,
            "price_fair": 4.32,
            "eps_avg_yearly": 1.44,
            "eps_latest_yearly": 1.44,
            "eps_growth_yearly": -317.24
        },
        "20144": {
            "year_quarter": 20144,
            "year": 2014,
            "quarter": 4,
            "eps": -0.13,
            "eps_growth_year": -259.27,
            "eps_4q": -0.36,
            "eps_4q_growth_year": null,
            "roe": -2.03,
            "roe_4q": -5.2299999999999995,
            "gross_profit": -31751,
            "gross_margin": -35.07,
            "gross_margin_4q_avg": 2.11,
            "net_income": -25412,
            "net_income_4q": null,
            "revenue": 90524,
            "revenue_4q": null,
            "common_shares": 1604053,
            "book_valuer_per_share": 7.41,
            "book_valuer_per_share_4q_avg": 7.53,
            "equity": 1242420,
            "current_ratio": 221.44,
            "debt_ratio": 50.17,
            "inventory_turnover_ratio": 0.13,
            "account_receivable_turnover_ratio": 1.34,
            "reinvestment_rate": null,
            "research_to_sale_ratio": 2.82,
            "price_fair": 4.32,
            "eps_avg_yearly": 1.44,
            "eps_latest_yearly": 1.44,
            "eps_growth_yearly": -317.24
        },
        "20151": {
            "year_quarter": 20151,
            "year": 2015,
            "quarter": 1,
            "eps": -0.5,
            "eps_growth_year": null,
            "eps_4q": -0.3,
            "eps_4q_growth_year": null,
            "roe": -0.86,
            "roe_4q": -4.409999999999999,
            "gross_profit": 24310,
            "gross_margin": 14.1,
            "gross_margin_4q_avg": 3.67,
            "net_income": -10604,
            "net_income_4q": null,
            "revenue": 172361,
            "revenue_4q": null,
            "common_shares": 1604053,
            "book_valuer_per_share": 7.34,
            "book_valuer_per_share_4q_avg": 7.46,
            "equity": 1229171,
            "current_ratio": 231.47,
            "debt_ratio": 49.52,
            "inventory_turnover_ratio": 0.17,
            "account_receivable_turnover_ratio": 2.52,
            "reinvestment_rate": null,
            "research_to_sale_ratio": 0.62,
            "price_fair": 4.32,
            "eps_avg_yearly": 1.44,
            "eps_latest_yearly": 1.44,
            "eps_growth_yearly": -317.24
        },
        "20152": {
            "year_quarter": 20152,
            "year": 2015,
            "quarter": 2,
            "eps": -0.09,
            "eps_growth_year": -325,
            "eps_4q": -0.35,
            "eps_4q_growth_year": null,
            "roe": -1.26,
            "roe_4q": -5.41,
            "gross_profit": 28109,
            "gross_margin": 15.01,
            "gross_margin_4q_avg": -0.91,
            "net_income": -15422,
            "net_income_4q": null,
            "revenue": 187315,
            "revenue_4q": null,
            "common_shares": 1604053,
            "book_valuer_per_share": 7.24,
            "book_valuer_per_share_4q_avg": 7.38,
            "equity": 1211949,
            "current_ratio": 206.45,
            "debt_ratio": 51.6,
            "inventory_turnover_ratio": 0.18,
            "account_receivable_turnover_ratio": 2.11,
            "reinvestment_rate": null,
            "research_to_sale_ratio": 0.95,
            "price_fair": 4.32,
            "eps_avg_yearly": 1.44,
            "eps_latest_yearly": 1.44,
            "eps_growth_yearly": -317.24
        },
        "20153": {
            "year_quarter": 20153,
            "year": 2015,
            "quarter": 3,
            "eps": -0.08,
            "eps_growth_year": null,
            "eps_4q": -0.35,
            "eps_4q_growth_year": null,
            "roe": -1.38,
            "roe_4q": -5.529999999999999,
            "gross_profit": -415,
            "gross_margin": -0.45,
            "gross_margin_4q_avg": -1.6,
            "net_income": -16674,
            "net_income_4q": null,
            "revenue": 92819,
            "revenue_4q": null,
            "common_shares": 1604053,
            "book_valuer_per_share": 7.18,
            "book_valuer_per_share_4q_avg": 7.29,
            "equity": 1199105,
            "current_ratio": 211.78,
            "debt_ratio": 51.3,
            "inventory_turnover_ratio": 0.11,
            "account_receivable_turnover_ratio": 1.13,
            "reinvestment_rate": null,
            "research_to_sale_ratio": 1.24,
            "price_fair": 4.32,
            "eps_avg_yearly": 1.44,
            "eps_latest_yearly": 1.44,
            "eps_growth_yearly": -317.24
        },
        "20154": {
            "year_quarter": 20154,
            "year": 2015,
            "quarter": 4,
            "eps": -0.1,
            "eps_growth_year": null,
            "eps_4q": -0.33,
            "eps_4q_growth_year": null,
            "roe": -1.46,
            "roe_4q": -4.96,
            "gross_profit": 24392,
            "gross_margin": 18.79,
            "gross_margin_4q_avg": 11.86,
            "net_income": -17409,
            "net_income_4q": null,
            "revenue": 129790,
            "revenue_4q": null,
            "common_shares": 1604053,
            "book_valuer_per_share": 7.06,
            "book_valuer_per_share_4q_avg": 7.21,
            "equity": 1178228,
            "current_ratio": 173.32,
            "debt_ratio": 51.78,
            "inventory_turnover_ratio": 0.13,
            "account_receivable_turnover_ratio": 2.08,
            "reinvestment_rate": null,
            "research_to_sale_ratio": 1.04,
            "price_fair": 4.32,
            "eps_avg_yearly": 1.44,
            "eps_latest_yearly": 1.44,
            "eps_growth_yearly": -317.24
        },
        "20161": {
            "year_quarter": 20161,
            "year": 2016,
            "quarter": 1,
            "eps": -0.01,
            "eps_growth_year": null,
            "eps_4q": -0.28,
            "eps_4q_growth_year": null,
            "roe": -0.11,
            "roe_4q": -4.21,
            "gross_profit": 39307,
            "gross_margin": 25.87,
            "gross_margin_4q_avg": 14.81,
            "net_income": -1256,
            "net_income_4q": null,
            "revenue": 151961,
            "revenue_4q": null,
            "common_shares": 1604053,
            "book_valuer_per_share": 7.04,
            "book_valuer_per_share_4q_avg": 7.13,
            "equity": 1174717,
            "current_ratio": 172.55,
            "debt_ratio": 52.26,
            "inventory_turnover_ratio": 0.14,
            "account_receivable_turnover_ratio": 2.34,
            "reinvestment_rate": null,
            "research_to_sale_ratio": 0.78,
            "price_fair": 0,
            "eps_avg_yearly": 0,
            "eps_latest_yearly": 0,
            "eps_growth_yearly": 0
        },
        "20162": {
            "year_quarter": 20162,
            "year": 2016,
            "quarter": 2,
            "eps": -0.05,
            "eps_growth_year": null,
            "eps_4q": -0.14,
            "eps_4q_growth_year": null,
            "roe": 0.81,
            "roe_4q": -2.1399999999999997,
            "gross_profit": 57598,
            "gross_margin": 32.11,
            "gross_margin_4q_avg": 19.08,
            "net_income": 9585,
            "net_income_4q": null,
            "revenue": 179388,
            "revenue_4q": null,
            "common_shares": 1604053,
            "book_valuer_per_share": 7.07,
            "book_valuer_per_share_4q_avg": 7.09,
            "equity": 1180606,
            "current_ratio": 165.61,
            "debt_ratio": 52.62,
            "inventory_turnover_ratio": 0.15,
            "account_receivable_turnover_ratio": 2.7,
            "reinvestment_rate": null,
            "research_to_sale_ratio": 0.9,
            "price_fair": 0,
            "eps_avg_yearly": 0,
            "eps_latest_yearly": 0,
            "eps_growth_yearly": 0
        },
        "20163": {
            "year_quarter": 20163,
            "year": 2016,
            "quarter": 3,
            "eps": -0.19,
            "eps_growth_year": null,
            "eps_4q": -0.25,
            "eps_4q_growth_year": null,
            "roe": -2.82,
            "roe_4q": -3.5799999999999996,
            "gross_profit": 25863,
            "gross_margin": 24.28,
            "gross_margin_4q_avg": 25.26,
            "net_income": -32714,
            "net_income_4q": null,
            "revenue": 106518,
            "revenue_4q": null,
            "common_shares": 1604053,
            "book_valuer_per_share": 6.85,
            "book_valuer_per_share_4q_avg": 7.01,
            "equity": 1141588,
            "current_ratio": 171.75,
            "debt_ratio": 52.7,
            "inventory_turnover_ratio": 0.1,
            "account_receivable_turnover_ratio": 2.14,
            "reinvestment_rate": null,
            "research_to_sale_ratio": 1.49,
            "price_fair": 0,
            "eps_avg_yearly": 0,
            "eps_latest_yearly": 0,
            "eps_growth_yearly": 0
        },
        "20164": {
            "year_quarter": 20164,
            "year": 2016,
            "quarter": 4,
            "eps": -0.1,
            "eps_growth_year": null,
            "eps_4q": -0.25,
            "eps_4q_growth_year": null,
            "roe": -1.86,
            "roe_4q": -3.9799999999999995,
            "gross_profit": 13076,
            "gross_margin": 9.43,
            "gross_margin_4q_avg": 22.92,
            "net_income": -21099,
            "net_income_4q": null,
            "revenue": 138665,
            "revenue_4q": null,
            "common_shares": 1604053,
            "book_valuer_per_share": 6.76,
            "book_valuer_per_share_4q_avg": 6.93,
            "equity": 1122496,
            "current_ratio": 204.24,
            "debt_ratio": 53.71,
            "inventory_turnover_ratio": 0.16,
            "account_receivable_turnover_ratio": 2.93,
            "reinvestment_rate": null,
            "research_to_sale_ratio": 0.96,
            "price_fair": 0,
            "eps_avg_yearly": 0,
            "eps_latest_yearly": 0,
            "eps_growth_yearly": 0
        },
        "20171": {
            "year_quarter": 20171,
            "year": 2017,
            "quarter": 1,
            "eps": -0.08,
            "eps_growth_year": null,
            "eps_4q": -0.32,
            "eps_4q_growth_year": null,
            "roe": -0.98,
            "roe_4q": -4.85,
            "gross_profit": 46400,
            "gross_margin": 29.62,
            "gross_margin_4q_avg": 23.86,
            "net_income": -10935,
            "net_income_4q": null,
            "revenue": 156675,
            "revenue_4q": null,
            "common_shares": 1604053,
            "book_valuer_per_share": 6.63,
            "book_valuer_per_share_4q_avg": 6.83,
            "equity": 1102350,
            "current_ratio": 206.07,
            "debt_ratio": 53.78,
            "inventory_turnover_ratio": 0.14,
            "account_receivable_turnover_ratio": 2.51,
            "reinvestment_rate": null,
            "research_to_sale_ratio": 0.77,
            "price_fair": 0,
            "eps_avg_yearly": 0,
            "eps_latest_yearly": 0,
            "eps_growth_yearly": 0
        },
        "20172": {
            "year_quarter": 20172,
            "year": 2017,
            "quarter": 2,
            "eps": -0.03,
            "eps_growth_year": null,
            "eps_4q": -0.41,
            "eps_4q_growth_year": null,
            "roe": -0.54,
            "roe_4q": -6.199999999999999,
            "gross_profit": 21704,
            "gross_margin": 11.52,
            "gross_margin_4q_avg": 18.71,
            "net_income": -5953,
            "net_income_4q": null,
            "revenue": 188439,
            "revenue_4q": null,
            "common_shares": 1604053,
            "book_valuer_per_share": 6.61,
            "book_valuer_per_share_4q_avg": 6.71,
            "equity": 1099135,
            "current_ratio": 165.81,
            "debt_ratio": 55.01,
            "inventory_turnover_ratio": 0.21,
            "account_receivable_turnover_ratio": 2.21,
            "reinvestment_rate": null,
            "research_to_sale_ratio": 0.7,
            "price_fair": 0,
            "eps_avg_yearly": 0,
            "eps_latest_yearly": 0,
            "eps_growth_yearly": 0
        },
        "20173": {
            "year_quarter": 20173,
            "year": 2017,
            "quarter": 3,
            "eps": -0.27,
            "eps_growth_year": null,
            "eps_4q": -0.48,
            "eps_4q_growth_year": null,
            "roe": -4.54,
            "roe_4q": -7.920000000000001,
            "gross_profit": -10739,
            "gross_margin": -8.72,
            "gross_margin_4q_avg": 10.46,
            "net_income": -48845,
            "net_income_4q": null,
            "revenue": 123158,
            "revenue_4q": null,
            "common_shares": 1604053,
            "book_valuer_per_share": 6.35,
            "book_valuer_per_share_4q_avg": 6.59,
            "equity": 1051075,
            "current_ratio": 161.55,
            "debt_ratio": 55.76,
            "inventory_turnover_ratio": 0.17,
            "account_receivable_turnover_ratio": 1.5,
            "reinvestment_rate": null,
            "research_to_sale_ratio": 1.11,
            "price_fair": 0,
            "eps_avg_yearly": 0,
            "eps_latest_yearly": 0,
            "eps_growth_yearly": 0
        },
        "20174": {
            "year_quarter": 20174,
            "year": 2017,
            "quarter": 4,
            "eps": -0.21,
            "eps_growth_year": null,
            "eps_4q": -0.59,
            "eps_4q_growth_year": null,
            "roe": -3.58,
            "roe_4q": -9.64,
            "gross_profit": -11456,
            "gross_margin": -8.73,
            "gross_margin_4q_avg": 5.92,
            "net_income": -36968,
            "net_income_4q": null,
            "revenue": 131194,
            "revenue_4q": null,
            "common_shares": 1604053,
            "book_valuer_per_share": 6.14,
            "book_valuer_per_share_4q_avg": 6.43,
            "equity": 1014664,
            "current_ratio": 159.58,
            "debt_ratio": 56.27,
            "inventory_turnover_ratio": 0.19,
            "account_receivable_turnover_ratio": 1.99,
            "reinvestment_rate": null,
            "research_to_sale_ratio": 2.39,
            "price_fair": 0,
            "eps_avg_yearly": 0,
            "eps_latest_yearly": 0,
            "eps_growth_yearly": 0
        },
        "20181": {
            "year_quarter": 20181,
            "year": 2018,
            "quarter": 1,
            "eps": -0.1,
            "eps_growth_year": null,
            "eps_4q": -0.61,
            "eps_4q_growth_year": null,
            "roe": -1.66,
            "roe_4q": -10.32,
            "gross_profit": 27608,
            "gross_margin": 16.18,
            "gross_margin_4q_avg": 2.56,
            "net_income": -16748,
            "net_income_4q": null,
            "revenue": 170630,
            "revenue_4q": null,
            "common_shares": 1604053,
            "book_valuer_per_share": 6.08,
            "book_valuer_per_share_4q_avg": 6.3,
            "equity": 1005487,
            "current_ratio": 147.23,
            "debt_ratio": 59.19,
            "inventory_turnover_ratio": 0.18,
            "account_receivable_turnover_ratio": 2.38,
            "reinvestment_rate": null,
            "research_to_sale_ratio": 1.17,
            "price_fair": 0,
            "eps_avg_yearly": 0,
            "eps_latest_yearly": 0,
            "eps_growth_yearly": 0
        },
        "20182": {
            "year_quarter": 20182,
            "year": 2018,
            "quarter": 2,
            "eps": 0.22,
            "eps_growth_year": null,
            "eps_4q": -0.36,
            "eps_4q_growth_year": null,
            "roe": 3.6,
            "roe_4q": -6.18,
            "gross_profit": 63485,
            "gross_margin": 21.96,
            "gross_margin_4q_avg": 5.17,
            "net_income": 36920,
            "net_income_4q": null,
            "revenue": 289090,
            "revenue_4q": null,
            "common_shares": 1604053,
            "book_valuer_per_share": 6.32,
            "book_valuer_per_share_4q_avg": 6.22,
            "equity": 1044535,
            "current_ratio": 146.09,
            "debt_ratio": 58.66,
            "inventory_turnover_ratio": 0.28,
            "account_receivable_turnover_ratio": 3.05,
            "reinvestment_rate": null,
            "research_to_sale_ratio": 1.94,
            "price_fair": 0,
            "eps_avg_yearly": 0,
            "eps_latest_yearly": 0,
            "eps_growth_yearly": 0
        },
        "20183": {
            "year_quarter": 20183,
            "year": 2018,
            "quarter": 3,
            "eps": 0.14,
            "eps_growth_year": null,
            "eps_4q": 0.04,
            "eps_4q_growth_year": null,
            "roe": 2.05,
            "roe_4q": 0.41000000000000014,
            "gross_profit": 24219,
            "gross_margin": 10.42,
            "gross_margin_4q_avg": 9.96,
            "net_income": 21645,
            "net_income_4q": null,
            "revenue": 232536,
            "revenue_4q": null,
            "common_shares": 1604053,
            "book_valuer_per_share": 6.46,
            "book_valuer_per_share_4q_avg": 6.25,
            "equity": 1066732,
            "current_ratio": 155.54,
            "debt_ratio": 57.54,
            "inventory_turnover_ratio": 0.26,
            "account_receivable_turnover_ratio": 2.47,
            "reinvestment_rate": null,
            "research_to_sale_ratio": 1.52,
            "price_fair": 1.68,
            "eps_avg_yearly": 0.56,
            "eps_latest_yearly": 0.56,
            "eps_growth_yearly": -145.45
        },
        "20184": {
            "year_quarter": 20184,
            "year": 2018,
            "quarter": 4,
            "eps": -0.01,
            "eps_growth_year": null,
            "eps_4q": 0.24,
            "eps_4q_growth_year": null,
            "roe": -0.1,
            "roe_4q": 3.8899999999999997,
            "gross_profit": 23556,
            "gross_margin": 10.3,
            "gross_margin_4q_avg": 14.72,
            "net_income": -1114,
            "net_income_4q": null,
            "revenue": 228783,
            "revenue_4q": null,
            "common_shares": 1604053,
            "book_valuer_per_share": 6.42,
            "book_valuer_per_share_4q_avg": 6.32,
            "equity": 1061179,
            "current_ratio": 231.53,
            "debt_ratio": 57.21,
            "inventory_turnover_ratio": 0.26,
            "account_receivable_turnover_ratio": 2.94,
            "reinvestment_rate": null,
            "research_to_sale_ratio": 0.9,
            "price_fair": 1.68,
            "eps_avg_yearly": 0.56,
            "eps_latest_yearly": 0.56,
            "eps_growth_yearly": -145.45
        },
        "20191": {
            "year_quarter": 20191,
            "year": 2019,
            "quarter": 1,
            "eps": 0.1,
            "eps_growth_year": null,
            "eps_4q": 0.45,
            "eps_4q_growth_year": null,
            "roe": 1.76,
            "roe_4q": 7.3100000000000005,
            "gross_profit": 47713,
            "gross_margin": 20.27,
            "gross_margin_4q_avg": 15.74,
            "net_income": 19129,
            "net_income_4q": null,
            "revenue": 235440,
            "revenue_4q": null,
            "common_shares": 1604053,
            "book_valuer_per_share": 6.73,
            "book_valuer_per_share_4q_avg": 6.48,
            "equity": 1113734,
            "current_ratio": 222.19,
            "debt_ratio": 57.25,
            "inventory_turnover_ratio": 0.24,
            "account_receivable_turnover_ratio": 2.67,
            "reinvestment_rate": null,
            "research_to_sale_ratio": 0.55,
            "price_fair": 1.68,
            "eps_avg_yearly": 0.56,
            "eps_latest_yearly": 0.56,
            "eps_growth_yearly": -145.45
        },
        "20192": {
            "year_quarter": 20192,
            "year": 2019,
            "quarter": 2,
            "eps": 0.14,
            "eps_growth_year": -36.36,
            "eps_4q": 0.37,
            "eps_4q_growth_year": null,
            "roe": 2.09,
            "roe_4q": 5.799999999999999,
            "gross_profit": 54119,
            "gross_margin": 19.17,
            "gross_margin_4q_avg": 15.04,
            "net_income": 23343,
            "net_income_4q": null,
            "revenue": 282309,
            "revenue_4q": null,
            "common_shares": 1604053,
            "book_valuer_per_share": 6.86,
            "book_valuer_per_share_4q_avg": 6.62,
            "equity": 1124969,
            "current_ratio": 187.18,
            "debt_ratio": 56.51,
            "inventory_turnover_ratio": 0.28,
            "account_receivable_turnover_ratio": 3.25,
            "reinvestment_rate": null,
            "research_to_sale_ratio": 0.56,
            "price_fair": 9.67,
            "eps_avg_yearly": 0.56,
            "eps_latest_yearly": 0.56,
            "eps_growth_yearly": 7.27
        },
        "20193": {
            "year_quarter": 20193,
            "year": 2019,
            "quarter": 3,
            "eps": 0.04,
            "eps_growth_year": -71.43,
            "eps_4q": 0.27,
            "eps_4q_growth_year": 524.91,
            "roe": 0.66,
            "roe_4q": 4.41,
            "gross_profit": 35393,
            "gross_margin": 13.94,
            "gross_margin_4q_avg": 15.92,
            "net_income": 7459,
            "net_income_4q": null,
            "revenue": 253813,
            "revenue_4q": null,
            "common_shares": 1604053,
            "book_valuer_per_share": 6.88,
            "book_valuer_per_share_4q_avg": 6.72,
            "equity": 1128233,
            "current_ratio": 195.2,
            "debt_ratio": 55.47,
            "inventory_turnover_ratio": 0.27,
            "account_receivable_turnover_ratio": 3.26,
            "reinvestment_rate": null,
            "research_to_sale_ratio": 0.88,
            "price_fair": 1.28,
            "eps_avg_yearly": 0.43,
            "eps_latest_yearly": 0.16,
            "eps_growth_yearly": -90.39
        },
        "20194": {
            "year_quarter": 20194,
            "year": 2019,
            "quarter": 4,
            "eps": 0.03,
            "eps_growth_year": null,
            "eps_4q": 0.31,
            "eps_4q_growth_year": 29.67,
            "roe": 0.18,
            "roe_4q": 4.6899999999999995,
            "gross_profit": -77996,
            "gross_margin": -32.75,
            "gross_margin_4q_avg": 5.16,
            "net_income": 2063,
            "net_income_4q": null,
            "revenue": 238182,
            "revenue_4q": null,
            "common_shares": 1604053,
            "book_valuer_per_share": 7.24,
            "book_valuer_per_share_4q_avg": 6.93,
            "equity": 1181595,
            "current_ratio": 188.66,
            "debt_ratio": 54.3,
            "inventory_turnover_ratio": 0.42,
            "account_receivable_turnover_ratio": 3.36,
            "reinvestment_rate": null,
            "research_to_sale_ratio": 0.92,
            "price_fair": 1.05,
            "eps_avg_yearly": 0.35,
            "eps_latest_yearly": 0.12,
            "eps_growth_yearly": -92.79
        },
        "20201": {
            "year_quarter": 20201,
            "year": 2020,
            "quarter": 1,
            "eps": 0.18,
            "eps_growth_year": 80,
            "eps_4q": 0.39,
            "eps_4q_growth_year": -13.3,
            "roe": 2.48,
            "roe_4q": 5.41,
            "gross_profit": 45220,
            "gross_margin": 18.57,
            "gross_margin_4q_avg": 4.73,
            "net_income": 29523,
            "net_income_4q": null,
            "revenue": 243559,
            "revenue_4q": null,
            "common_shares": 1604053,
            "book_valuer_per_share": 7.32,
            "book_valuer_per_share_4q_avg": 7.08,
            "equity": 1196978,
            "current_ratio": 190.57,
            "debt_ratio": 54.14,
            "inventory_turnover_ratio": 0.28,
            "account_receivable_turnover_ratio": 3.48,
            "reinvestment_rate": null,
            "research_to_sale_ratio": 1.07,
            "price_fair": 14.84,
            "eps_avg_yearly": 0.42,
            "eps_latest_yearly": 0.72,
            "eps_growth_yearly": 325.77
        },
        "20202": {
            "year_quarter": 20202,
            "year": 2020,
            "quarter": 2,
            "eps": -0.04,
            "eps_growth_year": -128.57,
            "eps_4q": 0.21,
            "eps_4q_growth_year": -43.71,
            "roe": -0.42,
            "roe_4q": 2.9000000000000004,
            "gross_profit": 38055,
            "gross_margin": 14.55,
            "gross_margin_4q_avg": 3.58,
            "net_income": -5022,
            "net_income_4q": null,
            "revenue": 261502,
            "revenue_4q": null,
            "common_shares": 1604053,
            "book_valuer_per_share": 7.45,
            "book_valuer_per_share_4q_avg": 7.22,
            "equity": 1218151,
            "current_ratio": 174.2,
            "debt_ratio": 55.92,
            "inventory_turnover_ratio": 0.32,
            "account_receivable_turnover_ratio": 4.03,
            "reinvestment_rate": null,
            "research_to_sale_ratio": 0.59,
            "price_fair": 14.84,
            "eps_avg_yearly": 0.42,
            "eps_latest_yearly": 0.72,
            "eps_growth_yearly": 325.77
        },
        "20203": {
            "year_quarter": 20203,
            "year": 2020,
            "quarter": 3,
            "eps": 0.13,
            "eps_growth_year": 225,
            "eps_4q": 0.3,
            "eps_4q_growth_year": 8.87,
            "roe": 1.79,
            "roe_4q": 4.03,
            "gross_profit": 31929,
            "gross_margin": 14.39,
            "gross_margin_4q_avg": 3.69,
            "net_income": 22385,
            "net_income_4q": null,
            "revenue": 221876,
            "revenue_4q": null,
            "common_shares": 1604053,
            "book_valuer_per_share": 7.81,
            "book_valuer_per_share_4q_avg": 7.46,
            "equity": 1281347,
            "current_ratio": 182.69,
            "debt_ratio": 52.44,
            "inventory_turnover_ratio": 0.28,
            "account_receivable_turnover_ratio": 4.52,
            "reinvestment_rate": -92.22,
            "research_to_sale_ratio": 1.02,
            "price_fair": 14.84,
            "eps_avg_yearly": 0.42,
            "eps_latest_yearly": 0.72,
            "eps_growth_yearly": 325.77
        },
        "20204": {
            "year_quarter": 20204,
            "year": 2020,
            "quarter": 4,
            "eps": -0.01,
            "eps_growth_year": -118.57,
            "eps_4q": 0.26,
            "eps_4q_growth_year": -17.25,
            "roe": -0.13,
            "roe_4q": 3.72,
            "gross_profit": 2682,
            "gross_margin": 1.14,
            "gross_margin_4q_avg": 12.16,
            "net_income": -1703,
            "net_income_4q": null,
            "revenue": 234820,
            "revenue_4q": null,
            "common_shares": 1604053,
            "book_valuer_per_share": 7.66,
            "book_valuer_per_share_4q_avg": 7.56,
            "equity": 1257998,
            "current_ratio": 178.39,
            "debt_ratio": 56.13,
            "inventory_turnover_ratio": 0.35,
            "account_receivable_turnover_ratio": 4.32,
            "reinvestment_rate": 104.16,
            "research_to_sale_ratio": 0.36,
            "price_fair": 14.84,
            "eps_avg_yearly": 0.42,
            "eps_latest_yearly": 0.72,
            "eps_growth_yearly": 325.77
        },
        "20211": {
            "year_quarter": 20211,
            "year": 2021,
            "quarter": 1,
            "eps": 0.25,
            "eps_growth_year": 38.89,
            "eps_4q": 0.33,
            "eps_4q_growth_year": -14.4,
            "roe": 3.71,
            "roe_4q": 4.95,
            "gross_profit": 57960,
            "gross_margin": 24.1,
            "gross_margin_4q_avg": 13.55,
            "net_income": 46916,
            "net_income_4q": null,
            "revenue": 240474,
            "revenue_4q": null,
            "common_shares": 1604053,
            "book_valuer_per_share": 7.68,
            "book_valuer_per_share_4q_avg": 7.65,
            "equity": 1268458,
            "current_ratio": 183.7,
            "debt_ratio": 53.16,
            "inventory_turnover_ratio": 0.27,
            "account_receivable_turnover_ratio": 3.69,
            "reinvestment_rate": 47.07,
            "research_to_sale_ratio": 0.36,
            "price_fair": 14.84,
            "eps_avg_yearly": 0.42,
            "eps_latest_yearly": 0.72,
            "eps_growth_yearly": 325.77
        },
        "20212": {
            "year_quarter": 20212,
            "year": 2021,
            "quarter": 2,
            "eps": -0.16,
            "eps_growth_year": null,
            "eps_4q": 0.22,
            "eps_4q_growth_year": 6.64,
            "roe": -2.26,
            "roe_4q": 3.1100000000000003,
            "gross_profit": 10801,
            "gross_margin": 3.55,
            "gross_margin_4q_avg": 10.8,
            "net_income": -28222,
            "net_income_4q": null,
            "revenue": 304042,
            "revenue_4q": null,
            "common_shares": 1604053,
            "book_valuer_per_share": 7.43,
            "book_valuer_per_share_4q_avg": 7.65,
            "equity": 1224393,
            "current_ratio": 182.02,
            "debt_ratio": 55.89,
            "inventory_turnover_ratio": 0.44,
            "account_receivable_turnover_ratio": 4.86,
            "reinvestment_rate": 276.92,
            "research_to_sale_ratio": 0.33,
            "price_fair": 14.84,
            "eps_avg_yearly": 0.42,
            "eps_latest_yearly": 0.72,
            "eps_growth_yearly": 325.77
        },
        "20213": {
            "year_quarter": 20213,
            "year": 2021,
            "quarter": 3,
            "eps": -0.03,
            "eps_growth_year": -123.08,
            "eps_4q": 0.06,
            "eps_4q_growth_year": -79.65,
            "roe": -0.24,
            "roe_4q": 1.08,
            "gross_profit": 36126,
            "gross_margin": 11.86,
            "gross_margin_4q_avg": 10.16,
            "net_income": -2890,
            "net_income_4q": null,
            "revenue": 304621,
            "revenue_4q": null,
            "common_shares": 1604053,
            "book_valuer_per_share": 7.33,
            "book_valuer_per_share_4q_avg": 7.53,
            "equity": 1209843,
            "current_ratio": 153.63,
            "debt_ratio": 60.19,
            "inventory_turnover_ratio": 0.35,
            "account_receivable_turnover_ratio": 3.67,
            "reinvestment_rate": 193.43,
            "research_to_sale_ratio": 0.61,
            "price_fair": 14.84,
            "eps_avg_yearly": 0.42,
            "eps_latest_yearly": 0.72,
            "eps_growth_yearly": 325.77
        },
        "20214": {
            "year_quarter": 20214,
            "year": 2021,
            "quarter": 4,
            "eps": -0.01,
            "eps_growth_year": null,
            "eps_4q": 0.06,
            "eps_4q_growth_year": -76.77,
            "roe": -0.15,
            "roe_4q": 1.06,
            "gross_profit": 24770,
            "gross_margin": 8.52,
            "gross_margin_4q_avg": 12.01,
            "net_income": -1786,
            "net_income_4q": null,
            "revenue": 290613,
            "revenue_4q": null,
            "common_shares": 1604053,
            "book_valuer_per_share": 7.33,
            "book_valuer_per_share_4q_avg": 7.44,
            "equity": 1209821,
            "current_ratio": 135.7,
            "debt_ratio": 64.76,
            "inventory_turnover_ratio": 0.25,
            "account_receivable_turnover_ratio": 3.34,
            "reinvestment_rate": 107.21,
            "research_to_sale_ratio": 0.61,
            "price_fair": 14.84,
            "eps_avg_yearly": 0.42,
            "eps_latest_yearly": 0.72,
            "eps_growth_yearly": 325.77
        },
        "20221": {
            "year_quarter": 20221,
            "year": 2022,
            "quarter": 1,
            "eps": 0.09,
            "eps_growth_year": -64,
            "eps_4q": -0.09,
            "eps_4q_growth_year": -128.44,
            "roe": 1.09,
            "roe_4q": -1.5599999999999996,
            "gross_profit": 41268,
            "gross_margin": 12.96,
            "gross_margin_4q_avg": 9.22,
            "net_income": 13284,
            "net_income_4q": null,
            "revenue": 318401,
            "revenue_4q": null,
            "common_shares": 1604053,
            "book_valuer_per_share": 7.39,
            "book_valuer_per_share_4q_avg": 7.37,
            "equity": 1218644,
            "current_ratio": 129.58,
            "debt_ratio": 65.6,
            "inventory_turnover_ratio": 0.23,
            "account_receivable_turnover_ratio": 3.77,
            "reinvestment_rate": 97.82,
            "research_to_sale_ratio": 0.23,
            "price_fair": 14.84,
            "eps_avg_yearly": 0.42,
            "eps_latest_yearly": 0.72,
            "eps_growth_yearly": 325.77
        },
        "20222": {
            "year_quarter": 20222,
            "year": 2022,
            "quarter": 2,
            "eps": 0.21,
            "eps_growth_year": null,
            "eps_4q": 0.27,
            "eps_4q_growth_year": 23.58,
            "roe": 2.84,
            "roe_4q": 3.54,
            "gross_profit": 7098,
            "gross_margin": 2.31,
            "gross_margin_4q_avg": 8.91,
            "net_income": 34981,
            "net_income_4q": null,
            "revenue": 307755,
            "revenue_4q": null,
            "common_shares": 1604053,
            "book_valuer_per_share": 7.53,
            "book_valuer_per_share_4q_avg": 7.4,
            "equity": 1241185,
            "current_ratio": 142.69,
            "debt_ratio": 59.15,
            "inventory_turnover_ratio": 0.25,
            "account_receivable_turnover_ratio": 3.51,
            "reinvestment_rate": 67.72,
            "research_to_sale_ratio": 0.23,
            "price_fair": 17.27,
            "eps_avg_yearly": 0.49,
            "eps_latest_yearly": 0.84,
            "eps_growth_yearly": 360.36
        },
        "20223": {
            "year_quarter": 20223,
            "year": 2022,
            "quarter": 3,
            "eps": 0.65,
            "eps_growth_year": null,
            "eps_4q": 0.95,
            "eps_4q_growth_year": 1474.27,
            "roe": 8.73,
            "roe_4q": 12.51,
            "gross_profit": 59494,
            "gross_margin": 14.08,
            "gross_margin_4q_avg": 9.47,
            "net_income": 113315,
            "net_income_4q": null,
            "revenue": 422608,
            "revenue_4q": null,
            "common_shares": 1604053,
            "book_valuer_per_share": 8.17,
            "book_valuer_per_share_4q_avg": 7.61,
            "equity": 1354115,
            "current_ratio": 153.46,
            "debt_ratio": 53.26,
            "inventory_turnover_ratio": 0.31,
            "account_receivable_turnover_ratio": 5.18,
            "reinvestment_rate": 54.7,
            "research_to_sale_ratio": 0.17,
            "price_fair": 29.17,
            "eps_avg_yearly": 0.83,
            "eps_latest_yearly": 2.6,
            "eps_growth_yearly": 524.29
        },
        "20224": {
            "year_quarter": 20224,
            "year": 2022,
            "quarter": 4,
            "eps": -0.72,
            "eps_growth_year": null,
            "eps_4q": 0.23,
            "eps_4q_growth_year": 283.85,
            "roe": -9.74,
            "roe_4q": 2.92,
            "gross_profit": -89681,
            "gross_margin": -24.66,
            "gross_margin_4q_avg": 1.17,
            "net_income": -125764,
            "net_income_4q": null,
            "revenue": 363704,
            "revenue_4q": null,
            "common_shares": 1604053,
            "book_valuer_per_share": 7.44,
            "book_valuer_per_share_4q_avg": 7.63,
            "equity": 1227237,
            "current_ratio": 111.75,
            "debt_ratio": 53.32,
            "inventory_turnover_ratio": 0.41,
            "account_receivable_turnover_ratio": 4.67,
            "reinvestment_rate": 90.18,
            "research_to_sale_ratio": 0.23,
            "price_fair": 29.17,
            "eps_avg_yearly": 0.83,
            "eps_latest_yearly": 2.6,
            "eps_growth_yearly": 524.29
        },
        "20231": {
            "year_quarter": 20231,
            "year": 2023,
            "quarter": 1,
            "eps": -0.02,
            "eps_growth_year": -122.22,
            "eps_4q": 0.12,
            "eps_4q_growth_year": null,
            "roe": 0.2,
            "roe_4q": 2.0299999999999994,
            "gross_profit": 32739,
            "gross_margin": 11.88,
            "gross_margin_4q_avg": 0.9,
            "net_income": 2499,
            "net_income_4q": null,
            "revenue": 275574,
            "revenue_4q": null,
            "common_shares": 1604053,
            "book_valuer_per_share": 7.42,
            "book_valuer_per_share_4q_avg": 7.64,
            "equity": 1229911,
            "current_ratio": 105.55,
            "debt_ratio": 59.84,
            "inventory_turnover_ratio": 0.23,
            "account_receivable_turnover_ratio": 4.28,
            "reinvestment_rate": 117.58,
            "research_to_sale_ratio": 0.36,
            "price_fair": 29.17,
            "eps_avg_yearly": 0.83,
            "eps_latest_yearly": 2.6,
            "eps_growth_yearly": 524.29
        },
        "20232": {
            "year_quarter": 20232,
            "year": 2023,
            "quarter": 2,
            "eps": 0.14,
            "eps_growth_year": -33.33,
            "eps_4q": 0.05,
            "eps_4q_growth_year": -81.38,
            "roe": 2.73,
            "roe_4q": 1.92,
            "gross_profit": 17977,
            "gross_margin": 6.29,
            "gross_margin_4q_avg": 1.9,
            "net_income": 33958,
            "net_income_4q": null,
            "revenue": 285937,
            "revenue_4q": null,
            "common_shares": 1604053,
            "book_valuer_per_share": 7.51,
            "book_valuer_per_share_4q_avg": 7.64,
            "equity": 1254498,
            "current_ratio": 108.27,
            "debt_ratio": 57.83,
            "inventory_turnover_ratio": 0.26,
            "account_receivable_turnover_ratio": 4.33,
            "reinvestment_rate": 105.83,
            "research_to_sale_ratio": 0.24,
            "price_fair": 31.08,
            "eps_avg_yearly": 0.89,
            "eps_latest_yearly": 2.6,
            "eps_growth_yearly": 597.14
        },
        "20233": {
            "year_quarter": 20233,
            "year": 2023,
            "quarter": 3,
            "eps": 0.28,
            "eps_growth_year": -56.92,
            "eps_4q": -0.32,
            "eps_4q_growth_year": -134.03,
            "roe": 3.69,
            "roe_4q": -3.12,
            "gross_profit": 36716,
            "gross_margin": 15.83,
            "gross_margin_4q_avg": 2.34,
            "net_income": 47415,
            "net_income_4q": null,
            "revenue": 232008,
            "revenue_4q": null,
            "common_shares": 1604053,
            "book_valuer_per_share": 7.85,
            "book_valuer_per_share_4q_avg": 7.56,
            "equity": 1313371,
            "current_ratio": 110.61,
            "debt_ratio": 54.55,
            "inventory_turnover_ratio": 0.19,
            "account_receivable_turnover_ratio": 3.31,
            "reinvestment_rate": 106.89,
            "research_to_sale_ratio": 0.39,
            "price_fair": 37.8,
            "eps_avg_yearly": 1.08,
            "eps_latest_yearly": 1.12,
            "eps_growth_yearly": 734.29
        }
    },
    "months": {
        "2001-06": {
            "month": "2001-06",
            "price": "14.64",
            "revenue": 105952
        },
        "2001-07": {
            "month": "2001-07",
            "price": "12.75",
            "revenue": 92261
        },
        "2001-08": {
            "month": "2001-08",
            "price": "12.00",
            "revenue": 124040
        },
        "2001-09": {
            "month": "2001-09",
            "price": "10.92",
            "revenue": 81043
        },
        "2001-10": {
            "month": "2001-10",
            "price": "10.53",
            "revenue": 93273
        },
        "2001-11": {
            "month": "2001-11",
            "price": "10.41",
            "revenue": 86639
        },
        "2001-12": {
            "month": "2001-12",
            "price": "11.74",
            "revenue": 83229
        },
        "2002-01": {
            "month": "2002-01",
            "price": "12.99",
            "revenue": 53892
        },
        "2002-02": {
            "month": "2002-02",
            "price": "12.83",
            "revenue": 44363
        },
        "2002-03": {
            "month": "2002-03",
            "price": "12.93",
            "revenue": 99096
        },
        "2002-04": {
            "month": "2002-04",
            "price": "13.41",
            "revenue": 95594
        },
        "2002-05": {
            "month": "2002-05",
            "price": "12.64",
            "revenue": 120089
        },
        "2002-06": {
            "month": "2002-06",
            "price": "12.46",
            "revenue": 96008
        },
        "2002-07": {
            "month": "2002-07",
            "price": "11.90",
            "revenue": 90181
        },
        "2002-08": {
            "month": "2002-08",
            "price": "11.57",
            "revenue": 79905
        },
        "2002-09": {
            "month": "2002-09",
            "price": "12.25",
            "revenue": 102838
        },
        "2002-10": {
            "month": "2002-10",
            "price": "12.73",
            "revenue": 114715
        },
        "2002-11": {
            "month": "2002-11",
            "price": "12.34",
            "revenue": 119755
        },
        "2002-12": {
            "month": "2002-12",
            "price": "13.37",
            "revenue": 119113
        },
        "2003-01": {
            "month": "2003-01",
            "price": "14.52",
            "revenue": 87529
        },
        "2003-02": {
            "month": "2003-02",
            "price": "14.73",
            "revenue": 102757
        },
        "2003-03": {
            "month": "2003-03",
            "price": "14.59",
            "revenue": 110863
        },
        "2003-04": {
            "month": "2003-04",
            "price": "14.22",
            "revenue": 124409
        },
        "2003-05": {
            "month": "2003-05",
            "price": "12.53",
            "revenue": 133932
        },
        "2003-06": {
            "month": "2003-06",
            "price": "12.61",
            "revenue": 156892
        },
        "2003-07": {
            "month": "2003-07",
            "price": "13.08",
            "revenue": 107429
        },
        "2003-08": {
            "month": "2003-08",
            "price": "13.72",
            "revenue": 85332
        },
        "2003-09": {
            "month": "2003-09",
            "price": "14.01",
            "revenue": 98317
        },
        "2003-10": {
            "month": "2003-10",
            "price": "14.18",
            "revenue": 114037
        },
        "2003-11": {
            "month": "2003-11",
            "price": "13.80",
            "revenue": 90219
        },
        "2003-12": {
            "month": "2003-12",
            "price": "12.93",
            "revenue": 102921
        },
        "2004-01": {
            "month": "2004-01",
            "price": "12.72",
            "revenue": 78253
        },
        "2004-02": {
            "month": "2004-02",
            "price": "13.08",
            "revenue": 80152
        },
        "2004-03": {
            "month": "2004-03",
            "price": "14.67",
            "revenue": 99036
        },
        "2004-04": {
            "month": "2004-04",
            "price": "14.09",
            "revenue": 107749
        },
        "2004-05": {
            "month": "2004-05",
            "price": "13.59",
            "revenue": 107367
        },
        "2004-06": {
            "month": "2004-06",
            "price": "13.11",
            "revenue": 102319
        },
        "2004-07": {
            "month": "2004-07",
            "price": "13.01",
            "revenue": 106910
        },
        "2004-08": {
            "month": "2004-08",
            "price": "13.45",
            "revenue": 81461
        },
        "2004-09": {
            "month": "2004-09",
            "price": "13.41",
            "revenue": 96009
        },
        "2004-10": {
            "month": "2004-10",
            "price": "13.36",
            "revenue": 97827
        },
        "2004-11": {
            "month": "2004-11",
            "price": "13.08",
            "revenue": 91958
        },
        "2004-12": {
            "month": "2004-12",
            "price": "13.23",
            "revenue": 78186
        },
        "2005-01": {
            "month": "2005-01",
            "price": "13.28",
            "revenue": 46950
        },
        "2005-02": {
            "month": "2005-02",
            "price": "13.17",
            "revenue": 77902
        },
        "2005-03": {
            "month": "2005-03",
            "price": "13.14",
            "revenue": 110740
        },
        "2005-04": {
            "month": "2005-04",
            "price": "12.94",
            "revenue": 128435
        },
        "2005-05": {
            "month": "2005-05",
            "price": "13.19",
            "revenue": 139102
        },
        "2005-06": {
            "month": "2005-06",
            "price": "13.20",
            "revenue": 129481
        },
        "2005-07": {
            "month": "2005-07",
            "price": "12.95",
            "revenue": 101051
        },
        "2005-08": {
            "month": "2005-08",
            "price": "13.09",
            "revenue": 110961
        },
        "2005-09": {
            "month": "2005-09",
            "price": "12.69",
            "revenue": 140731
        },
        "2005-10": {
            "month": "2005-10",
            "price": "13.02",
            "revenue": 130736
        },
        "2005-11": {
            "month": "2005-11",
            "price": "13.28",
            "revenue": 167726
        },
        "2005-12": {
            "month": "2005-12",
            "price": "13.28",
            "revenue": 168308
        },
        "2006-01": {
            "month": "2006-01",
            "price": "13.15",
            "revenue": 108971
        },
        "2006-02": {
            "month": "2006-02",
            "price": "12.76",
            "revenue": 100886
        },
        "2006-03": {
            "month": "2006-03",
            "price": "12.89",
            "revenue": 153180
        },
        "2006-04": {
            "month": "2006-04",
            "price": "13.67",
            "revenue": 110907
        },
        "2006-05": {
            "month": "2006-05",
            "price": "13.81",
            "revenue": 153437
        },
        "2006-06": {
            "month": "2006-06",
            "price": "13.21",
            "revenue": 137150
        },
        "2006-07": {
            "month": "2006-07",
            "price": "13.08",
            "revenue": 110924
        },
        "2006-08": {
            "month": "2006-08",
            "price": "12.67",
            "revenue": 104039
        },
        "2006-09": {
            "month": "2006-09",
            "price": "12.80",
            "revenue": 101218
        },
        "2006-10": {
            "month": "2006-10",
            "price": "12.92",
            "revenue": 120491
        },
        "2006-11": {
            "month": "2006-11",
            "price": "12.62",
            "revenue": 128952
        },
        "2006-12": {
            "month": "2006-12",
            "price": "12.90",
            "revenue": 138820
        },
        "2007-01": {
            "month": "2007-01",
            "price": "13.13",
            "revenue": 114817
        },
        "2007-02": {
            "month": "2007-02",
            "price": "12.81",
            "revenue": 77708
        },
        "2007-03": {
            "month": "2007-03",
            "price": "12.72",
            "revenue": 158194
        },
        "2007-04": {
            "month": "2007-04",
            "price": "12.85",
            "revenue": 123008
        },
        "2007-05": {
            "month": "2007-05",
            "price": "12.83",
            "revenue": 152125
        },
        "2007-06": {
            "month": "2007-06",
            "price": "12.96",
            "revenue": 146778
        },
        "2007-07": {
            "month": "2007-07",
            "price": "14.39",
            "revenue": 100189
        },
        "2007-08": {
            "month": "2007-08",
            "price": "14.03",
            "revenue": 87210
        },
        "2007-09": {
            "month": "2007-09",
            "price": "14.42",
            "revenue": 104504
        },
        "2007-10": {
            "month": "2007-10",
            "price": "15.33",
            "revenue": 120662
        },
        "2007-11": {
            "month": "2007-11",
            "price": "15.09",
            "revenue": 114722
        },
        "2007-12": {
            "month": "2007-12",
            "price": "14.25",
            "revenue": 108363
        },
        "2008-01": {
            "month": "2008-01",
            "price": "14.22",
            "revenue": 97666
        },
        "2008-02": {
            "month": "2008-02",
            "price": "14.24",
            "revenue": 54597
        },
        "2008-03": {
            "month": "2008-03",
            "price": "14.54",
            "revenue": 83785
        },
        "2008-04": {
            "month": "2008-04",
            "price": "14.51",
            "revenue": 113452
        },
        "2008-05": {
            "month": "2008-05",
            "price": "13.47",
            "revenue": 117679
        },
        "2008-06": {
            "month": "2008-06",
            "price": "12.37",
            "revenue": 65585
        },
        "2008-07": {
            "month": "2008-07",
            "price": "11.68",
            "revenue": 74215
        },
        "2008-08": {
            "month": "2008-08",
            "price": "12.10",
            "revenue": 55672
        },
        "2008-09": {
            "month": "2008-09",
            "price": "11.15",
            "revenue": 65334
        },
        "2008-10": {
            "month": "2008-10",
            "price": "10.24",
            "revenue": 103581
        },
        "2008-11": {
            "month": "2008-11",
            "price": "10.28",
            "revenue": 84916
        },
        "2008-12": {
            "month": "2008-12",
            "price": "10.21",
            "revenue": 50326
        },
        "2009-01": {
            "month": "2009-01",
            "price": "9.92",
            "revenue": 40108
        },
        "2009-02": {
            "month": "2009-02",
            "price": "9.96",
            "revenue": 50104
        },
        "2009-03": {
            "month": "2009-03",
            "price": "10.19",
            "revenue": 62475
        },
        "2009-04": {
            "month": "2009-04",
            "price": "10.76",
            "revenue": 95919
        },
        "2009-05": {
            "month": "2009-05",
            "price": "11.29",
            "revenue": 83383
        },
        "2009-06": {
            "month": "2009-06",
            "price": "11.04",
            "revenue": 52773
        },
        "2009-07": {
            "month": "2009-07",
            "price": "11.20",
            "revenue": 50053
        },
        "2009-08": {
            "month": "2009-08",
            "price": "10.92",
            "revenue": 40403
        },
        "2009-09": {
            "month": "2009-09",
            "price": "10.93",
            "revenue": 58755
        },
        "2009-10": {
            "month": "2009-10",
            "price": "11.18",
            "revenue": 50659
        },
        "2009-11": {
            "month": "2009-11",
            "price": "11.00",
            "revenue": 42866
        },
        "2009-12": {
            "month": "2009-12",
            "price": "10.97",
            "revenue": 38509
        },
        "2010-01": {
            "month": "2010-01",
            "price": "11.06",
            "revenue": 74212
        },
        "2010-02": {
            "month": "2010-02",
            "price": "10.41",
            "revenue": 42909
        },
        "2010-03": {
            "month": "2010-03",
            "price": "11.39",
            "revenue": 42701
        },
        "2010-04": {
            "month": "2010-04",
            "price": "19.11",
            "revenue": 71764
        },
        "2010-05": {
            "month": "2010-05",
            "price": "19.99",
            "revenue": 63344
        },
        "2010-06": {
            "month": "2010-06",
            "price": "18.97",
            "revenue": 59814
        },
        "2010-07": {
            "month": "2010-07",
            "price": "17.22",
            "revenue": 53928
        },
        "2010-08": {
            "month": "2010-08",
            "price": "18.42",
            "revenue": 40027
        },
        "2010-09": {
            "month": "2010-09",
            "price": "17.04",
            "revenue": 51599
        },
        "2010-10": {
            "month": "2010-10",
            "price": "15.90",
            "revenue": 44058
        },
        "2010-11": {
            "month": "2010-11",
            "price": "14.95",
            "revenue": 50255
        },
        "2010-12": {
            "month": "2010-12",
            "price": "15.62",
            "revenue": 65955
        },
        "2011-01": {
            "month": "2011-01",
            "price": "15.91",
            "revenue": 50180
        },
        "2011-02": {
            "month": "2011-02",
            "price": "14.99",
            "revenue": 40621
        },
        "2011-03": {
            "month": "2011-03",
            "price": "13.63",
            "revenue": 95638
        },
        "2011-04": {
            "month": "2011-04",
            "price": "13.98",
            "revenue": 84682
        },
        "2011-05": {
            "month": "2011-05",
            "price": "13.97",
            "revenue": 80447
        },
        "2011-06": {
            "month": "2011-06",
            "price": "12.96",
            "revenue": 73353
        },
        "2011-07": {
            "month": "2011-07",
            "price": "11.27",
            "revenue": 44145
        },
        "2011-08": {
            "month": "2011-08",
            "price": "10.49",
            "revenue": 35920
        },
        "2011-09": {
            "month": "2011-09",
            "price": "9.32",
            "revenue": 55457
        },
        "2011-10": {
            "month": "2011-10",
            "price": "9.93",
            "revenue": 31644
        },
        "2011-11": {
            "month": "2011-11",
            "price": "12.37",
            "revenue": 47330
        },
        "2011-12": {
            "month": "2011-12",
            "price": "11.73",
            "revenue": 57768
        },
        "2012-01": {
            "month": "2012-01",
            "price": "11.77",
            "revenue": 38000
        },
        "2012-02": {
            "month": "2012-02",
            "price": "13.20",
            "revenue": 68775
        },
        "2012-03": {
            "month": "2012-03",
            "price": "12.35",
            "revenue": 68580
        },
        "2012-04": {
            "month": "2012-04",
            "price": "10.57",
            "revenue": 48505
        },
        "2012-05": {
            "month": "2012-05",
            "price": "9.60",
            "revenue": 37945
        },
        "2012-06": {
            "month": "2012-06",
            "price": "9.20",
            "revenue": 37302
        },
        "2012-07": {
            "month": "2012-07",
            "price": "9.57",
            "revenue": 30383
        },
        "2012-08": {
            "month": "2012-08",
            "price": "10.02",
            "revenue": 39051
        },
        "2012-09": {
            "month": "2012-09",
            "price": "10.49",
            "revenue": 20434
        },
        "2012-10": {
            "month": "2012-10",
            "price": "10.84",
            "revenue": 45955
        },
        "2012-11": {
            "month": "2012-11",
            "price": "9.67",
            "revenue": 40475
        },
        "2012-12": {
            "month": "2012-12",
            "price": "10.21",
            "revenue": 32224
        },
        "2013-01": {
            "month": "2013-01",
            "price": "11.60",
            "revenue": 64532
        },
        "2013-02": {
            "month": "2013-02",
            "price": "11.37",
            "revenue": 38467
        },
        "2013-03": {
            "month": "2013-03",
            "price": "10.30",
            "revenue": 100277
        },
        "2013-04": {
            "month": "2013-04",
            "price": "10.03",
            "revenue": 101697
        },
        "2013-05": {
            "month": "2013-05",
            "price": "10.43",
            "revenue": 75172
        },
        "2013-06": {
            "month": "2013-06",
            "price": "10.29",
            "revenue": 75766
        },
        "2013-07": {
            "month": "2013-07",
            "price": "9.73",
            "revenue": 72509
        },
        "2013-08": {
            "month": "2013-08",
            "price": "9.91",
            "revenue": 49106
        },
        "2013-09": {
            "month": "2013-09",
            "price": "10.39",
            "revenue": 51074
        },
        "2013-10": {
            "month": "2013-10",
            "price": "10.85",
            "revenue": 29177
        },
        "2013-11": {
            "month": "2013-11",
            "price": "10.58",
            "revenue": 62524
        },
        "2013-12": {
            "month": "2013-12",
            "price": "10.73",
            "revenue": 46749
        },
        "2014-01": {
            "month": "2014-01",
            "price": "10.52",
            "revenue": 71050
        },
        "2014-02": {
            "month": "2014-02",
            "price": "10.15",
            "revenue": 53785
        },
        "2014-03": {
            "month": "2014-03",
            "price": "10.03",
            "revenue": 82611
        },
        "2014-04": {
            "month": "2014-04",
            "price": "10.28",
            "revenue": 75003
        },
        "2014-05": {
            "month": "2014-05",
            "price": "9.92",
            "revenue": 53955
        },
        "2014-06": {
            "month": "2014-06",
            "price": "9.91",
            "revenue": 46331
        },
        "2014-07": {
            "month": "2014-07",
            "price": "10.60",
            "revenue": 50694
        },
        "2014-08": {
            "month": "2014-08",
            "price": "11.00",
            "revenue": 28748
        },
        "2014-09": {
            "month": "2014-09",
            "price": "11.55",
            "revenue": 35869
        },
        "2014-10": {
            "month": "2014-10",
            "price": "11.43",
            "revenue": 29452
        },
        "2014-11": {
            "month": "2014-11",
            "price": "10.40",
            "revenue": 30299
        },
        "2014-12": {
            "month": "2014-12",
            "price": "10.36",
            "revenue": 30537
        },
        "2015-01": {
            "month": "2015-01",
            "price": "10.20",
            "revenue": 51661
        },
        "2015-02": {
            "month": "2015-02",
            "price": "10.21",
            "revenue": 60618
        },
        "2015-03": {
            "month": "2015-03",
            "price": "10.28",
            "revenue": 60293
        },
        "2015-04": {
            "month": "2015-04",
            "price": "11.02",
            "revenue": 77329
        },
        "2015-05": {
            "month": "2015-05",
            "price": "11.43",
            "revenue": 69202
        },
        "2015-06": {
            "month": "2015-06",
            "price": "9.76",
            "revenue": 40573
        },
        "2015-07": {
            "month": "2015-07",
            "price": "9.58",
            "revenue": 33960
        },
        "2015-08": {
            "month": "2015-08",
            "price": "9.57",
            "revenue": 28654
        },
        "2015-09": {
            "month": "2015-09",
            "price": "9.22",
            "revenue": 30205
        },
        "2015-10": {
            "month": "2015-10",
            "price": "9.35",
            "revenue": 31371
        },
        "2015-11": {
            "month": "2015-11",
            "price": "9.37",
            "revenue": 40373
        },
        "2015-12": {
            "month": "2015-12",
            "price": "9.50",
            "revenue": 58046
        },
        "2016-01": {
            "month": "2016-01",
            "price": "9.53",
            "revenue": 58122
        },
        "2016-02": {
            "month": "2016-02",
            "price": "9.75",
            "revenue": 23810
        },
        "2016-03": {
            "month": "2016-03",
            "price": "10.07",
            "revenue": 70029
        },
        "2016-04": {
            "month": "2016-04",
            "price": "9.81",
            "revenue": 73900
        },
        "2016-05": {
            "month": "2016-05",
            "price": "9.68",
            "revenue": 46268
        },
        "2016-06": {
            "month": "2016-06",
            "price": "10.01",
            "revenue": 59220
        },
        "2016-07": {
            "month": "2016-07",
            "price": "10.14",
            "revenue": 38760
        },
        "2016-08": {
            "month": "2016-08",
            "price": "10.12",
            "revenue": 32497
        },
        "2016-09": {
            "month": "2016-09",
            "price": "10.39",
            "revenue": 35261
        },
        "2016-10": {
            "month": "2016-10",
            "price": "10.44",
            "revenue": 36999
        },
        "2016-11": {
            "month": "2016-11",
            "price": "10.05",
            "revenue": 45639
        },
        "2016-12": {
            "month": "2016-12",
            "price": "9.86",
            "revenue": 56027
        },
        "2017-01": {
            "month": "2017-01",
            "price": "9.89",
            "revenue": 60479
        },
        "2017-02": {
            "month": "2017-02",
            "price": "10.34",
            "revenue": 38017
        },
        "2017-03": {
            "month": "2017-03",
            "price": "10.55",
            "revenue": 58179
        },
        "2017-04": {
            "month": "2017-04",
            "price": "10.24",
            "revenue": 45402
        },
        "2017-05": {
            "month": "2017-05",
            "price": "10.08",
            "revenue": 77272
        },
        "2017-06": {
            "month": "2017-06",
            "price": "10.33",
            "revenue": 65765
        },
        "2017-07": {
            "month": "2017-07",
            "price": "10.19",
            "revenue": 41168
        },
        "2017-08": {
            "month": "2017-08",
            "price": "9.99",
            "revenue": 39312
        },
        "2017-09": {
            "month": "2017-09",
            "price": "10.22",
            "revenue": 42681
        },
        "2017-10": {
            "month": "2017-10",
            "price": "10.37",
            "revenue": 35236
        },
        "2017-11": {
            "month": "2017-11",
            "price": "10.25",
            "revenue": 41814
        },
        "2017-12": {
            "month": "2017-12",
            "price": "10.28",
            "revenue": 54141
        },
        "2018-01": {
            "month": "2018-01",
            "price": "10.24",
            "revenue": 51600
        },
        "2018-02": {
            "month": "2018-02",
            "price": "9.67",
            "revenue": 39875
        },
        "2018-03": {
            "month": "2018-03",
            "price": "9.86",
            "revenue": 79156
        },
        "2018-04": {
            "month": "2018-04",
            "price": "9.66",
            "revenue": 84085
        },
        "2018-05": {
            "month": "2018-05",
            "price": "9.61",
            "revenue": 107017
        },
        "2018-06": {
            "month": "2018-06",
            "price": "10.00",
            "revenue": 97983
        },
        "2018-07": {
            "month": "2018-07",
            "price": "11.32",
            "revenue": 67889
        },
        "2018-08": {
            "month": "2018-08",
            "price": "11.38",
            "revenue": 92379
        },
        "2018-09": {
            "month": "2018-09",
            "price": "11.25",
            "revenue": 72269
        },
        "2018-10": {
            "month": "2018-10",
            "price": "10.18",
            "revenue": 67992
        },
        "2018-11": {
            "month": "2018-11",
            "price": "10.16",
            "revenue": 83042
        },
        "2018-12": {
            "month": "2018-12",
            "price": "9.92",
            "revenue": 77752
        },
        "2019-01": {
            "month": "2019-01",
            "price": "9.93",
            "revenue": 102870
        },
        "2019-02": {
            "month": "2019-02",
            "price": "10.19",
            "revenue": 38660
        },
        "2019-03": {
            "month": "2019-03",
            "price": "10.09",
            "revenue": 93910
        },
        "2019-04": {
            "month": "2019-04",
            "price": "9.92",
            "revenue": 94992
        },
        "2019-05": {
            "month": "2019-05",
            "price": "9.95",
            "revenue": 102112
        },
        "2019-06": {
            "month": "2019-06",
            "price": "10.07",
            "revenue": 85205
        },
        "2019-07": {
            "month": "2019-07",
            "price": "10.28",
            "revenue": 84610
        },
        "2019-08": {
            "month": "2019-08",
            "price": "10.01",
            "revenue": 83902
        },
        "2019-09": {
            "month": "2019-09",
            "price": "10.08",
            "revenue": 85301
        },
        "2019-10": {
            "month": "2019-10",
            "price": "10.05",
            "revenue": 72704
        },
        "2019-11": {
            "month": "2019-11",
            "price": "10.15",
            "revenue": 78730
        },
        "2019-12": {
            "month": "2019-12",
            "price": "10.05",
            "revenue": 86749
        },
        "2020-01": {
            "month": "2020-01",
            "price": "10.13",
            "revenue": 76156
        },
        "2020-02": {
            "month": "2020-02",
            "price": "10.01",
            "revenue": 73239
        },
        "2020-03": {
            "month": "2020-03",
            "price": "9.45",
            "revenue": 94163
        },
        "2020-04": {
            "month": "2020-04",
            "price": "9.82",
            "revenue": 110768
        },
        "2020-05": {
            "month": "2020-05",
            "price": "9.94",
            "revenue": 78376
        },
        "2020-06": {
            "month": "2020-06",
            "price": "13.47",
            "revenue": 72359
        },
        "2020-07": {
            "month": "2020-07",
            "price": "13.96",
            "revenue": 83704
        },
        "2020-08": {
            "month": "2020-08",
            "price": "12.10",
            "revenue": 68829
        },
        "2020-09": {
            "month": "2020-09",
            "price": "11.99",
            "revenue": 69344
        },
        "2020-10": {
            "month": "2020-10",
            "price": "12.32",
            "revenue": 63282
        },
        "2020-11": {
            "month": "2020-11",
            "price": "12.19",
            "revenue": 71097
        },
        "2020-12": {
            "month": "2020-12",
            "price": "13.51",
            "revenue": 100442
        },
        "2021-01": {
            "month": "2021-01",
            "price": "13.34",
            "revenue": 123050
        },
        "2021-02": {
            "month": "2021-02",
            "price": "13.97",
            "revenue": 32907
        },
        "2021-03": {
            "month": "2021-03",
            "price": "14.62",
            "revenue": 84514
        },
        "2021-04": {
            "month": "2021-04",
            "price": "14.36",
            "revenue": 118037
        },
        "2021-05": {
            "month": "2021-05",
            "price": "13.26",
            "revenue": 101263
        },
        "2021-06": {
            "month": "2021-06",
            "price": "12.17",
            "revenue": 84741
        },
        "2021-07": {
            "month": "2021-07",
            "price": "11.59",
            "revenue": 81802
        },
        "2021-08": {
            "month": "2021-08",
            "price": "12.07",
            "revenue": 88023
        },
        "2021-09": {
            "month": "2021-09",
            "price": "11.85",
            "revenue": 134801
        },
        "2021-10": {
            "month": "2021-10",
            "price": "12.62",
            "revenue": 79234
        },
        "2021-11": {
            "month": "2021-11",
            "price": "13.07",
            "revenue": 115132
        },
        "2021-12": {
            "month": "2021-12",
            "price": "13.01",
            "revenue": 96249
        },
        "2022-01": {
            "month": "2022-01",
            "price": "12.96",
            "revenue": 124411
        },
        "2022-02": {
            "month": "2022-02",
            "price": "12.34",
            "revenue": 83401
        },
        "2022-03": {
            "month": "2022-03",
            "price": "12.04",
            "revenue": 110588
        },
        "2022-04": {
            "month": "2022-04",
            "price": "12.17",
            "revenue": 108274
        },
        "2022-05": {
            "month": "2022-05",
            "price": "11.85",
            "revenue": 104048
        },
        "2022-06": {
            "month": "2022-06",
            "price": "12.38",
            "revenue": 95434
        },
        "2022-07": {
            "month": "2022-07",
            "price": "12.80",
            "revenue": 152071
        },
        "2022-08": {
            "month": "2022-08",
            "price": "12.90",
            "revenue": 132643
        },
        "2022-09": {
            "month": "2022-09",
            "price": "12.37",
            "revenue": 137893
        },
        "2022-10": {
            "month": "2022-10",
            "price": "12.28",
            "revenue": 96725
        },
        "2022-11": {
            "month": "2022-11",
            "price": "12.89",
            "revenue": 148304
        },
        "2022-12": {
            "month": "2022-12",
            "price": "13.39",
            "revenue": 118675
        },
        "2023-01": {
            "month": "2023-01",
            "price": "14.47",
            "revenue": 112248
        },
        "2023-02": {
            "month": "2023-02",
            "price": "14.54",
            "revenue": 74177
        },
        "2023-03": {
            "month": "2023-03",
            "price": "15.04",
            "revenue": 89149
        },
        "2023-04": {
            "month": "2023-04",
            "price": "14.83",
            "revenue": 116650
        },
        "2023-05": {
            "month": "2023-05",
            "price": "14.74",
            "revenue": 97637
        },
        "2023-06": {
            "month": "2023-06",
            "price": "15.85",
            "revenue": 71650
        },
        "2023-07": {
            "month": "2023-07",
            "price": "15.03",
            "revenue": 58616
        },
        "2023-08": {
            "month": "2023-08",
            "price": "12.97",
            "revenue": 91518
        },
        "2023-09": {
            "month": "2023-09",
            "price": "13.22",
            "revenue": 81874
        },
        "2023-10": {
            "month": "2023-10",
            "price": "12.76",
            "revenue": 69010
        },
        "2023-11": {
            "month": "2023-11",
            "price": "13.58",
            "revenue": 89730
        },
        "2023-12": {
            "month": "2023-12",
            "price": "14.84",
            "revenue": 100634
        }
    }
}
