{
    "summary": {
        "stock_name": "理隆",
        "stock_id": "1469",
        "category": "紡織纖維",
        "main_business": "各種化學纖維.天然纖維之紡紗製造,從原料到成品,製造加工及買賣<br>針織用花式紗製造加工及買賣業務<br>羊毛及馬海混紡紗製造加工及買賣業務",
        "website_url": "",
        "ceo": "劉昭安",
        "pe_ratio": -27,
        "report_year_from": 2001,
        "report_year_to": 2018,
        "age": 22,
        "eps_negative_percentage": 50,
        "eps_growth_avg": {
            "last_all": -68.22,
            "last_2y": null,
            "last_4y": -100,
            "last_8y": -49.15,
            "last_12y": -57.63,
            "last_16y": -68.22,
            "last_20y": null,
            "at_2006_last_3y": -100,
            "at_2007_last_3y": -100,
            "at_2008_last_3y": -100,
            "at_2009_last_3y": -100,
            "at_2010_last_3y": -75,
            "at_2011_last_3y": -33,
            "at_2012_last_3y": -23.59,
            "at_2013_last_3y": -36.44,
            "at_2014_last_3y": -48.94,
            "at_2015_last_3y": -59.92,
            "at_2016_last_3y": -87.5,
            "at_2017_last_3y": -100,
            "at_2018_last_3y": null,
            "at_2019_last_3y": null,
            "at_2020_last_3y": null,
            "at_2021_last_3y": null,
            "at_2022_last_3y": null,
            "at_2023_last_3y": null,
            "at_2006_last_all": -100,
            "at_2007_last_all": -100,
            "at_2008_last_all": -100,
            "at_2009_last_all": -100,
            "at_2010_last_all": -87.5,
            "at_2011_last_all": -73.2,
            "at_2012_last_all": -61.79,
            "at_2013_last_all": -63.68,
            "at_2014_last_all": -68.22,
            "at_2015_last_all": -68.22,
            "at_2016_last_all": -68.22,
            "at_2017_last_all": -68.22,
            "at_2018_last_all": -68.22,
            "at_2019_last_all": -68.22,
            "at_2020_last_all": -68.22,
            "at_2021_last_all": -68.22,
            "at_2022_last_all": -68.22,
            "at_2023_last_all": -68.22
        },
        "latest_eps": -0.52,
        "latest_price": 13.85,
        "latest_roe": -3.85,
        "latest_gross_margin": 23.62,
        "latest_equity": 1719420,
        "latest_revenue": 61775,
        "latest_gross_profit": 14591,
        "latest_net_income": -24598,
        "latest_debt_ratio": 34.73,
        "latest_current_ratio": 151.21,
        "latest_account_receivable_turnover_ratio": 1.58,
        "latest_inventory_turnover_ratio": 0.33,
        "latest_reinvestment_rate": null,
        "latest_research_to_sale_ratio": null
    },
    "eps_dividends": {
        "1997": {
            "cash": 1,
            "stock": 0,
            "eps": 0
        },
        "1998": {
            "cash": 0.5,
            "stock": 3.7,
            "eps": 0
        },
        "1999": {
            "cash": 0.5,
            "stock": 1.5,
            "eps": 0
        },
        "2000": {
            "cash": 0,
            "stock": 1.5,
            "eps": 0
        },
        "2001": {
            "cash": 0,
            "stock": 0,
            "eps": 0.23
        },
        "2002": {
            "cash": 0,
            "stock": 0,
            "eps": -0.1
        },
        "2003": {
            "cash": 0,
            "stock": 0,
            "eps": 0.17
        },
        "2004": {
            "cash": 1,
            "stock": 0,
            "eps": -1.79
        },
        "2005": {
            "cash": 0,
            "stock": 0,
            "eps": -0.65
        },
        "2006": {
            "cash": 0,
            "stock": 0,
            "eps": 0.42
        },
        "2007": {
            "cash": 0,
            "stock": 0,
            "eps": -0.09
        },
        "2008": {
            "cash": 0,
            "stock": 0,
            "eps": -1.88
        },
        "2009": {
            "cash": 0,
            "stock": 0,
            "eps": 0.5
        },
        "2010": {
            "cash": 0,
            "stock": 0,
            "eps": 0.25
        },
        "2011": {
            "cash": 0,
            "stock": 0,
            "eps": 0.21
        },
        "2012": {
            "cash": 0,
            "stock": 0,
            "eps": 0.2
        },
        "2013": {
            "cash": 0,
            "stock": 0,
            "eps": 0.05
        },
        "2014": {
            "cash": 0,
            "stock": 0,
            "eps": 0
        },
        "2015": {
            "cash": 0,
            "stock": 0,
            "eps": -0.04
        },
        "2016": {
            "cash": 0,
            "stock": 0,
            "eps": -0.63
        },
        "2017": {
            "cash": 0,
            "stock": 0,
            "eps": -0.65
        },
        "2018": {
            "cash": 0,
            "stock": 0,
            "eps": -0.2
        }
    },
    "dividends": {
        "1997-06-07": {
            "cash": 1,
            "stock": 0
        },
        "1998-05-27": {
            "cash": 0.5,
            "stock": 3.7
        },
        "1999-06-30": {
            "cash": 0.5,
            "stock": 1.5
        },
        "2000-06-20": {
            "cash": 0,
            "stock": 1.5
        },
        "2004-06-25": {
            "cash": 1,
            "stock": 0
        }
    },
    "prices": {
        "200101": "24.04",
        "200102": "24.01",
        "200103": "24.02",
        "200104": "24.02",
        "200105": "24.02",
        "200106": "24.00",
        "200107": "24.00",
        "200108": "23.64",
        "200109": "22.00",
        "200110": "21.24",
        "200111": "21.80",
        "200112": "21.80",
        "200201": "21.80",
        "200202": "21.80",
        "200203": "21.65",
        "200204": "無",
        "200205": "21.80",
        "200206": "21.87",
        "200207": "21.80",
        "200208": "21.80",
        "200209": "21.78",
        "200210": "21.68",
        "200211": "21.31",
        "200212": "20.28",
        "200301": "20.92",
        "200302": "21.62",
        "200303": "21.52",
        "200304": "21.06",
        "200305": "21.00",
        "200306": "20.79",
        "200307": "19.20",
        "200308": "18.71",
        "200309": "19.30",
        "200310": "19.40",
        "200311": "19.48",
        "200312": "18.37",
        "200401": "18.18",
        "200402": "18.13",
        "200403": "19.54",
        "200404": "17.08",
        "200405": "14.10",
        "200406": "13.26",
        "200407": "12.64",
        "200408": "12.86",
        "200409": "11.75",
        "200410": "11.52",
        "200411": "11.34",
        "200412": "11.60",
        "200501": "11.42",
        "200502": "11.33",
        "200503": "11.10",
        "200504": "10.60",
        "200505": "10.74",
        "200506": "10.68",
        "200507": "10.75",
        "200508": "10.67",
        "200509": "10.34",
        "200510": "10.12",
        "200511": "10.02",
        "200512": "9.97",
        "200601": "9.92",
        "200602": "10.01",
        "200603": "9.84",
        "200604": "9.76",
        "200605": "9.75",
        "200606": "9.56",
        "200607": "9.46",
        "200608": "9.10",
        "200609": "9.18",
        "200610": "8.36",
        "200611": "8.61",
        "200612": "9.72",
        "200701": "15.70",
        "200702": "12.62",
        "200703": "14.69",
        "200704": "14.10",
        "200705": "12.30",
        "200706": "12.68",
        "200707": "16.94",
        "200708": "14.61",
        "200709": "13.12",
        "200710": "14.59",
        "200711": "13.08",
        "200712": "12.27",
        "200801": "10.87",
        "200802": "9.66",
        "200803": "12.67",
        "200804": "13.50",
        "200805": "13.00",
        "200806": "11.62",
        "200807": "10.25",
        "200808": "9.23",
        "200809": "7.73",
        "200810": "6.84",
        "200811": "9.09",
        "200812": "9.21",
        "200901": "9.74",
        "200902": "9.80",
        "200903": "9.58",
        "200904": "9.17",
        "200905": "9.16",
        "200906": "8.62",
        "200907": "8.56",
        "200908": "8.22",
        "200909": "8.46",
        "200910": "8.72",
        "200911": "9.56",
        "200912": "10.10",
        "201001": "9.97",
        "201002": "8.90",
        "201003": "9.45",
        "201004": "12.90",
        "201005": "12.93",
        "201006": "13.39",
        "201007": "12.81",
        "201008": "14.09",
        "201009": "13.77",
        "201010": "13.03",
        "201011": "12.40",
        "201012": "12.01",
        "201101": "12.48",
        "201102": "12.11",
        "201103": "11.60",
        "201104": "11.42",
        "201105": "11.28",
        "201106": "11.23",
        "201107": "10.79",
        "201108": "10.20",
        "201109": "9.27",
        "201110": "9.18",
        "201111": "9.30",
        "201112": "9.05",
        "201201": "8.90",
        "201202": "9.31",
        "201203": "9.25",
        "201204": "8.87",
        "201205": "8.62",
        "201206": "8.30",
        "201207": "8.42",
        "201208": "8.69",
        "201209": "8.73",
        "201210": "9.10",
        "201211": "8.90",
        "201212": "9.16",
        "201301": "9.17",
        "201302": "9.11",
        "201303": "9.14",
        "201304": "9.23",
        "201305": "9.26",
        "201306": "9.72",
        "201307": "9.77",
        "201308": "9.59",
        "201309": "9.53",
        "201310": "10.18",
        "201311": "10.34",
        "201312": "10.49",
        "201401": "10.76",
        "201402": "11.56",
        "201403": "11.92",
        "201404": "12.23",
        "201405": "12.12",
        "201406": "12.18",
        "201407": "12.13",
        "201408": "12.40",
        "201409": "12.38",
        "201410": "12.37",
        "201411": "12.18",
        "201412": "12.36",
        "201501": "12.29",
        "201502": "12.32",
        "201503": "12.34",
        "201504": "12.49",
        "201505": "13.16",
        "201506": "13.01",
        "201507": "12.84",
        "201508": "12.71",
        "201509": "12.54",
        "201510": "12.52",
        "201511": "12.52",
        "201512": "12.82",
        "201601": "12.48",
        "201602": "12.71",
        "201603": "12.75",
        "201604": "12.76",
        "201605": "12.98",
        "201606": "12.79",
        "201607": "13.15",
        "201608": "13.41",
        "201609": "13.35",
        "201610": "13.52",
        "201611": "13.70",
        "201612": "13.67",
        "201701": "13.72",
        "201702": "13.79",
        "201703": "13.83",
        "201704": "13.76",
        "201705": "13.90",
        "201706": "13.94",
        "201707": "14.06",
        "201708": "13.95",
        "201709": "13.82",
        "201710": "13.91",
        "201711": "14.00",
        "201712": "14.22",
        "201801": "14.29",
        "201802": "13.84",
        "201803": "14.03",
        "201804": "13.81",
        "201805": "13.84",
        "201806": "13.84",
        "201807": "13.84",
        "201808": "無",
        "201809": "無",
        "201810": "無",
        "201811": "無",
        "201812": "無",
        "201901": "無",
        "201902": "無",
        "201903": "無",
        "201904": "無",
        "201905": "無",
        "201906": "無",
        "201907": "無",
        "201908": "無",
        "201909": "無",
        "201910": "無",
        "201911": "無",
        "201912": "無",
        "202001": "無",
        "202002": "無",
        "202003": "無",
        "202004": "無",
        "202005": "無",
        "202006": "無",
        "202007": "無",
        "202008": "無",
        "202009": "無",
        "202010": "無",
        "202011": "無",
        "202012": "無",
        "202101": "無",
        "202102": "無",
        "202103": "無",
        "202104": "無",
        "202105": "無",
        "202106": "無",
        "202107": "無",
        "202108": "無",
        "202109": "無",
        "202110": "無",
        "202111": "無",
        "202112": "無",
        "202201": "無",
        "202202": "無",
        "202203": "無",
        "202204": "無",
        "202205": "無",
        "202206": "無",
        "202207": "無",
        "202208": "無",
        "202209": "無",
        "202210": "無",
        "202211": "無",
        "202212": "無",
        "202301": "無",
        "202302": "無",
        "202303": "無",
        "202304": "無",
        "202305": "無",
        "202306": "無"
    },
    "quarters": {
        "20011": {
            "year_quarter": 20011,
            "year": 2001,
            "quarter": 1,
            "eps": 0.16,
            "eps_growth_year": 300,
            "eps_4q": -0.7,
            "eps_4q_growth_year": -178.89,
            "roe": 0.89,
            "roe_4q": 0.89,
            "gross_profit": 29906,
            "gross_margin": 14.11,
            "gross_margin_4q_avg": 14.11,
            "net_income": 17822,
            "revenue": 211878,
            "common_shares": 1130000,
            "book_valuer_per_share": 17.87,
            "book_valuer_per_share_4q_avg": 17.87,
            "equity": 2018908,
            "current_ratio": 95.36,
            "debt_ratio": 27.06,
            "inventory_turnover_ratio": 0.44,
            "account_receivable_turnover_ratio": null,
            "reinvestment_rate": null,
            "research_to_sale_ratio": null,
            "price_fair": 0,
            "eps_avg_yearly": 0,
            "eps_latest_yearly": 0,
            "eps_growth_yearly": 0
        },
        "20012": {
            "year_quarter": 20012,
            "year": 2001,
            "quarter": 2,
            "eps": 0.06,
            "eps_growth_year": -72.73,
            "eps_4q": -0.71,
            "eps_4q_growth_year": -198.93,
            "roe": 0.38,
            "roe_4q": 1.27,
            "gross_profit": 69860,
            "gross_margin": 19.47,
            "gross_margin_4q_avg": 16.79,
            "net_income": 7770,
            "revenue": 358745,
            "common_shares": 1130000,
            "book_valuer_per_share": 17.89,
            "book_valuer_per_share_4q_avg": 17.88,
            "equity": 2021356,
            "current_ratio": 97.29,
            "debt_ratio": 29.94,
            "inventory_turnover_ratio": 0.74,
            "account_receivable_turnover_ratio": null,
            "reinvestment_rate": null,
            "research_to_sale_ratio": null,
            "price_fair": 0,
            "eps_avg_yearly": 0,
            "eps_latest_yearly": 0,
            "eps_growth_yearly": 0
        },
        "20013": {
            "year_quarter": 20013,
            "year": 2001,
            "quarter": 3,
            "eps": -0.07,
            "eps_growth_year": null,
            "eps_4q": -0.54,
            "eps_4q_growth_year": -420.16,
            "roe": -0.41,
            "roe_4q": 0.8600000000000001,
            "gross_profit": 39589,
            "gross_margin": 17.42,
            "gross_margin_4q_avg": 17,
            "net_income": -8329,
            "revenue": 227218,
            "common_shares": 1246000,
            "book_valuer_per_share": 16.04,
            "book_valuer_per_share_4q_avg": 17.27,
            "equity": 1997996,
            "current_ratio": 97.39,
            "debt_ratio": 29.47,
            "inventory_turnover_ratio": 0.55,
            "account_receivable_turnover_ratio": null,
            "reinvestment_rate": null,
            "research_to_sale_ratio": null,
            "price_fair": 0,
            "eps_avg_yearly": 0,
            "eps_latest_yearly": 0,
            "eps_growth_yearly": 0
        },
        "20014": {
            "year_quarter": 20014,
            "year": 2001,
            "quarter": 4,
            "eps": 0.08,
            "eps_growth_year": null,
            "eps_4q": 0.22,
            "eps_4q_growth_year": null,
            "roe": 0.51,
            "roe_4q": 1.37,
            "gross_profit": 1369,
            "gross_margin": 1.61,
            "gross_margin_4q_avg": 13.15,
            "net_income": 10176,
            "revenue": 84805,
            "common_shares": 1246000,
            "book_valuer_per_share": 16.2,
            "book_valuer_per_share_4q_avg": 17,
            "equity": 2018332,
            "current_ratio": 106.99,
            "debt_ratio": 27.55,
            "inventory_turnover_ratio": 0.24,
            "account_receivable_turnover_ratio": null,
            "reinvestment_rate": null,
            "research_to_sale_ratio": null,
            "price_fair": 0,
            "eps_avg_yearly": 0,
            "eps_latest_yearly": 0,
            "eps_growth_yearly": 0
        },
        "20021": {
            "year_quarter": 20021,
            "year": 2002,
            "quarter": 1,
            "eps": 0.28,
            "eps_growth_year": 75,
            "eps_4q": 0.36,
            "eps_4q_growth_year": null,
            "roe": 1.69,
            "roe_4q": 2.1700000000000004,
            "gross_profit": 15420,
            "gross_margin": 10.88,
            "gross_margin_4q_avg": 12.35,
            "net_income": 34461,
            "revenue": 141720,
            "common_shares": 1246000,
            "book_valuer_per_share": 16.51,
            "book_valuer_per_share_4q_avg": 16.66,
            "equity": 2057025,
            "current_ratio": 112.92,
            "debt_ratio": 26.9,
            "inventory_turnover_ratio": 0.33,
            "account_receivable_turnover_ratio": null,
            "reinvestment_rate": null,
            "research_to_sale_ratio": null,
            "price_fair": 39.2,
            "eps_avg_yearly": 1.12,
            "eps_latest_yearly": 1.12,
            "eps_growth_yearly": 1000
        },
        "20022": {
            "year_quarter": 20022,
            "year": 2002,
            "quarter": 2,
            "eps": -0.01,
            "eps_growth_year": -116.67,
            "eps_4q": 0.28,
            "eps_4q_growth_year": null,
            "roe": -0.08,
            "roe_4q": 1.7100000000000002,
            "gross_profit": 56575,
            "gross_margin": 17.41,
            "gross_margin_4q_avg": 11.83,
            "net_income": -1621,
            "revenue": 324882,
            "common_shares": 1246000,
            "book_valuer_per_share": 16.41,
            "book_valuer_per_share_4q_avg": 16.29,
            "equity": 2044281,
            "current_ratio": 117.45,
            "debt_ratio": 21.79,
            "inventory_turnover_ratio": 0.69,
            "account_receivable_turnover_ratio": null,
            "reinvestment_rate": null,
            "research_to_sale_ratio": null,
            "price_fair": 39.2,
            "eps_avg_yearly": 1.12,
            "eps_latest_yearly": 1.12,
            "eps_growth_yearly": 1000
        },
        "20023": {
            "year_quarter": 20023,
            "year": 2002,
            "quarter": 3,
            "eps": -0.05,
            "eps_growth_year": null,
            "eps_4q": 0.3,
            "eps_4q_growth_year": null,
            "roe": -0.28,
            "roe_4q": 1.8399999999999999,
            "gross_profit": 41800,
            "gross_margin": 16.73,
            "gross_margin_4q_avg": 11.66,
            "net_income": -5670,
            "revenue": 249916,
            "common_shares": 1246000,
            "book_valuer_per_share": 16.41,
            "book_valuer_per_share_4q_avg": 16.38,
            "equity": 2044486,
            "current_ratio": 126.64,
            "debt_ratio": 16.29,
            "inventory_turnover_ratio": 0.6,
            "account_receivable_turnover_ratio": null,
            "reinvestment_rate": null,
            "research_to_sale_ratio": null,
            "price_fair": 39.2,
            "eps_avg_yearly": 1.12,
            "eps_latest_yearly": 1.12,
            "eps_growth_yearly": 1000
        },
        "20024": {
            "year_quarter": 20024,
            "year": 2002,
            "quarter": 4,
            "eps": -0.32,
            "eps_growth_year": -500,
            "eps_4q": -0.11,
            "eps_4q_growth_year": -150.99,
            "roe": -1.99,
            "roe_4q": -0.6600000000000001,
            "gross_profit": -879,
            "gross_margin": -0.88,
            "gross_margin_4q_avg": 11.04,
            "net_income": -40290,
            "revenue": 100317,
            "common_shares": 1246000,
            "book_valuer_per_share": 16.04,
            "book_valuer_per_share_4q_avg": 16.34,
            "equity": 1999148,
            "current_ratio": 117.1,
            "debt_ratio": 18.72,
            "inventory_turnover_ratio": 0.3,
            "account_receivable_turnover_ratio": null,
            "reinvestment_rate": -1579.39,
            "research_to_sale_ratio": null,
            "price_fair": 39.2,
            "eps_avg_yearly": 1.12,
            "eps_latest_yearly": 1.12,
            "eps_growth_yearly": 1000
        },
        "20031": {
            "year_quarter": 20031,
            "year": 2003,
            "quarter": 1,
            "eps": -0.18,
            "eps_growth_year": -164.29,
            "eps_4q": -0.56,
            "eps_4q_growth_year": -256.63,
            "roe": -1.13,
            "roe_4q": -3.4800000000000004,
            "gross_profit": 13319,
            "gross_margin": 9.76,
            "gross_margin_4q_avg": 10.76,
            "net_income": -22482,
            "revenue": 136481,
            "common_shares": 1246000,
            "book_valuer_per_share": 15.84,
            "book_valuer_per_share_4q_avg": 16.18,
            "equity": 1973446,
            "current_ratio": 101.22,
            "debt_ratio": 23.44,
            "inventory_turnover_ratio": 0.34,
            "account_receivable_turnover_ratio": null,
            "reinvestment_rate": null,
            "research_to_sale_ratio": null,
            "price_fair": 39.2,
            "eps_avg_yearly": 1.12,
            "eps_latest_yearly": 1.12,
            "eps_growth_yearly": 1000
        },
        "20032": {
            "year_quarter": 20032,
            "year": 2003,
            "quarter": 2,
            "eps": 0.45,
            "eps_growth_year": null,
            "eps_4q": -0.09,
            "eps_4q_growth_year": -134.11,
            "roe": 2.82,
            "roe_4q": -0.5800000000000001,
            "gross_profit": 60812,
            "gross_margin": 18.75,
            "gross_margin_4q_avg": 11.09,
            "net_income": 56515,
            "revenue": 324332,
            "common_shares": 1246000,
            "book_valuer_per_share": 16.32,
            "book_valuer_per_share_4q_avg": 16.15,
            "equity": 2033685,
            "current_ratio": 109.59,
            "debt_ratio": 28.42,
            "inventory_turnover_ratio": 0.74,
            "account_receivable_turnover_ratio": null,
            "reinvestment_rate": -7980.98,
            "research_to_sale_ratio": null,
            "price_fair": 39.2,
            "eps_avg_yearly": 1.12,
            "eps_latest_yearly": 1.12,
            "eps_growth_yearly": 1000
        },
        "20033": {
            "year_quarter": 20033,
            "year": 2003,
            "quarter": 3,
            "eps": 0.06,
            "eps_growth_year": null,
            "eps_4q": 0.01,
            "eps_4q_growth_year": -97.49,
            "roe": 0.35,
            "roe_4q": 0.050000000000000044,
            "gross_profit": 24300,
            "gross_margin": 14.18,
            "gross_margin_4q_avg": 10.45,
            "net_income": 7153,
            "revenue": 171413,
            "common_shares": 1246000,
            "book_valuer_per_share": 16.3,
            "book_valuer_per_share_4q_avg": 16.13,
            "equity": 2030590,
            "current_ratio": 107.85,
            "debt_ratio": 20.83,
            "inventory_turnover_ratio": 0.48,
            "account_receivable_turnover_ratio": null,
            "reinvestment_rate": null,
            "research_to_sale_ratio": null,
            "price_fair": 23.8,
            "eps_avg_yearly": 0.68,
            "eps_latest_yearly": 0.24,
            "eps_growth_yearly": 326.67
        },
        "20034": {
            "year_quarter": 20034,
            "year": 2003,
            "quarter": 4,
            "eps": -0.16,
            "eps_growth_year": null,
            "eps_4q": 0.17,
            "eps_4q_growth_year": null,
            "roe": -0.98,
            "roe_4q": 1.06,
            "gross_profit": -7254,
            "gross_margin": -7.53,
            "gross_margin_4q_avg": 8.79,
            "net_income": -20092,
            "revenue": 96305,
            "common_shares": 1246000,
            "book_valuer_per_share": 16.45,
            "book_valuer_per_share_4q_avg": 16.23,
            "equity": 2049305,
            "current_ratio": 106.4,
            "debt_ratio": 19.88,
            "inventory_turnover_ratio": 0.36,
            "account_receivable_turnover_ratio": null,
            "reinvestment_rate": null,
            "research_to_sale_ratio": null,
            "price_fair": 23.8,
            "eps_avg_yearly": 0.68,
            "eps_latest_yearly": 0.24,
            "eps_growth_yearly": 326.67
        },
        "20041": {
            "year_quarter": 20041,
            "year": 2004,
            "quarter": 1,
            "eps": -0.06,
            "eps_growth_year": null,
            "eps_4q": 0.3,
            "eps_4q_growth_year": null,
            "roe": -0.35,
            "roe_4q": 1.8399999999999999,
            "gross_profit": 9934,
            "gross_margin": 8.5,
            "gross_margin_4q_avg": 8.48,
            "net_income": -7237,
            "revenue": 116811,
            "common_shares": 1246000,
            "book_valuer_per_share": 16.38,
            "book_valuer_per_share_4q_avg": 16.36,
            "equity": 2041501,
            "current_ratio": 106.15,
            "debt_ratio": 23.24,
            "inventory_turnover_ratio": 0.33,
            "account_receivable_turnover_ratio": null,
            "reinvestment_rate": null,
            "research_to_sale_ratio": null,
            "price_fair": 23.8,
            "eps_avg_yearly": 0.68,
            "eps_latest_yearly": 0.24,
            "eps_growth_yearly": 326.67
        },
        "20042": {
            "year_quarter": 20042,
            "year": 2004,
            "quarter": 2,
            "eps": 0.18,
            "eps_growth_year": -60,
            "eps_4q": 0.01,
            "eps_4q_growth_year": null,
            "roe": 1.1,
            "roe_4q": 0.1200000000000001,
            "gross_profit": 44324,
            "gross_margin": 14.7,
            "gross_margin_4q_avg": 7.46,
            "net_income": 21978,
            "revenue": 301493,
            "common_shares": 1246000,
            "book_valuer_per_share": 15.55,
            "book_valuer_per_share_4q_avg": 16.17,
            "equity": 1938044,
            "current_ratio": 93,
            "debt_ratio": 29.26,
            "inventory_turnover_ratio": 0.78,
            "account_receivable_turnover_ratio": null,
            "reinvestment_rate": null,
            "research_to_sale_ratio": null,
            "price_fair": 23.8,
            "eps_avg_yearly": 0.68,
            "eps_latest_yearly": 0.24,
            "eps_growth_yearly": 326.67
        },
        "20043": {
            "year_quarter": 20043,
            "year": 2004,
            "quarter": 3,
            "eps": -0.5,
            "eps_growth_year": -933.33,
            "eps_4q": -0.54,
            "eps_4q_growth_year": -7286.48,
            "roe": -3.25,
            "roe_4q": -3.48,
            "gross_profit": 12021,
            "gross_margin": 8.65,
            "gross_margin_4q_avg": 6.08,
            "net_income": -61950,
            "revenue": 139002,
            "common_shares": 1246000,
            "book_valuer_per_share": 15.03,
            "book_valuer_per_share_4q_avg": 15.85,
            "equity": 1872813,
            "current_ratio": 91.33,
            "debt_ratio": 26.2,
            "inventory_turnover_ratio": 0.42,
            "account_receivable_turnover_ratio": null,
            "reinvestment_rate": null,
            "research_to_sale_ratio": null,
            "price_fair": 23.8,
            "eps_avg_yearly": 0.68,
            "eps_latest_yearly": 0.24,
            "eps_growth_yearly": 326.67
        },
        "20044": {
            "year_quarter": 20044,
            "year": 2004,
            "quarter": 4,
            "eps": -1.41,
            "eps_growth_year": null,
            "eps_4q": -1.79,
            "eps_4q_growth_year": -1152.94,
            "roe": -9.83,
            "roe_4q": -12.33,
            "gross_profit": 4277,
            "gross_margin": 3.99,
            "gross_margin_4q_avg": 8.96,
            "net_income": -175460,
            "revenue": 107170,
            "common_shares": 1246000,
            "book_valuer_per_share": 13.62,
            "book_valuer_per_share_4q_avg": 15.15,
            "equity": 1697023,
            "current_ratio": 122.47,
            "debt_ratio": 26.57,
            "inventory_turnover_ratio": 0.34,
            "account_receivable_turnover_ratio": null,
            "reinvestment_rate": null,
            "research_to_sale_ratio": null,
            "price_fair": 23.8,
            "eps_avg_yearly": 0.68,
            "eps_latest_yearly": 0.24,
            "eps_growth_yearly": 326.67
        },
        "20051": {
            "year_quarter": 20051,
            "year": 2005,
            "quarter": 1,
            "eps": -0.32,
            "eps_growth_year": null,
            "eps_4q": -2.04,
            "eps_4q_growth_year": -777.11,
            "roe": -2.39,
            "roe_4q": -14.370000000000001,
            "gross_profit": 9418,
            "gross_margin": 7.51,
            "gross_margin_4q_avg": 8.71,
            "net_income": -40081,
            "revenue": 125404,
            "common_shares": 1246000,
            "book_valuer_per_share": 13.3,
            "book_valuer_per_share_4q_avg": 14.38,
            "equity": 1656942,
            "current_ratio": 115.34,
            "debt_ratio": 27.78,
            "inventory_turnover_ratio": 0.35,
            "account_receivable_turnover_ratio": null,
            "reinvestment_rate": null,
            "research_to_sale_ratio": null,
            "price_fair": 23.8,
            "eps_avg_yearly": 0.68,
            "eps_latest_yearly": 0.24,
            "eps_growth_yearly": 326.67
        },
        "20052": {
            "year_quarter": 20052,
            "year": 2005,
            "quarter": 2,
            "eps": 0.05,
            "eps_growth_year": -72.22,
            "eps_4q": -2.08,
            "eps_4q_growth_year": -14176.07,
            "roe": 0.39,
            "roe_4q": -15.08,
            "gross_profit": 29943,
            "gross_margin": 10.03,
            "gross_margin_4q_avg": 7.55,
            "net_income": 6522,
            "revenue": 298648,
            "common_shares": 1246000,
            "book_valuer_per_share": 13.35,
            "book_valuer_per_share_4q_avg": 13.83,
            "equity": 1663164,
            "current_ratio": 114.99,
            "debt_ratio": 29.55,
            "inventory_turnover_ratio": 0.86,
            "account_receivable_turnover_ratio": null,
            "reinvestment_rate": null,
            "research_to_sale_ratio": null,
            "price_fair": 23.8,
            "eps_avg_yearly": 0.68,
            "eps_latest_yearly": 0.24,
            "eps_growth_yearly": 326.67
        },
        "20053": {
            "year_quarter": 20053,
            "year": 2005,
            "quarter": 3,
            "eps": -0.12,
            "eps_growth_year": null,
            "eps_4q": -1.8,
            "eps_4q_growth_year": null,
            "roe": -0.89,
            "roe_4q": -12.72,
            "gross_profit": 20176,
            "gross_margin": 11.62,
            "gross_margin_4q_avg": 8.29,
            "net_income": -14757,
            "revenue": 173595,
            "common_shares": 1246000,
            "book_valuer_per_share": 13.25,
            "book_valuer_per_share_4q_avg": 13.38,
            "equity": 1651139,
            "current_ratio": 119.04,
            "debt_ratio": 24.96,
            "inventory_turnover_ratio": 0.58,
            "account_receivable_turnover_ratio": null,
            "reinvestment_rate": null,
            "research_to_sale_ratio": null,
            "price_fair": 23.8,
            "eps_avg_yearly": 0.68,
            "eps_latest_yearly": 0.24,
            "eps_growth_yearly": 326.67
        },
        "20054": {
            "year_quarter": 20054,
            "year": 2005,
            "quarter": 4,
            "eps": -0.26,
            "eps_growth_year": null,
            "eps_4q": -0.65,
            "eps_4q_growth_year": null,
            "roe": -2,
            "roe_4q": -4.890000000000001,
            "gross_profit": 4,
            "gross_margin": 0,
            "gross_margin_4q_avg": 7.29,
            "net_income": -32571,
            "revenue": 89257,
            "common_shares": 1246000,
            "book_valuer_per_share": 12.93,
            "book_valuer_per_share_4q_avg": 13.21,
            "equity": 1611277,
            "current_ratio": 124.11,
            "debt_ratio": 24.6,
            "inventory_turnover_ratio": 0.33,
            "account_receivable_turnover_ratio": null,
            "reinvestment_rate": null,
            "research_to_sale_ratio": null,
            "price_fair": 23.8,
            "eps_avg_yearly": 0.68,
            "eps_latest_yearly": 0.24,
            "eps_growth_yearly": 326.67
        },
        "20061": {
            "year_quarter": 20061,
            "year": 2006,
            "quarter": 1,
            "eps": -0.01,
            "eps_growth_year": null,
            "eps_4q": -0.31,
            "eps_4q_growth_year": null,
            "roe": -0.08,
            "roe_4q": -2.58,
            "gross_profit": 13330,
            "gross_margin": 9.61,
            "gross_margin_4q_avg": 7.82,
            "net_income": -1354,
            "revenue": 138650,
            "common_shares": 1246000,
            "book_valuer_per_share": 12.92,
            "book_valuer_per_share_4q_avg": 13.11,
            "equity": 1609342,
            "current_ratio": 113.66,
            "debt_ratio": 28.15,
            "inventory_turnover_ratio": 0.4,
            "account_receivable_turnover_ratio": null,
            "reinvestment_rate": null,
            "research_to_sale_ratio": null,
            "price_fair": 0.72,
            "eps_avg_yearly": 0.24,
            "eps_latest_yearly": 0.24,
            "eps_growth_yearly": -346.67
        },
        "20062": {
            "year_quarter": 20062,
            "year": 2006,
            "quarter": 2,
            "eps": 0.27,
            "eps_growth_year": 440,
            "eps_4q": -0.11,
            "eps_4q_growth_year": null,
            "roe": 2.1,
            "roe_4q": -0.87,
            "gross_profit": 45869,
            "gross_margin": 15.76,
            "gross_margin_4q_avg": 9.25,
            "net_income": 34175,
            "revenue": 291100,
            "common_shares": 1246000,
            "book_valuer_per_share": 13.19,
            "book_valuer_per_share_4q_avg": 13.07,
            "equity": 1643432,
            "current_ratio": 119.2,
            "debt_ratio": 29.32,
            "inventory_turnover_ratio": 0.77,
            "account_receivable_turnover_ratio": null,
            "reinvestment_rate": null,
            "research_to_sale_ratio": null,
            "price_fair": 0.72,
            "eps_avg_yearly": 0.24,
            "eps_latest_yearly": 0.24,
            "eps_growth_yearly": -346.67
        },
        "20063": {
            "year_quarter": 20063,
            "year": 2006,
            "quarter": 3,
            "eps": 0.1,
            "eps_growth_year": null,
            "eps_4q": 0.1,
            "eps_4q_growth_year": null,
            "roe": 0.72,
            "roe_4q": 0.7400000000000002,
            "gross_profit": 15140,
            "gross_margin": 8.82,
            "gross_margin_4q_avg": 8.55,
            "net_income": 11951,
            "revenue": 171564,
            "common_shares": 1246000,
            "book_valuer_per_share": 13.29,
            "book_valuer_per_share_4q_avg": 13.08,
            "equity": 1656329,
            "current_ratio": 128.57,
            "debt_ratio": 24.17,
            "inventory_turnover_ratio": 0.55,
            "account_receivable_turnover_ratio": null,
            "reinvestment_rate": null,
            "research_to_sale_ratio": null,
            "price_fair": 0.96,
            "eps_avg_yearly": 0.32,
            "eps_latest_yearly": 0.4,
            "eps_growth_yearly": -299.26
        },
        "20064": {
            "year_quarter": 20064,
            "year": 2006,
            "quarter": 4,
            "eps": 0.06,
            "eps_growth_year": null,
            "eps_4q": 0.44,
            "eps_4q_growth_year": null,
            "roe": 0.42,
            "roe_4q": 3.16,
            "gross_profit": 4124,
            "gross_margin": 4,
            "gross_margin_4q_avg": 9.55,
            "net_income": 7005,
            "revenue": 103156,
            "common_shares": 1246000,
            "book_valuer_per_share": 13.33,
            "book_valuer_per_share_4q_avg": 13.18,
            "equity": 1661252,
            "current_ratio": 148.43,
            "debt_ratio": 23.66,
            "inventory_turnover_ratio": 0.35,
            "account_receivable_turnover_ratio": null,
            "reinvestment_rate": null,
            "research_to_sale_ratio": null,
            "price_fair": 0.88,
            "eps_avg_yearly": 0.29,
            "eps_latest_yearly": 0.24,
            "eps_growth_yearly": -252.84
        },
        "20071": {
            "year_quarter": 20071,
            "year": 2007,
            "quarter": 1,
            "eps": -0.12,
            "eps_growth_year": null,
            "eps_4q": 0.3,
            "eps_4q_growth_year": null,
            "roe": -0.91,
            "roe_4q": 2.33,
            "gross_profit": 12819,
            "gross_margin": 10.96,
            "gross_margin_4q_avg": 9.89,
            "net_income": -15097,
            "revenue": 116927,
            "common_shares": 1246000,
            "book_valuer_per_share": 13.22,
            "book_valuer_per_share_4q_avg": 13.26,
            "equity": 1646912,
            "current_ratio": 136.4,
            "debt_ratio": 25.25,
            "inventory_turnover_ratio": 0.33,
            "account_receivable_turnover_ratio": null,
            "reinvestment_rate": null,
            "research_to_sale_ratio": null,
            "price_fair": 0.88,
            "eps_avg_yearly": 0.29,
            "eps_latest_yearly": 0.24,
            "eps_growth_yearly": -252.84
        },
        "20072": {
            "year_quarter": 20072,
            "year": 2007,
            "quarter": 2,
            "eps": 0.09,
            "eps_growth_year": -66.67,
            "eps_4q": 0.12,
            "eps_4q_growth_year": null,
            "roe": 0.71,
            "roe_4q": 0.94,
            "gross_profit": 34605,
            "gross_margin": 12.83,
            "gross_margin_4q_avg": 9.15,
            "net_income": 11732,
            "revenue": 269776,
            "common_shares": 1246000,
            "book_valuer_per_share": 13.31,
            "book_valuer_per_share_4q_avg": 13.29,
            "equity": 1658078,
            "current_ratio": 131.54,
            "debt_ratio": 28.64,
            "inventory_turnover_ratio": 0.73,
            "account_receivable_turnover_ratio": null,
            "reinvestment_rate": null,
            "research_to_sale_ratio": null,
            "price_fair": 0.88,
            "eps_avg_yearly": 0.29,
            "eps_latest_yearly": 0.24,
            "eps_growth_yearly": -252.84
        },
        "20073": {
            "year_quarter": 20073,
            "year": 2007,
            "quarter": 3,
            "eps": 0.01,
            "eps_growth_year": -90,
            "eps_4q": 0.04,
            "eps_4q_growth_year": -64.58,
            "roe": 0.05,
            "roe_4q": 0.26999999999999996,
            "gross_profit": 11374,
            "gross_margin": 8.09,
            "gross_margin_4q_avg": 8.97,
            "net_income": 865,
            "revenue": 140627,
            "common_shares": 1246000,
            "book_valuer_per_share": 13.31,
            "book_valuer_per_share_4q_avg": 13.29,
            "equity": 1658734,
            "current_ratio": 149.33,
            "debt_ratio": 21,
            "inventory_turnover_ratio": 0.43,
            "account_receivable_turnover_ratio": null,
            "reinvestment_rate": null,
            "research_to_sale_ratio": null,
            "price_fair": 0.68,
            "eps_avg_yearly": 0.23,
            "eps_latest_yearly": 0.04,
            "eps_growth_yearly": -255.8
        },
        "20074": {
            "year_quarter": 20074,
            "year": 2007,
            "quarter": 4,
            "eps": -0.07,
            "eps_growth_year": -216.67,
            "eps_4q": -0.09,
            "eps_4q_growth_year": -120.3,
            "roe": -0.55,
            "roe_4q": -0.7000000000000001,
            "gross_profit": 1940,
            "gross_margin": 2.06,
            "gross_margin_4q_avg": 8.49,
            "net_income": -9079,
            "revenue": 94066,
            "common_shares": 1246000,
            "book_valuer_per_share": 13.23,
            "book_valuer_per_share_4q_avg": 13.27,
            "equity": 1648545,
            "current_ratio": 165.56,
            "debt_ratio": 19.66,
            "inventory_turnover_ratio": 0.31,
            "account_receivable_turnover_ratio": null,
            "reinvestment_rate": null,
            "research_to_sale_ratio": null,
            "price_fair": 0.68,
            "eps_avg_yearly": 0.23,
            "eps_latest_yearly": 0.04,
            "eps_growth_yearly": -255.8
        },
        "20081": {
            "year_quarter": 20081,
            "year": 2008,
            "quarter": 1,
            "eps": -0.04,
            "eps_growth_year": null,
            "eps_4q": -0.01,
            "eps_4q_growth_year": -103.78,
            "roe": -0.3,
            "roe_4q": -0.09000000000000008,
            "gross_profit": 4661,
            "gross_margin": 5.27,
            "gross_margin_4q_avg": 7.06,
            "net_income": -4923,
            "revenue": 88429,
            "common_shares": 1246000,
            "book_valuer_per_share": 13.17,
            "book_valuer_per_share_4q_avg": 13.26,
            "equity": 1640884,
            "current_ratio": 141.39,
            "debt_ratio": 27.91,
            "inventory_turnover_ratio": 0.26,
            "account_receivable_turnover_ratio": null,
            "reinvestment_rate": null,
            "research_to_sale_ratio": null,
            "price_fair": 0.68,
            "eps_avg_yearly": 0.23,
            "eps_latest_yearly": 0.04,
            "eps_growth_yearly": -255.8
        },
        "20082": {
            "year_quarter": 20082,
            "year": 2008,
            "quarter": 2,
            "eps": -0.58,
            "eps_growth_year": -744.44,
            "eps_4q": -0.68,
            "eps_4q_growth_year": -671.01,
            "roe": -4.48,
            "roe_4q": -5.28,
            "gross_profit": 25246,
            "gross_margin": 12.6,
            "gross_margin_4q_avg": 7.01,
            "net_income": -71960,
            "revenue": 200362,
            "common_shares": 1246000,
            "book_valuer_per_share": 12.59,
            "book_valuer_per_share_4q_avg": 13.08,
            "equity": 1568675,
            "current_ratio": 126.95,
            "debt_ratio": 31.69,
            "inventory_turnover_ratio": 0.52,
            "account_receivable_turnover_ratio": null,
            "reinvestment_rate": null,
            "research_to_sale_ratio": null,
            "price_fair": 0.68,
            "eps_avg_yearly": 0.23,
            "eps_latest_yearly": 0.04,
            "eps_growth_yearly": -255.8
        },
        "20083": {
            "year_quarter": 20083,
            "year": 2008,
            "quarter": 3,
            "eps": -0.83,
            "eps_growth_year": -8400,
            "eps_4q": -1.52,
            "eps_4q_growth_year": -4313.97,
            "roe": -6.84,
            "roe_4q": -12.170000000000002,
            "gross_profit": 15606,
            "gross_margin": 7.99,
            "gross_margin_4q_avg": 6.98,
            "net_income": -103883,
            "revenue": 195422,
            "common_shares": 1246000,
            "book_valuer_per_share": 11.77,
            "book_valuer_per_share_4q_avg": 12.69,
            "equity": 1467155,
            "current_ratio": 114.71,
            "debt_ratio": 30.6,
            "inventory_turnover_ratio": 0.58,
            "account_receivable_turnover_ratio": null,
            "reinvestment_rate": null,
            "research_to_sale_ratio": null,
            "price_fair": 0.68,
            "eps_avg_yearly": 0.23,
            "eps_latest_yearly": 0.04,
            "eps_growth_yearly": -255.8
        },
        "20084": {
            "year_quarter": 20084,
            "year": 2008,
            "quarter": 4,
            "eps": -0.43,
            "eps_growth_year": null,
            "eps_4q": -1.88,
            "eps_4q_growth_year": null,
            "roe": -3.75,
            "roe_4q": -15.370000000000001,
            "gross_profit": 7250,
            "gross_margin": 5.79,
            "gross_margin_4q_avg": 7.91,
            "net_income": -54042,
            "revenue": 125123,
            "common_shares": 1246000,
            "book_valuer_per_share": 11.36,
            "book_valuer_per_share_4q_avg": 12.22,
            "equity": 1414903,
            "current_ratio": 108.19,
            "debt_ratio": 29.09,
            "inventory_turnover_ratio": 0.4,
            "account_receivable_turnover_ratio": 2.3,
            "reinvestment_rate": null,
            "research_to_sale_ratio": null,
            "price_fair": 0.68,
            "eps_avg_yearly": 0.23,
            "eps_latest_yearly": 0.04,
            "eps_growth_yearly": -255.8
        },
        "20091": {
            "year_quarter": 20091,
            "year": 2009,
            "quarter": 1,
            "eps": 0.07,
            "eps_growth_year": null,
            "eps_4q": -1.82,
            "eps_4q_growth_year": null,
            "roe": 0.6,
            "roe_4q": -14.47,
            "gross_profit": 11250,
            "gross_margin": 10.61,
            "gross_margin_4q_avg": 9.25,
            "net_income": 8494,
            "revenue": 106050,
            "common_shares": 1246000,
            "book_valuer_per_share": 11.43,
            "book_valuer_per_share_4q_avg": 11.79,
            "equity": 1424630,
            "current_ratio": 109,
            "debt_ratio": 31.41,
            "inventory_turnover_ratio": 0.3,
            "account_receivable_turnover_ratio": 0.86,
            "reinvestment_rate": null,
            "research_to_sale_ratio": null,
            "price_fair": 0.68,
            "eps_avg_yearly": 0.23,
            "eps_latest_yearly": 0.04,
            "eps_growth_yearly": -255.8
        },
        "20092": {
            "year_quarter": 20092,
            "year": 2009,
            "quarter": 2,
            "eps": 0.23,
            "eps_growth_year": null,
            "eps_4q": -0.99,
            "eps_4q_growth_year": null,
            "roe": 1.96,
            "roe_4q": -8.03,
            "gross_profit": 46664,
            "gross_margin": 17.14,
            "gross_margin_4q_avg": 10.38,
            "net_income": 28199,
            "revenue": 272278,
            "common_shares": 1246000,
            "book_valuer_per_share": 11.65,
            "book_valuer_per_share_4q_avg": 11.55,
            "equity": 1451599,
            "current_ratio": 112.25,
            "debt_ratio": 34.75,
            "inventory_turnover_ratio": 0.7,
            "account_receivable_turnover_ratio": 1.17,
            "reinvestment_rate": null,
            "research_to_sale_ratio": null,
            "price_fair": 14,
            "eps_avg_yearly": 0.4,
            "eps_latest_yearly": 0.92,
            "eps_growth_yearly": 36.72
        },
        "20093": {
            "year_quarter": 20093,
            "year": 2009,
            "quarter": 3,
            "eps": 0.12,
            "eps_growth_year": null,
            "eps_4q": -0.02,
            "eps_4q_growth_year": null,
            "roe": 1.05,
            "roe_4q": -0.14000000000000012,
            "gross_profit": 21021,
            "gross_margin": 14.76,
            "gross_margin_4q_avg": 12.08,
            "net_income": 15271,
            "revenue": 142390,
            "common_shares": 1246000,
            "book_valuer_per_share": 11.77,
            "book_valuer_per_share_4q_avg": 11.55,
            "equity": 1465966,
            "current_ratio": 116.64,
            "debt_ratio": 31.59,
            "inventory_turnover_ratio": 0.4,
            "account_receivable_turnover_ratio": 0.61,
            "reinvestment_rate": null,
            "research_to_sale_ratio": null,
            "price_fair": 1.25,
            "eps_avg_yearly": 0.42,
            "eps_latest_yearly": 0.48,
            "eps_growth_yearly": -8.89
        },
        "20094": {
            "year_quarter": 20094,
            "year": 2009,
            "quarter": 4,
            "eps": 0.08,
            "eps_growth_year": null,
            "eps_4q": 0.5,
            "eps_4q_growth_year": null,
            "roe": 0.68,
            "roe_4q": 4.29,
            "gross_profit": 3437,
            "gross_margin": 3.97,
            "gross_margin_4q_avg": 11.62,
            "net_income": 9973,
            "revenue": 86536,
            "common_shares": 1246000,
            "book_valuer_per_share": 11.84,
            "book_valuer_per_share_4q_avg": 11.67,
            "equity": 1475655,
            "current_ratio": 124.65,
            "debt_ratio": 24.76,
            "inventory_turnover_ratio": 0.28,
            "account_receivable_turnover_ratio": 1.97,
            "reinvestment_rate": null,
            "research_to_sale_ratio": null,
            "price_fair": 1.2,
            "eps_avg_yearly": 0.4,
            "eps_latest_yearly": 0.32,
            "eps_growth_yearly": -29.63
        },
        "20101": {
            "year_quarter": 20101,
            "year": 2010,
            "quarter": 1,
            "eps": 0.09,
            "eps_growth_year": 28.57,
            "eps_4q": 0.52,
            "eps_4q_growth_year": null,
            "roe": 0.79,
            "roe_4q": 4.48,
            "gross_profit": 13892,
            "gross_margin": 11.9,
            "gross_margin_4q_avg": 11.94,
            "net_income": 11724,
            "revenue": 116694,
            "common_shares": 1246000,
            "book_valuer_per_share": 11.93,
            "book_valuer_per_share_4q_avg": 11.8,
            "equity": 1487080,
            "current_ratio": 123.96,
            "debt_ratio": 26.47,
            "inventory_turnover_ratio": 0.33,
            "account_receivable_turnover_ratio": 1.2,
            "reinvestment_rate": null,
            "research_to_sale_ratio": null,
            "price_fair": 1.18,
            "eps_avg_yearly": 0.39,
            "eps_latest_yearly": 0.36,
            "eps_growth_yearly": -18.25
        },
        "20102": {
            "year_quarter": 20102,
            "year": 2010,
            "quarter": 2,
            "eps": 0.06,
            "eps_growth_year": -73.39,
            "eps_4q": 0.36,
            "eps_4q_growth_year": null,
            "roe": 0.51,
            "roe_4q": 3.0300000000000002,
            "gross_profit": 45814,
            "gross_margin": 16.77,
            "gross_margin_4q_avg": 11.85,
            "net_income": 7625,
            "revenue": 273243,
            "common_shares": 1246000,
            "book_valuer_per_share": 12,
            "book_valuer_per_share_4q_avg": 11.89,
            "equity": 1495220,
            "current_ratio": 124.5,
            "debt_ratio": 27.86,
            "inventory_turnover_ratio": 0.71,
            "account_receivable_turnover_ratio": 1.85,
            "reinvestment_rate": null,
            "research_to_sale_ratio": null,
            "price_fair": 1.13,
            "eps_avg_yearly": 0.38,
            "eps_latest_yearly": 0.24,
            "eps_growth_yearly": -32.64
        },
        "20103": {
            "year_quarter": 20103,
            "year": 2010,
            "quarter": 3,
            "eps": 0.25,
            "eps_growth_year": 110.94,
            "eps_4q": 0.49,
            "eps_4q_growth_year": null,
            "roe": 2.09,
            "roe_4q": 4.069999999999999,
            "gross_profit": 40770,
            "gross_margin": 19.16,
            "gross_margin_4q_avg": 12.95,
            "net_income": 31541,
            "revenue": 212830,
            "common_shares": 1246000,
            "book_valuer_per_share": 12.24,
            "book_valuer_per_share_4q_avg": 12,
            "equity": 1525667,
            "current_ratio": 130.84,
            "debt_ratio": 27.01,
            "inventory_turnover_ratio": 0.58,
            "account_receivable_turnover_ratio": 1.29,
            "reinvestment_rate": null,
            "research_to_sale_ratio": null,
            "price_fair": 15.75,
            "eps_avg_yearly": 0.45,
            "eps_latest_yearly": 1,
            "eps_growth_yearly": 157.18
        },
        "20104": {
            "year_quarter": 20104,
            "year": 2010,
            "quarter": 4,
            "eps": -0.15,
            "eps_growth_year": -284.6,
            "eps_4q": 0.26,
            "eps_4q_growth_year": -47.55,
            "roe": -1.22,
            "roe_4q": 2.17,
            "gross_profit": 21731,
            "gross_margin": 15.37,
            "gross_margin_4q_avg": 15.8,
            "net_income": -18401,
            "revenue": 141363,
            "common_shares": 1246000,
            "book_valuer_per_share": 12.02,
            "book_valuer_per_share_4q_avg": 12.05,
            "equity": 1497917,
            "current_ratio": 125.14,
            "debt_ratio": 29.58,
            "inventory_turnover_ratio": 0.41,
            "account_receivable_turnover_ratio": 1.14,
            "reinvestment_rate": null,
            "research_to_sale_ratio": null,
            "price_fair": 16.8,
            "eps_avg_yearly": 0.48,
            "eps_latest_yearly": 1,
            "eps_growth_yearly": 202.49
        },
        "20111": {
            "year_quarter": 20111,
            "year": 2011,
            "quarter": 1,
            "eps": 0.11,
            "eps_growth_year": 22.22,
            "eps_4q": 0.28,
            "eps_4q_growth_year": -46.66,
            "roe": 0.93,
            "roe_4q": 2.3099999999999996,
            "gross_profit": 37886,
            "gross_margin": 17.21,
            "gross_margin_4q_avg": 17.13,
            "net_income": 13996,
            "revenue": 220165,
            "common_shares": 1246000,
            "book_valuer_per_share": 12.14,
            "book_valuer_per_share_4q_avg": 12.1,
            "equity": 1512203,
            "current_ratio": 128.21,
            "debt_ratio": 29.53,
            "inventory_turnover_ratio": 0.59,
            "account_receivable_turnover_ratio": 1.36,
            "reinvestment_rate": null,
            "research_to_sale_ratio": null,
            "price_fair": 16.8,
            "eps_avg_yearly": 0.48,
            "eps_latest_yearly": 1,
            "eps_growth_yearly": 202.49
        },
        "20112": {
            "year_quarter": 20112,
            "year": 2011,
            "quarter": 2,
            "eps": 0.11,
            "eps_growth_year": 75.24,
            "eps_4q": 0.33,
            "eps_4q_growth_year": -9.19,
            "roe": 0.88,
            "roe_4q": 2.6799999999999997,
            "gross_profit": 61854,
            "gross_margin": 21.68,
            "gross_margin_4q_avg": 18.36,
            "net_income": 13364,
            "revenue": 285290,
            "common_shares": 1246000,
            "book_valuer_per_share": 12.24,
            "book_valuer_per_share_4q_avg": 12.16,
            "equity": 1524665,
            "current_ratio": 127.96,
            "debt_ratio": 31.48,
            "inventory_turnover_ratio": 0.7,
            "account_receivable_turnover_ratio": 1.36,
            "reinvestment_rate": null,
            "research_to_sale_ratio": null,
            "price_fair": 16.63,
            "eps_avg_yearly": 0.48,
            "eps_latest_yearly": 0.44,
            "eps_growth_yearly": 177.18
        },
        "20113": {
            "year_quarter": 20113,
            "year": 2011,
            "quarter": 3,
            "eps": 0.02,
            "eps_growth_year": -90.9,
            "eps_4q": 0.09,
            "eps_4q_growth_year": -80.57,
            "roe": 0.19,
            "roe_4q": 0.78,
            "gross_profit": 31564,
            "gross_margin": 13.74,
            "gross_margin_4q_avg": 17,
            "net_income": 2867,
            "revenue": 229715,
            "common_shares": 1246000,
            "book_valuer_per_share": 12.28,
            "book_valuer_per_share_4q_avg": 12.17,
            "equity": 1529762,
            "current_ratio": 141.17,
            "debt_ratio": 24.23,
            "inventory_turnover_ratio": 0.61,
            "account_receivable_turnover_ratio": 1.25,
            "reinvestment_rate": null,
            "research_to_sale_ratio": null,
            "price_fair": 16.8,
            "eps_avg_yearly": 0.48,
            "eps_latest_yearly": 0.08,
            "eps_growth_yearly": 180.71
        },
        "20114": {
            "year_quarter": 20114,
            "year": 2011,
            "quarter": 4,
            "eps": -0.03,
            "eps_growth_year": null,
            "eps_4q": 0.21,
            "eps_4q_growth_year": -18.51,
            "roe": -0.25,
            "roe_4q": 1.75,
            "gross_profit": 14929,
            "gross_margin": 18.98,
            "gross_margin_4q_avg": 17.9,
            "net_income": -3757,
            "revenue": 78664,
            "common_shares": 1246000,
            "book_valuer_per_share": 12.23,
            "book_valuer_per_share_4q_avg": 12.22,
            "equity": 1523482,
            "current_ratio": 141.41,
            "debt_ratio": 24.25,
            "inventory_turnover_ratio": 0.19,
            "account_receivable_turnover_ratio": 0.56,
            "reinvestment_rate": null,
            "research_to_sale_ratio": null,
            "price_fair": 16.8,
            "eps_avg_yearly": 0.48,
            "eps_latest_yearly": 0.08,
            "eps_growth_yearly": 180.71
        },
        "20121": {
            "year_quarter": 20121,
            "year": 2012,
            "quarter": 1,
            "eps": 0.02,
            "eps_growth_year": -81.82,
            "eps_4q": 0.12,
            "eps_4q_growth_year": -58.57,
            "roe": 0.13,
            "roe_4q": 0.95,
            "gross_profit": 18377,
            "gross_margin": 15.38,
            "gross_margin_4q_avg": 17.45,
            "net_income": 1925,
            "revenue": 119500,
            "common_shares": 1246000,
            "book_valuer_per_share": 12.23,
            "book_valuer_per_share_4q_avg": 12.25,
            "equity": 1524417,
            "current_ratio": 137.58,
            "debt_ratio": 26.45,
            "inventory_turnover_ratio": 0.27,
            "account_receivable_turnover_ratio": 1.14,
            "reinvestment_rate": null,
            "research_to_sale_ratio": null,
            "price_fair": 16.8,
            "eps_avg_yearly": 0.48,
            "eps_latest_yearly": 0.08,
            "eps_growth_yearly": 180.71
        },
        "20122": {
            "year_quarter": 20122,
            "year": 2012,
            "quarter": 2,
            "eps": 0.13,
            "eps_growth_year": 19.84,
            "eps_4q": 0.14,
            "eps_4q_growth_year": -57.89,
            "roe": 1.04,
            "roe_4q": 1.1099999999999999,
            "gross_profit": 37405,
            "gross_margin": 17.14,
            "gross_margin_4q_avg": 16.31,
            "net_income": 16013,
            "revenue": 218168,
            "common_shares": 1246000,
            "book_valuer_per_share": 12.37,
            "book_valuer_per_share_4q_avg": 12.28,
            "equity": 1540908,
            "current_ratio": 138.54,
            "debt_ratio": 27.9,
            "inventory_turnover_ratio": 0.49,
            "account_receivable_turnover_ratio": 1.64,
            "reinvestment_rate": null,
            "research_to_sale_ratio": null,
            "price_fair": 16.96,
            "eps_avg_yearly": 0.48,
            "eps_latest_yearly": 0.52,
            "eps_growth_yearly": 405.08
        },
        "20123": {
            "year_quarter": 20123,
            "year": 2012,
            "quarter": 3,
            "eps": 0.14,
            "eps_growth_year": 500.03,
            "eps_4q": 0.25,
            "eps_4q_growth_year": 165.54,
            "roe": 1.11,
            "roe_4q": 2.0300000000000002,
            "gross_profit": 29526,
            "gross_margin": 19.5,
            "gross_margin_4q_avg": 17.75,
            "net_income": 17228,
            "revenue": 151384,
            "common_shares": 1246000,
            "book_valuer_per_share": 12.5,
            "book_valuer_per_share_4q_avg": 12.33,
            "equity": 1557310,
            "current_ratio": 146.65,
            "debt_ratio": 25.44,
            "inventory_turnover_ratio": 0.35,
            "account_receivable_turnover_ratio": 0.87,
            "reinvestment_rate": 90.42,
            "research_to_sale_ratio": null,
            "price_fair": 17.22,
            "eps_avg_yearly": 0.49,
            "eps_latest_yearly": 0.56,
            "eps_growth_yearly": 367.65
        },
        "20124": {
            "year_quarter": 20124,
            "year": 2012,
            "quarter": 4,
            "eps": -0.09,
            "eps_growth_year": null,
            "eps_4q": 0.19,
            "eps_4q_growth_year": -10.91,
            "roe": -0.74,
            "roe_4q": 1.54,
            "gross_profit": -9554,
            "gross_margin": -8.81,
            "gross_margin_4q_avg": 10.8,
            "net_income": -11580,
            "revenue": 108413,
            "common_shares": 1246000,
            "book_valuer_per_share": 12.46,
            "book_valuer_per_share_4q_avg": 12.39,
            "equity": 1551914,
            "current_ratio": 146.44,
            "debt_ratio": 24.7,
            "inventory_turnover_ratio": 0.35,
            "account_receivable_turnover_ratio": 0.75,
            "reinvestment_rate": 63.79,
            "research_to_sale_ratio": null,
            "price_fair": 17.22,
            "eps_avg_yearly": 0.49,
            "eps_latest_yearly": 0.56,
            "eps_growth_yearly": 367.65
        },
        "20131": {
            "year_quarter": 20131,
            "year": 2013,
            "quarter": 1,
            "eps": 0.08,
            "eps_growth_year": 300,
            "eps_4q": 0.26,
            "eps_4q_growth_year": 122.75,
            "roe": 0.67,
            "roe_4q": 2.08,
            "gross_profit": 9240,
            "gross_margin": 9.76,
            "gross_margin_4q_avg": 9.4,
            "net_income": 10424,
            "revenue": 94656,
            "common_shares": 1246000,
            "book_valuer_per_share": 12.47,
            "book_valuer_per_share_4q_avg": 12.45,
            "equity": 1553613,
            "current_ratio": 144.75,
            "debt_ratio": 26.52,
            "inventory_turnover_ratio": 0.25,
            "account_receivable_turnover_ratio": 0.88,
            "reinvestment_rate": 13.85,
            "research_to_sale_ratio": null,
            "price_fair": 17.22,
            "eps_avg_yearly": 0.49,
            "eps_latest_yearly": 0.56,
            "eps_growth_yearly": 367.65
        },
        "20132": {
            "year_quarter": 20132,
            "year": 2013,
            "quarter": 2,
            "eps": -0.02,
            "eps_growth_year": -115.56,
            "eps_4q": 0.11,
            "eps_4q_growth_year": -16.97,
            "roe": -0.12,
            "roe_4q": 0.9200000000000002,
            "gross_profit": 14588,
            "gross_margin": 9.35,
            "gross_margin_4q_avg": 7.45,
            "net_income": -1909,
            "revenue": 155974,
            "common_shares": 1246000,
            "book_valuer_per_share": 12.45,
            "book_valuer_per_share_4q_avg": 12.47,
            "equity": 1551704,
            "current_ratio": 149.62,
            "debt_ratio": 24.67,
            "inventory_turnover_ratio": 0.41,
            "account_receivable_turnover_ratio": 1.2,
            "reinvestment_rate": 18.28,
            "research_to_sale_ratio": null,
            "price_fair": 15.56,
            "eps_avg_yearly": 0.44,
            "eps_latest_yearly": 0.56,
            "eps_growth_yearly": 306.91
        },
        "20133": {
            "year_quarter": 20133,
            "year": 2013,
            "quarter": 3,
            "eps": 0.01,
            "eps_growth_year": -92.77,
            "eps_4q": -0.01,
            "eps_4q_growth_year": -104.92,
            "roe": 0.1,
            "roe_4q": -0.08999999999999997,
            "gross_profit": 15679,
            "gross_margin": 9.9,
            "gross_margin_4q_avg": 5.05,
            "net_income": 1524,
            "revenue": 158440,
            "common_shares": 1246000,
            "book_valuer_per_share": 12.47,
            "book_valuer_per_share_4q_avg": 12.46,
            "equity": 1553228,
            "current_ratio": 157.21,
            "debt_ratio": 22.49,
            "inventory_turnover_ratio": 0.45,
            "account_receivable_turnover_ratio": 0.99,
            "reinvestment_rate": 20.55,
            "research_to_sale_ratio": null,
            "price_fair": 15.4,
            "eps_avg_yearly": 0.44,
            "eps_latest_yearly": 0.56,
            "eps_growth_yearly": 369.19
        },
        "20134": {
            "year_quarter": 20134,
            "year": 2013,
            "quarter": 4,
            "eps": -0.02,
            "eps_growth_year": null,
            "eps_4q": 0.06,
            "eps_4q_growth_year": -68.05,
            "roe": -0.16,
            "roe_4q": 0.49000000000000005,
            "gross_profit": 2867,
            "gross_margin": 2.7,
            "gross_margin_4q_avg": 7.93,
            "net_income": -2503,
            "revenue": 106241,
            "common_shares": 1246000,
            "book_valuer_per_share": 12.46,
            "book_valuer_per_share_4q_avg": 12.46,
            "equity": 1552886,
            "current_ratio": 179.52,
            "debt_ratio": 17.41,
            "inventory_turnover_ratio": 0.35,
            "account_receivable_turnover_ratio": 0.71,
            "reinvestment_rate": -122.66,
            "research_to_sale_ratio": null,
            "price_fair": 16,
            "eps_avg_yearly": 0.46,
            "eps_latest_yearly": 0.56,
            "eps_growth_yearly": 440.98
        },
        "20141": {
            "year_quarter": 20141,
            "year": 2014,
            "quarter": 1,
            "eps": -0.03,
            "eps_growth_year": -137.5,
            "eps_4q": -0.06,
            "eps_4q_growth_year": -121.79,
            "roe": -0.26,
            "roe_4q": -0.44000000000000006,
            "gross_profit": 4087,
            "gross_margin": 3.77,
            "gross_margin_4q_avg": 6.43,
            "net_income": -4106,
            "revenue": 108522,
            "common_shares": 1246000,
            "book_valuer_per_share": 12.43,
            "book_valuer_per_share_4q_avg": 12.45,
            "equity": 1548780,
            "current_ratio": 196.29,
            "debt_ratio": 15.01,
            "inventory_turnover_ratio": 0.36,
            "account_receivable_turnover_ratio": 1.03,
            "reinvestment_rate": -61.42,
            "research_to_sale_ratio": null,
            "price_fair": 16.57,
            "eps_avg_yearly": 0.47,
            "eps_latest_yearly": 0.56,
            "eps_growth_yearly": 506.14
        },
        "20142": {
            "year_quarter": 20142,
            "year": 2014,
            "quarter": 2,
            "eps": 0.06,
            "eps_growth_year": null,
            "eps_4q": 0.02,
            "eps_4q_growth_year": -82.16,
            "roe": 0.47,
            "roe_4q": 0.14999999999999997,
            "gross_profit": 21311,
            "gross_margin": 15.02,
            "gross_margin_4q_avg": 7.85,
            "net_income": 7610,
            "revenue": 141890,
            "common_shares": 1246000,
            "book_valuer_per_share": 13.74,
            "book_valuer_per_share_4q_avg": 12.78,
            "equity": 1712296,
            "current_ratio": 258.82,
            "debt_ratio": 15.2,
            "inventory_turnover_ratio": 0.41,
            "account_receivable_turnover_ratio": 1.38,
            "reinvestment_rate": -213.34,
            "research_to_sale_ratio": null,
            "price_fair": 18.2,
            "eps_avg_yearly": 0.52,
            "eps_latest_yearly": 0.56,
            "eps_growth_yearly": 634.03
        },
        "20143": {
            "year_quarter": 20143,
            "year": 2014,
            "quarter": 3,
            "eps": 0.03,
            "eps_growth_year": 200,
            "eps_4q": 0.04,
            "eps_4q_growth_year": null,
            "roe": 0.22,
            "roe_4q": 0.2699999999999999,
            "gross_profit": 18093,
            "gross_margin": 12.67,
            "gross_margin_4q_avg": 8.54,
            "net_income": 3859,
            "revenue": 142837,
            "common_shares": 1246000,
            "book_valuer_per_share": 14.07,
            "book_valuer_per_share_4q_avg": 13.18,
            "equity": 1753360,
            "current_ratio": 252.49,
            "debt_ratio": 16.53,
            "inventory_turnover_ratio": 0.44,
            "account_receivable_turnover_ratio": 1.13,
            "reinvestment_rate": -177.71,
            "research_to_sale_ratio": null,
            "price_fair": 12.04,
            "eps_avg_yearly": 0.34,
            "eps_latest_yearly": 0.12,
            "eps_growth_yearly": 340.7
        },
        "20144": {
            "year_quarter": 20144,
            "year": 2014,
            "quarter": 4,
            "eps": -0.06,
            "eps_growth_year": null,
            "eps_4q": -0,
            "eps_4q_growth_year": -100.89,
            "roe": -0.42,
            "roe_4q": 0.010000000000000009,
            "gross_profit": 1394,
            "gross_margin": 1.71,
            "gross_margin_4q_avg": 8.29,
            "net_income": -7430,
            "revenue": 81636,
            "common_shares": 1246000,
            "book_valuer_per_share": 14.06,
            "book_valuer_per_share_4q_avg": 13.58,
            "equity": 1751779,
            "current_ratio": 250.21,
            "debt_ratio": 16.97,
            "inventory_turnover_ratio": 0.28,
            "account_receivable_turnover_ratio": 0.89,
            "reinvestment_rate": -266.46,
            "research_to_sale_ratio": null,
            "price_fair": 12.04,
            "eps_avg_yearly": 0.34,
            "eps_latest_yearly": 0.12,
            "eps_growth_yearly": 340.7
        },
        "20151": {
            "year_quarter": 20151,
            "year": 2015,
            "quarter": 1,
            "eps": -0.08,
            "eps_growth_year": null,
            "eps_4q": -0.05,
            "eps_4q_growth_year": null,
            "roe": -0.58,
            "roe_4q": -0.31000000000000005,
            "gross_profit": 2763,
            "gross_margin": 3.65,
            "gross_margin_4q_avg": 8.26,
            "net_income": -10285,
            "revenue": 75795,
            "common_shares": 1246000,
            "book_valuer_per_share": 14.52,
            "book_valuer_per_share_4q_avg": 14.1,
            "equity": 1809111,
            "current_ratio": 287.49,
            "debt_ratio": 15.11,
            "inventory_turnover_ratio": 0.25,
            "account_receivable_turnover_ratio": 1.09,
            "reinvestment_rate": -448.13,
            "research_to_sale_ratio": null,
            "price_fair": 12.04,
            "eps_avg_yearly": 0.34,
            "eps_latest_yearly": 0.12,
            "eps_growth_yearly": 340.7
        },
        "20152": {
            "year_quarter": 20152,
            "year": 2015,
            "quarter": 2,
            "eps": 0.15,
            "eps_growth_year": 150,
            "eps_4q": 0.04,
            "eps_4q_growth_year": 77.35,
            "roe": 0.99,
            "roe_4q": 0.21000000000000005,
            "gross_profit": 37291,
            "gross_margin": 25.3,
            "gross_margin_4q_avg": 10.83,
            "net_income": 18336,
            "revenue": 147371,
            "common_shares": 1246000,
            "book_valuer_per_share": 15.07,
            "book_valuer_per_share_4q_avg": 14.43,
            "equity": 1877210,
            "current_ratio": 274.02,
            "debt_ratio": 17.07,
            "inventory_turnover_ratio": 0.36,
            "account_receivable_turnover_ratio": 1.6,
            "reinvestment_rate": -391.86,
            "research_to_sale_ratio": null,
            "price_fair": 11.2,
            "eps_avg_yearly": 0.32,
            "eps_latest_yearly": 0.12,
            "eps_growth_yearly": 425.87
        },
        "20153": {
            "year_quarter": 20153,
            "year": 2015,
            "quarter": 3,
            "eps": -0.02,
            "eps_growth_year": -166.67,
            "eps_4q": -0.02,
            "eps_4q_growth_year": -148.4,
            "roe": -0.16,
            "roe_4q": -0.16999999999999998,
            "gross_profit": 9244,
            "gross_margin": 7.8,
            "gross_margin_4q_avg": 9.62,
            "net_income": -2974,
            "revenue": 118498,
            "common_shares": 1246000,
            "book_valuer_per_share": 14.2,
            "book_valuer_per_share_4q_avg": 14.46,
            "equity": 1769196,
            "current_ratio": 231.65,
            "debt_ratio": 19.35,
            "inventory_turnover_ratio": 0.36,
            "account_receivable_turnover_ratio": 1.05,
            "reinvestment_rate": -456.8,
            "research_to_sale_ratio": null,
            "price_fair": 14,
            "eps_avg_yearly": 0.4,
            "eps_latest_yearly": 0.12,
            "eps_growth_yearly": 676.92
        },
        "20154": {
            "year_quarter": 20154,
            "year": 2015,
            "quarter": 4,
            "eps": -0.09,
            "eps_growth_year": null,
            "eps_4q": -0.05,
            "eps_4q_growth_year": null,
            "roe": -0.61,
            "roe_4q": -0.36,
            "gross_profit": -757,
            "gross_margin": -1.02,
            "gross_margin_4q_avg": 8.93,
            "net_income": -10885,
            "revenue": 73918,
            "common_shares": 1246000,
            "book_valuer_per_share": 14.53,
            "book_valuer_per_share_4q_avg": 14.58,
            "equity": 1810918,
            "current_ratio": 229.85,
            "debt_ratio": 20.54,
            "inventory_turnover_ratio": 0.24,
            "account_receivable_turnover_ratio": 0.91,
            "reinvestment_rate": -589.25,
            "research_to_sale_ratio": null,
            "price_fair": 14,
            "eps_avg_yearly": 0.4,
            "eps_latest_yearly": 0.12,
            "eps_growth_yearly": 676.92
        },
        "20161": {
            "year_quarter": 20161,
            "year": 2016,
            "quarter": 1,
            "eps": -0.05,
            "eps_growth_year": null,
            "eps_4q": -0.01,
            "eps_4q_growth_year": null,
            "roe": -0.35,
            "roe_4q": -0.1299999999999999,
            "gross_profit": 10536,
            "gross_margin": 10.67,
            "gross_margin_4q_avg": 10.69,
            "net_income": -6190,
            "revenue": 98745,
            "common_shares": 1246000,
            "book_valuer_per_share": 14.05,
            "book_valuer_per_share_4q_avg": 14.46,
            "equity": 1750410,
            "current_ratio": 210.18,
            "debt_ratio": 21.93,
            "inventory_turnover_ratio": 0.28,
            "account_receivable_turnover_ratio": 1.61,
            "reinvestment_rate": -873.67,
            "research_to_sale_ratio": null,
            "price_fair": 14,
            "eps_avg_yearly": 0.4,
            "eps_latest_yearly": 0.12,
            "eps_growth_yearly": 676.92
        },
        "20162": {
            "year_quarter": 20162,
            "year": 2016,
            "quarter": 2,
            "eps": -0.07,
            "eps_growth_year": -146.67,
            "eps_4q": -0.23,
            "eps_4q_growth_year": -730.58,
            "roe": -0.46,
            "roe_4q": -1.5799999999999998,
            "gross_profit": 6875,
            "gross_margin": 7.78,
            "gross_margin_4q_avg": 6.31,
            "net_income": -8201,
            "revenue": 88345,
            "common_shares": 1246000,
            "book_valuer_per_share": 14.7,
            "book_valuer_per_share_4q_avg": 14.37,
            "equity": 1832172,
            "current_ratio": 215.17,
            "debt_ratio": 22.91,
            "inventory_turnover_ratio": 0.26,
            "account_receivable_turnover_ratio": 1.18,
            "reinvestment_rate": null,
            "research_to_sale_ratio": null,
            "price_fair": 1.02,
            "eps_avg_yearly": 0.34,
            "eps_latest_yearly": 0.12,
            "eps_growth_yearly": -84.62
        },
        "20163": {
            "year_quarter": 20163,
            "year": 2016,
            "quarter": 3,
            "eps": -0.16,
            "eps_growth_year": null,
            "eps_4q": -0.36,
            "eps_4q_growth_year": null,
            "roe": -1.07,
            "roe_4q": -2.4899999999999998,
            "gross_profit": 2009,
            "gross_margin": 2.38,
            "gross_margin_4q_avg": 4.95,
            "net_income": -19832,
            "revenue": 84241,
            "common_shares": 1246000,
            "book_valuer_per_share": 14.95,
            "book_valuer_per_share_4q_avg": 14.56,
            "equity": 1862297,
            "current_ratio": 193.59,
            "debt_ratio": 26.97,
            "inventory_turnover_ratio": 0.27,
            "account_receivable_turnover_ratio": 1.21,
            "reinvestment_rate": null,
            "research_to_sale_ratio": null,
            "price_fair": 0.36,
            "eps_avg_yearly": 0.12,
            "eps_latest_yearly": 0.12,
            "eps_growth_yearly": -200
        },
        "20164": {
            "year_quarter": 20164,
            "year": 2016,
            "quarter": 4,
            "eps": -0.35,
            "eps_growth_year": null,
            "eps_4q": -0.62,
            "eps_4q_growth_year": null,
            "roe": -2.36,
            "roe_4q": -4.239999999999999,
            "gross_profit": -42933,
            "gross_margin": -48.93,
            "gross_margin_4q_avg": -7.03,
            "net_income": -43353,
            "revenue": 87737,
            "common_shares": 1246000,
            "book_valuer_per_share": 14.59,
            "book_valuer_per_share_4q_avg": 14.57,
            "equity": 1817930,
            "current_ratio": 176.07,
            "debt_ratio": 29.86,
            "inventory_turnover_ratio": 0.46,
            "account_receivable_turnover_ratio": 1.56,
            "reinvestment_rate": null,
            "research_to_sale_ratio": null,
            "price_fair": 0.36,
            "eps_avg_yearly": 0.12,
            "eps_latest_yearly": 0.12,
            "eps_growth_yearly": -200
        },
        "20171": {
            "year_quarter": 20171,
            "year": 2017,
            "quarter": 1,
            "eps": -0.33,
            "eps_growth_year": null,
            "eps_4q": -0.9,
            "eps_4q_growth_year": null,
            "roe": -2.32,
            "roe_4q": -6.21,
            "gross_profit": 6421,
            "gross_margin": 11.62,
            "gross_margin_4q_avg": -6.79,
            "net_income": -40563,
            "revenue": 55243,
            "common_shares": 1246000,
            "book_valuer_per_share": 13.43,
            "book_valuer_per_share_4q_avg": 14.42,
            "equity": 1673923,
            "current_ratio": 151.71,
            "debt_ratio": 32.88,
            "inventory_turnover_ratio": 0.18,
            "account_receivable_turnover_ratio": 1.57,
            "reinvestment_rate": null,
            "research_to_sale_ratio": null,
            "price_fair": 0.36,
            "eps_avg_yearly": 0.12,
            "eps_latest_yearly": 0.12,
            "eps_growth_yearly": -200
        },
        "20172": {
            "year_quarter": 20172,
            "year": 2017,
            "quarter": 2,
            "eps": -0.03,
            "eps_growth_year": null,
            "eps_4q": -0.87,
            "eps_4q_growth_year": null,
            "roe": -0.24,
            "roe_4q": -5.99,
            "gross_profit": 2225,
            "gross_margin": 2.74,
            "gross_margin_4q_avg": -8.05,
            "net_income": -4161,
            "revenue": 81344,
            "common_shares": 1246000,
            "book_valuer_per_share": 13.96,
            "book_valuer_per_share_4q_avg": 14.23,
            "equity": 1739273,
            "current_ratio": 156.91,
            "debt_ratio": 33.26,
            "inventory_turnover_ratio": 0.32,
            "account_receivable_turnover_ratio": 1.71,
            "reinvestment_rate": null,
            "research_to_sale_ratio": null,
            "price_fair": 0.36,
            "eps_avg_yearly": 0.12,
            "eps_latest_yearly": 0.12,
            "eps_growth_yearly": -200
        },
        "20173": {
            "year_quarter": 20173,
            "year": 2017,
            "quarter": 3,
            "eps": -0.04,
            "eps_growth_year": null,
            "eps_4q": -0.75,
            "eps_4q_growth_year": null,
            "roe": -0.32,
            "roe_4q": -5.24,
            "gross_profit": -3926,
            "gross_margin": -4.97,
            "gross_margin_4q_avg": -9.89,
            "net_income": -5603,
            "revenue": 78964,
            "common_shares": 1246000,
            "book_valuer_per_share": 13.9,
            "book_valuer_per_share_4q_avg": 13.97,
            "equity": 1732051,
            "current_ratio": 154.1,
            "debt_ratio": 34.15,
            "inventory_turnover_ratio": 0.38,
            "account_receivable_turnover_ratio": 1.35,
            "reinvestment_rate": null,
            "research_to_sale_ratio": null,
            "price_fair": 0.36,
            "eps_avg_yearly": 0.12,
            "eps_latest_yearly": 0.12,
            "eps_growth_yearly": -200
        },
        "20174": {
            "year_quarter": 20174,
            "year": 2017,
            "quarter": 4,
            "eps": -0.25,
            "eps_growth_year": null,
            "eps_4q": -0.65,
            "eps_4q_growth_year": null,
            "roe": -1.79,
            "roe_4q": -4.67,
            "gross_profit": -11641,
            "gross_margin": -17.32,
            "gross_margin_4q_avg": -1.98,
            "net_income": -31041,
            "revenue": 67217,
            "common_shares": 1246000,
            "book_valuer_per_share": 13.87,
            "book_valuer_per_share_4q_avg": 13.79,
            "equity": 1727749,
            "current_ratio": 153.15,
            "debt_ratio": 34.16,
            "inventory_turnover_ratio": 0.45,
            "account_receivable_turnover_ratio": 1.86,
            "reinvestment_rate": null,
            "research_to_sale_ratio": null,
            "price_fair": 0.36,
            "eps_avg_yearly": 0.12,
            "eps_latest_yearly": 0.12,
            "eps_growth_yearly": -200
        },
        "20181": {
            "year_quarter": 20181,
            "year": 2018,
            "quarter": 1,
            "eps": -0.2,
            "eps_growth_year": null,
            "eps_4q": -0.52,
            "eps_4q_growth_year": null,
            "roe": -1.43,
            "roe_4q": -3.7799999999999994,
            "gross_profit": 14591,
            "gross_margin": 23.62,
            "gross_margin_4q_avg": 1.02,
            "net_income": -24598,
            "revenue": 61775,
            "common_shares": 1246000,
            "book_valuer_per_share": 13.8,
            "book_valuer_per_share_4q_avg": 13.88,
            "equity": 1719420,
            "current_ratio": 151.21,
            "debt_ratio": 34.73,
            "inventory_turnover_ratio": 0.33,
            "account_receivable_turnover_ratio": 1.58,
            "reinvestment_rate": null,
            "research_to_sale_ratio": null,
            "price_fair": 0.36,
            "eps_avg_yearly": 0.12,
            "eps_latest_yearly": 0.12,
            "eps_growth_yearly": -200
        }
    },
    "months": {
        "2001-06": {
            "month": "2001-06",
            "price": "24.00",
            "revenue": 95816
        },
        "2001-07": {
            "month": "2001-07",
            "price": "24.00",
            "revenue": 77520
        },
        "2001-08": {
            "month": "2001-08",
            "price": "23.64",
            "revenue": 74805
        },
        "2001-09": {
            "month": "2001-09",
            "price": "22.00",
            "revenue": 74840
        },
        "2001-10": {
            "month": "2001-10",
            "price": "21.24",
            "revenue": 46478
        },
        "2001-11": {
            "month": "2001-11",
            "price": "21.80",
            "revenue": 22815
        },
        "2001-12": {
            "month": "2001-12",
            "price": "21.80",
            "revenue": 18505
        },
        "2002-01": {
            "month": "2002-01",
            "price": "21.80",
            "revenue": 20658
        },
        "2002-02": {
            "month": "2002-02",
            "price": "21.80",
            "revenue": 29375
        },
        "2002-03": {
            "month": "2002-03",
            "price": "21.65",
            "revenue": 91688
        },
        "2002-05": {
            "month": "2002-05",
            "price": "21.80",
            "revenue": 96004
        },
        "2002-06": {
            "month": "2002-06",
            "price": "21.87",
            "revenue": 117233
        },
        "2002-07": {
            "month": "2002-07",
            "price": "21.80",
            "revenue": 110438
        },
        "2002-08": {
            "month": "2002-08",
            "price": "21.80",
            "revenue": 91077
        },
        "2002-09": {
            "month": "2002-09",
            "price": "21.78",
            "revenue": 48401
        },
        "2002-10": {
            "month": "2002-10",
            "price": "21.68",
            "revenue": 54584
        },
        "2002-11": {
            "month": "2002-11",
            "price": "21.31",
            "revenue": 29870
        },
        "2002-12": {
            "month": "2002-12",
            "price": "20.28",
            "revenue": 16945
        },
        "2003-01": {
            "month": "2003-01",
            "price": "20.92",
            "revenue": 29599
        },
        "2003-02": {
            "month": "2003-02",
            "price": "21.62",
            "revenue": 37430
        },
        "2003-03": {
            "month": "2003-03",
            "price": "21.52",
            "revenue": 69452
        },
        "2003-04": {
            "month": "2003-04",
            "price": "21.06",
            "revenue": 90535
        },
        "2003-05": {
            "month": "2003-05",
            "price": "21.00",
            "revenue": 109223
        },
        "2003-06": {
            "month": "2003-06",
            "price": "20.79",
            "revenue": 124573
        },
        "2003-07": {
            "month": "2003-07",
            "price": "19.20",
            "revenue": 84673
        },
        "2003-08": {
            "month": "2003-08",
            "price": "18.71",
            "revenue": 47001
        },
        "2003-09": {
            "month": "2003-09",
            "price": "19.30",
            "revenue": 39739
        },
        "2003-10": {
            "month": "2003-10",
            "price": "19.40",
            "revenue": 38390
        },
        "2003-11": {
            "month": "2003-11",
            "price": "19.48",
            "revenue": 34925
        },
        "2003-12": {
            "month": "2003-12",
            "price": "18.37",
            "revenue": 22990
        },
        "2004-01": {
            "month": "2004-01",
            "price": "18.18",
            "revenue": 31062
        },
        "2004-02": {
            "month": "2004-02",
            "price": "18.13",
            "revenue": 27490
        },
        "2004-03": {
            "month": "2004-03",
            "price": "19.54",
            "revenue": 58259
        },
        "2004-04": {
            "month": "2004-04",
            "price": "17.08",
            "revenue": 106029
        },
        "2004-05": {
            "month": "2004-05",
            "price": "14.10",
            "revenue": 86269
        },
        "2004-06": {
            "month": "2004-06",
            "price": "13.26",
            "revenue": 108767
        },
        "2004-07": {
            "month": "2004-07",
            "price": "12.64",
            "revenue": 66842
        },
        "2004-08": {
            "month": "2004-08",
            "price": "12.86",
            "revenue": 48032
        },
        "2004-09": {
            "month": "2004-09",
            "price": "11.75",
            "revenue": 23815
        },
        "2004-10": {
            "month": "2004-10",
            "price": "11.52",
            "revenue": 44502
        },
        "2004-11": {
            "month": "2004-11",
            "price": "11.34",
            "revenue": 32140
        },
        "2004-12": {
            "month": "2004-12",
            "price": "11.60",
            "revenue": 30517
        },
        "2005-01": {
            "month": "2005-01",
            "price": "11.42",
            "revenue": 19108
        },
        "2005-02": {
            "month": "2005-02",
            "price": "11.33",
            "revenue": 24778
        },
        "2005-03": {
            "month": "2005-03",
            "price": "11.10",
            "revenue": 81518
        },
        "2005-04": {
            "month": "2005-04",
            "price": "10.60",
            "revenue": 95152
        },
        "2005-05": {
            "month": "2005-05",
            "price": "10.74",
            "revenue": 97738
        },
        "2005-06": {
            "month": "2005-06",
            "price": "10.68",
            "revenue": 105887
        },
        "2005-07": {
            "month": "2005-07",
            "price": "10.75",
            "revenue": 90027
        },
        "2005-08": {
            "month": "2005-08",
            "price": "10.67",
            "revenue": 38588
        },
        "2005-09": {
            "month": "2005-09",
            "price": "10.34",
            "revenue": 44918
        },
        "2005-10": {
            "month": "2005-10",
            "price": "10.12",
            "revenue": 31984
        },
        "2005-11": {
            "month": "2005-11",
            "price": "10.02",
            "revenue": 26982
        },
        "2005-12": {
            "month": "2005-12",
            "price": "9.97",
            "revenue": 30292
        },
        "2006-01": {
            "month": "2006-01",
            "price": "9.92",
            "revenue": 28475
        },
        "2006-02": {
            "month": "2006-02",
            "price": "10.01",
            "revenue": 41848
        },
        "2006-03": {
            "month": "2006-03",
            "price": "9.84",
            "revenue": 68327
        },
        "2006-04": {
            "month": "2006-04",
            "price": "9.76",
            "revenue": 87623
        },
        "2006-05": {
            "month": "2006-05",
            "price": "9.75",
            "revenue": 116844
        },
        "2006-06": {
            "month": "2006-06",
            "price": "9.56",
            "revenue": 86634
        },
        "2006-07": {
            "month": "2006-07",
            "price": "9.46",
            "revenue": 67411
        },
        "2006-08": {
            "month": "2006-08",
            "price": "9.10",
            "revenue": 55583
        },
        "2006-09": {
            "month": "2006-09",
            "price": "9.18",
            "revenue": 49878
        },
        "2006-10": {
            "month": "2006-10",
            "price": "8.36",
            "revenue": 51565
        },
        "2006-11": {
            "month": "2006-11",
            "price": "8.61",
            "revenue": 26782
        },
        "2006-12": {
            "month": "2006-12",
            "price": "9.72",
            "revenue": 24809
        },
        "2007-01": {
            "month": "2007-01",
            "price": "15.70",
            "revenue": 22964
        },
        "2007-02": {
            "month": "2007-02",
            "price": "12.62",
            "revenue": 40707
        },
        "2007-03": {
            "month": "2007-03",
            "price": "14.69",
            "revenue": 55321
        },
        "2007-04": {
            "month": "2007-04",
            "price": "14.10",
            "revenue": 71894
        },
        "2007-05": {
            "month": "2007-05",
            "price": "12.30",
            "revenue": 109722
        },
        "2007-06": {
            "month": "2007-06",
            "price": "12.68",
            "revenue": 88160
        },
        "2007-07": {
            "month": "2007-07",
            "price": "16.94",
            "revenue": 71448
        },
        "2007-08": {
            "month": "2007-08",
            "price": "14.61",
            "revenue": 42375
        },
        "2007-09": {
            "month": "2007-09",
            "price": "13.12",
            "revenue": 26805
        },
        "2007-10": {
            "month": "2007-10",
            "price": "14.59",
            "revenue": 41955
        },
        "2007-11": {
            "month": "2007-11",
            "price": "13.08",
            "revenue": 24263
        },
        "2007-12": {
            "month": "2007-12",
            "price": "12.27",
            "revenue": 27848
        },
        "2008-01": {
            "month": "2008-01",
            "price": "10.87",
            "revenue": 22613
        },
        "2008-02": {
            "month": "2008-02",
            "price": "9.66",
            "revenue": 24618
        },
        "2008-03": {
            "month": "2008-03",
            "price": "12.67",
            "revenue": 41198
        },
        "2008-04": {
            "month": "2008-04",
            "price": "13.50",
            "revenue": 75381
        },
        "2008-05": {
            "month": "2008-05",
            "price": "13.00",
            "revenue": 73938
        },
        "2008-06": {
            "month": "2008-06",
            "price": "11.62",
            "revenue": 51042
        },
        "2008-07": {
            "month": "2008-07",
            "price": "10.25",
            "revenue": 72236
        },
        "2008-08": {
            "month": "2008-08",
            "price": "9.23",
            "revenue": 58782
        },
        "2008-09": {
            "month": "2008-09",
            "price": "7.73",
            "revenue": 64404
        },
        "2008-10": {
            "month": "2008-10",
            "price": "6.84",
            "revenue": 62788
        },
        "2008-11": {
            "month": "2008-11",
            "price": "9.09",
            "revenue": 33202
        },
        "2008-12": {
            "month": "2008-12",
            "price": "9.21",
            "revenue": 29132
        },
        "2009-01": {
            "month": "2009-01",
            "price": "9.74",
            "revenue": 19404
        },
        "2009-02": {
            "month": "2009-02",
            "price": "9.80",
            "revenue": 38603
        },
        "2009-03": {
            "month": "2009-03",
            "price": "9.58",
            "revenue": 48043
        },
        "2009-04": {
            "month": "2009-04",
            "price": "9.17",
            "revenue": 100871
        },
        "2009-05": {
            "month": "2009-05",
            "price": "9.16",
            "revenue": 91121
        },
        "2009-06": {
            "month": "2009-06",
            "price": "8.62",
            "revenue": 80286
        },
        "2009-07": {
            "month": "2009-07",
            "price": "8.56",
            "revenue": 41469
        },
        "2009-08": {
            "month": "2009-08",
            "price": "8.22",
            "revenue": 41520
        },
        "2009-09": {
            "month": "2009-09",
            "price": "8.46",
            "revenue": 59401
        },
        "2009-10": {
            "month": "2009-10",
            "price": "8.72",
            "revenue": 34818
        },
        "2009-11": {
            "month": "2009-11",
            "price": "9.56",
            "revenue": 20809
        },
        "2009-12": {
            "month": "2009-12",
            "price": "10.10",
            "revenue": 30908
        },
        "2010-01": {
            "month": "2010-01",
            "price": "9.97",
            "revenue": 28544
        },
        "2010-02": {
            "month": "2010-02",
            "price": "8.90",
            "revenue": 24711
        },
        "2010-03": {
            "month": "2010-03",
            "price": "9.45",
            "revenue": 63439
        },
        "2010-04": {
            "month": "2010-04",
            "price": "12.90",
            "revenue": 100494
        },
        "2010-05": {
            "month": "2010-05",
            "price": "12.93",
            "revenue": 87307
        },
        "2010-06": {
            "month": "2010-06",
            "price": "13.39",
            "revenue": 85443
        },
        "2010-07": {
            "month": "2010-07",
            "price": "12.81",
            "revenue": 82231
        },
        "2010-08": {
            "month": "2010-08",
            "price": "14.09",
            "revenue": 63850
        },
        "2010-09": {
            "month": "2010-09",
            "price": "13.77",
            "revenue": 64190
        },
        "2010-10": {
            "month": "2010-10",
            "price": "13.03",
            "revenue": 46664
        },
        "2010-11": {
            "month": "2010-11",
            "price": "12.40",
            "revenue": 39421
        },
        "2010-12": {
            "month": "2010-12",
            "price": "12.01",
            "revenue": 52147
        },
        "2011-01": {
            "month": "2011-01",
            "price": "12.48",
            "revenue": 69057
        },
        "2011-02": {
            "month": "2011-02",
            "price": "12.11",
            "revenue": 62662
        },
        "2011-03": {
            "month": "2011-03",
            "price": "11.60",
            "revenue": 88446
        },
        "2011-04": {
            "month": "2011-04",
            "price": "11.42",
            "revenue": 73989
        },
        "2011-05": {
            "month": "2011-05",
            "price": "11.28",
            "revenue": 102982
        },
        "2011-06": {
            "month": "2011-06",
            "price": "11.23",
            "revenue": 106390
        },
        "2011-07": {
            "month": "2011-07",
            "price": "10.79",
            "revenue": 86555
        },
        "2011-08": {
            "month": "2011-08",
            "price": "10.20",
            "revenue": 67849
        },
        "2011-09": {
            "month": "2011-09",
            "price": "9.27",
            "revenue": 73458
        },
        "2011-10": {
            "month": "2011-10",
            "price": "9.18",
            "revenue": 43117
        },
        "2011-11": {
            "month": "2011-11",
            "price": "9.30",
            "revenue": 25015
        },
        "2011-12": {
            "month": "2011-12",
            "price": "9.05",
            "revenue": 14332
        },
        "2012-01": {
            "month": "2012-01",
            "price": "8.90",
            "revenue": 19780
        },
        "2012-02": {
            "month": "2012-02",
            "price": "9.31",
            "revenue": 36817
        },
        "2012-03": {
            "month": "2012-03",
            "price": "9.25",
            "revenue": 59571
        },
        "2012-04": {
            "month": "2012-04",
            "price": "8.87",
            "revenue": 54647
        },
        "2012-05": {
            "month": "2012-05",
            "price": "8.62",
            "revenue": 82801
        },
        "2012-06": {
            "month": "2012-06",
            "price": "8.30",
            "revenue": 83998
        },
        "2012-07": {
            "month": "2012-07",
            "price": "8.42",
            "revenue": 62027
        },
        "2012-08": {
            "month": "2012-08",
            "price": "8.69",
            "revenue": 47698
        },
        "2012-09": {
            "month": "2012-09",
            "price": "8.73",
            "revenue": 37976
        },
        "2012-10": {
            "month": "2012-10",
            "price": "9.10",
            "revenue": 43734
        },
        "2012-11": {
            "month": "2012-11",
            "price": "8.90",
            "revenue": 26853
        },
        "2012-12": {
            "month": "2012-12",
            "price": "9.16",
            "revenue": 38538
        },
        "2013-01": {
            "month": "2013-01",
            "price": "9.17",
            "revenue": 30774
        },
        "2013-02": {
            "month": "2013-02",
            "price": "9.11",
            "revenue": 25215
        },
        "2013-03": {
            "month": "2013-03",
            "price": "9.14",
            "revenue": 38667
        },
        "2013-04": {
            "month": "2013-04",
            "price": "9.23",
            "revenue": 62088
        },
        "2013-05": {
            "month": "2013-05",
            "price": "9.26",
            "revenue": 46894
        },
        "2013-06": {
            "month": "2013-06",
            "price": "9.72",
            "revenue": 47152
        },
        "2013-07": {
            "month": "2013-07",
            "price": "9.77",
            "revenue": 57674
        },
        "2013-08": {
            "month": "2013-08",
            "price": "9.59",
            "revenue": 56954
        },
        "2013-09": {
            "month": "2013-09",
            "price": "9.53",
            "revenue": 43965
        },
        "2013-10": {
            "month": "2013-10",
            "price": "10.18",
            "revenue": 52190
        },
        "2013-11": {
            "month": "2013-11",
            "price": "10.34",
            "revenue": 24651
        },
        "2013-12": {
            "month": "2013-12",
            "price": "10.49",
            "revenue": 31411
        },
        "2014-01": {
            "month": "2014-01",
            "price": "10.76",
            "revenue": 34314
        },
        "2014-02": {
            "month": "2014-02",
            "price": "11.56",
            "revenue": 36550
        },
        "2014-03": {
            "month": "2014-03",
            "price": "11.92",
            "revenue": 35651
        },
        "2014-04": {
            "month": "2014-04",
            "price": "12.23",
            "revenue": 42477
        },
        "2014-05": {
            "month": "2014-05",
            "price": "12.12",
            "revenue": 45170
        },
        "2014-06": {
            "month": "2014-06",
            "price": "12.18",
            "revenue": 53698
        },
        "2014-07": {
            "month": "2014-07",
            "price": "12.13",
            "revenue": 54718
        },
        "2014-08": {
            "month": "2014-08",
            "price": "12.40",
            "revenue": 45639
        },
        "2014-09": {
            "month": "2014-09",
            "price": "12.38",
            "revenue": 42208
        },
        "2014-10": {
            "month": "2014-10",
            "price": "12.37",
            "revenue": 33688
        },
        "2014-11": {
            "month": "2014-11",
            "price": "12.18",
            "revenue": 18957
        },
        "2014-12": {
            "month": "2014-12",
            "price": "12.36",
            "revenue": 29715
        },
        "2015-01": {
            "month": "2015-01",
            "price": "12.29",
            "revenue": 17890
        },
        "2015-02": {
            "month": "2015-02",
            "price": "12.32",
            "revenue": 17529
        },
        "2015-03": {
            "month": "2015-03",
            "price": "12.34",
            "revenue": 40381
        },
        "2015-04": {
            "month": "2015-04",
            "price": "12.49",
            "revenue": 41381
        },
        "2015-05": {
            "month": "2015-05",
            "price": "13.16",
            "revenue": 43328
        },
        "2015-06": {
            "month": "2015-06",
            "price": "13.01",
            "revenue": 62657
        },
        "2015-07": {
            "month": "2015-07",
            "price": "12.84",
            "revenue": 51430
        },
        "2015-08": {
            "month": "2015-08",
            "price": "12.71",
            "revenue": 35012
        },
        "2015-09": {
            "month": "2015-09",
            "price": "12.54",
            "revenue": 32123
        },
        "2015-10": {
            "month": "2015-10",
            "price": "12.52",
            "revenue": 38912
        },
        "2015-11": {
            "month": "2015-11",
            "price": "12.52",
            "revenue": 16874
        },
        "2015-12": {
            "month": "2015-12",
            "price": "12.82",
            "revenue": 18116
        },
        "2016-01": {
            "month": "2016-01",
            "price": "12.48",
            "revenue": 33529
        },
        "2016-02": {
            "month": "2016-02",
            "price": "12.71",
            "revenue": 20475
        },
        "2016-03": {
            "month": "2016-03",
            "price": "12.75",
            "revenue": 44741
        },
        "2016-04": {
            "month": "2016-04",
            "price": "12.76",
            "revenue": 35419
        },
        "2016-05": {
            "month": "2016-05",
            "price": "12.98",
            "revenue": 32474
        },
        "2016-06": {
            "month": "2016-06",
            "price": "12.79",
            "revenue": 19097
        },
        "2016-07": {
            "month": "2016-07",
            "price": "13.15",
            "revenue": 31219
        },
        "2016-08": {
            "month": "2016-08",
            "price": "13.41",
            "revenue": 32361
        },
        "2016-09": {
            "month": "2016-09",
            "price": "13.35",
            "revenue": 22016
        },
        "2016-10": {
            "month": "2016-10",
            "price": "13.52",
            "revenue": 47129
        },
        "2016-11": {
            "month": "2016-11",
            "price": "13.70",
            "revenue": 24507
        },
        "2016-12": {
            "month": "2016-12",
            "price": "13.67",
            "revenue": 16101
        },
        "2017-01": {
            "month": "2017-01",
            "price": "13.72",
            "revenue": 11462
        },
        "2017-02": {
            "month": "2017-02",
            "price": "13.79",
            "revenue": 12196
        },
        "2017-03": {
            "month": "2017-03",
            "price": "13.83",
            "revenue": 31585
        },
        "2017-04": {
            "month": "2017-04",
            "price": "13.76",
            "revenue": 23744
        },
        "2017-05": {
            "month": "2017-05",
            "price": "13.90",
            "revenue": 21419
        },
        "2017-06": {
            "month": "2017-06",
            "price": "13.94",
            "revenue": 36181
        },
        "2017-07": {
            "month": "2017-07",
            "price": "14.06",
            "revenue": 32465
        },
        "2017-08": {
            "month": "2017-08",
            "price": "13.95",
            "revenue": 25644
        },
        "2017-09": {
            "month": "2017-09",
            "price": "13.82",
            "revenue": 20855
        },
        "2017-10": {
            "month": "2017-10",
            "price": "13.91",
            "revenue": 18204
        },
        "2017-11": {
            "month": "2017-11",
            "price": "14.00",
            "revenue": 24637
        },
        "2017-12": {
            "month": "2017-12",
            "price": "14.22",
            "revenue": 24376
        },
        "2018-01": {
            "month": "2018-01",
            "price": "14.29",
            "revenue": 13160
        },
        "2018-02": {
            "month": "2018-02",
            "price": "13.84",
            "revenue": 17981
        },
        "2018-03": {
            "month": "2018-03",
            "price": "14.03",
            "revenue": 30634
        },
        "2018-04": {
            "month": "2018-04",
            "price": "13.81",
            "revenue": 26637
        },
        "2018-05": {
            "month": "2018-05",
            "price": "13.84",
            "revenue": 28217
        },
        "2018-06": {
            "month": "2018-06",
            "price": "13.84",
            "revenue": 28251
        },
        "2018-07": {
            "month": "2018-07",
            "price": "13.84",
            "revenue": 27916
        }
    }
}
