{
    "summary": {
        "stock_name": "大統新創",
        "stock_id": "1470",
        "category": "紡織纖維",
        "main_business": "染整代工業務<br>經編針織布織造業務<br>經編針織布.圓編針織布成品貿易銷售業務",
        "website_url": "http://www.evertex.tw",
        "ceo": "葉柏亮",
        "pe_ratio": 42,
        "report_year_from": 2001,
        "report_year_to": 2023,
        "age": 22,
        "eps_negative_percentage": 22,
        "eps_growth_avg": {
            "last_all": -5.01,
            "last_2y": -6.19,
            "last_4y": 11.26,
            "last_8y": 12.61,
            "last_12y": 9.89,
            "last_16y": 1.32,
            "last_20y": -5.01,
            "at_2006_last_3y": -100,
            "at_2007_last_3y": -100,
            "at_2008_last_3y": -100,
            "at_2009_last_3y": -54.41,
            "at_2010_last_3y": -0.38,
            "at_2011_last_3y": -9.71,
            "at_2012_last_3y": -23.43,
            "at_2013_last_3y": 3.78,
            "at_2014_last_3y": 26.76,
            "at_2015_last_3y": 31.91,
            "at_2016_last_3y": 42.07,
            "at_2017_last_3y": 14.29,
            "at_2018_last_3y": -6.02,
            "at_2019_last_3y": 9.96,
            "at_2020_last_3y": 2.46,
            "at_2021_last_3y": 26.58,
            "at_2022_last_3y": 9.39,
            "at_2023_last_3y": 9.39,
            "at_2006_last_all": -100,
            "at_2007_last_all": -100,
            "at_2008_last_all": -100,
            "at_2009_last_all": -69.61,
            "at_2010_last_all": -50.19,
            "at_2011_last_all": -45.82,
            "at_2012_last_all": -48.95,
            "at_2013_last_all": -27.67,
            "at_2014_last_all": -11.71,
            "at_2015_last_all": -11.28,
            "at_2016_last_all": -12.54,
            "at_2017_last_all": -12.41,
            "at_2018_last_all": -9.82,
            "at_2019_last_all": -4.74,
            "at_2020_last_all": -8.26,
            "at_2021_last_all": -2.01,
            "at_2022_last_all": -5.01,
            "at_2023_last_all": -5.01
        },
        "latest_eps": 0.48,
        "latest_price": 20.1,
        "latest_roe": 4.26,
        "latest_gross_margin": 22.58,
        "latest_equity": 970514,
        "latest_revenue": 232008,
        "latest_gross_profit": 52382,
        "latest_net_income": 35274,
        "latest_debt_ratio": 17.82,
        "latest_current_ratio": 355.75,
        "latest_account_receivable_turnover_ratio": 2.59,
        "latest_inventory_turnover_ratio": 1.08,
        "latest_reinvestment_rate": -9.09,
        "latest_research_to_sale_ratio": null
    },
    "eps_dividends": {
        "1999": {
            "cash": 0,
            "stock": 1,
            "eps": 0
        },
        "2001": {
            "cash": 0,
            "stock": 0,
            "eps": -0.55
        },
        "2002": {
            "cash": 0,
            "stock": 0,
            "eps": 0.01
        },
        "2003": {
            "cash": 0,
            "stock": 0,
            "eps": -0.52
        },
        "2004": {
            "cash": 0,
            "stock": 0,
            "eps": -0.5
        },
        "2005": {
            "cash": 0,
            "stock": 0,
            "eps": 0.02
        },
        "2006": {
            "cash": 0,
            "stock": 0,
            "eps": -0.47
        },
        "2007": {
            "cash": 0,
            "stock": 0,
            "eps": -0.21
        },
        "2008": {
            "cash": 0,
            "stock": 0,
            "eps": 0.68
        },
        "2009": {
            "cash": 0,
            "stock": 0,
            "eps": 0.62
        },
        "2010": {
            "cash": 0,
            "stock": 0,
            "eps": 0.67
        },
        "2011": {
            "cash": 0,
            "stock": 0,
            "eps": 0.48
        },
        "2012": {
            "cash": 0,
            "stock": 0,
            "eps": 0.17
        },
        "2013": {
            "cash": 0,
            "stock": 0,
            "eps": 0.34
        },
        "2014": {
            "cash": 0,
            "stock": 0,
            "eps": 0.77
        },
        "2015": {
            "cash": 1,
            "stock": 0,
            "eps": 0.71
        },
        "2016": {
            "cash": 1,
            "stock": 0,
            "eps": 0.54
        },
        "2017": {
            "cash": 1,
            "stock": 0,
            "eps": 0.48
        },
        "2018": {
            "cash": 1,
            "stock": 0,
            "eps": 0.57
        },
        "2019": {
            "cash": 0,
            "stock": 0,
            "eps": 0.89
        },
        "2020": {
            "cash": 1,
            "stock": 0,
            "eps": 0.41
        },
        "2021": {
            "cash": 0,
            "stock": 0,
            "eps": 0.76
        },
        "2022": {
            "cash": 1,
            "stock": 0,
            "eps": 0.38
        },
        "2023": {
            "cash": 0,
            "stock": 0,
            "eps": 0.41
        }
    },
    "dividends": {
        "1999-05-16": {
            "cash": 0,
            "stock": 1
        },
        "2011-01-01": {
            "cash": 0.2,
            "stock": 0
        },
        "2011-03-18": {
            "cash": 0.2,
            "stock": 0
        },
        "2014-08-15": {
            "cash": 0.3,
            "stock": 0
        },
        "2015-08-14": {
            "cash": 0.6,
            "stock": 0
        },
        "2016-08-25": {
            "cash": 0.6,
            "stock": 0
        },
        "2017-08-15": {
            "cash": 0.55,
            "stock": 0
        },
        "2018-08-22": {
            "cash": 0.5,
            "stock": 0
        },
        "2019-08-22": {
            "cash": 0.4,
            "stock": 0
        },
        "2020-08-20": {
            "cash": 0.8,
            "stock": 0
        },
        "2021-08-20": {
            "cash": 0.42,
            "stock": 0
        },
        "2022-08-19": {
            "cash": 0.8,
            "stock": 0
        },
        "2023-03-24": {
            "cash": 0.45,
            "stock": 0
        }
    },
    "prices": {
        "200101": "8.18",
        "200102": "7.85",
        "200103": "7.77",
        "200104": "7.15",
        "200105": "6.83",
        "200106": "6.54",
        "200107": "5.80",
        "200108": "6.62",
        "200109": "6.67",
        "200110": "6.54",
        "200111": "6.08",
        "200112": "7.36",
        "200201": "7.08",
        "200202": "6.47",
        "200203": "7.15",
        "200204": "8.62",
        "200205": "7.83",
        "200206": "7.97",
        "200207": "7.30",
        "200208": "6.57",
        "200209": "6.46",
        "200210": "7.04",
        "200211": "6.51",
        "200212": "6.94",
        "200301": "7.34",
        "200302": "8.41",
        "200303": "7.22",
        "200304": "6.57",
        "200305": "5.52",
        "200306": "6.43",
        "200307": "6.17",
        "200308": "5.72",
        "200309": "5.46",
        "200310": "5.94",
        "200311": "5.90",
        "200312": "5.64",
        "200401": "5.84",
        "200402": "7.16",
        "200403": "6.46",
        "200404": "6.59",
        "200405": "5.97",
        "200406": "5.69",
        "200407": "5.32",
        "200408": "4.82",
        "200409": "5.04",
        "200410": "5.14",
        "200411": "5.10",
        "200412": "4.61",
        "200501": "4.42",
        "200502": "4.05",
        "200503": "3.81",
        "200504": "3.63",
        "200505": "3.82",
        "200506": "3.85",
        "200507": "3.89",
        "200508": "3.68",
        "200509": "3.67",
        "200510": "3.38",
        "200511": "3.26",
        "200512": "3.79",
        "200601": "3.99",
        "200602": "4.43",
        "200603": "3.99",
        "200604": "4.27",
        "200605": "4.73",
        "200606": "4.32",
        "200607": "4.30",
        "200608": "4.21",
        "200609": "4.25",
        "200610": "3.97",
        "200611": "4.03",
        "200612": "4.86",
        "200701": "4.91",
        "200702": "4.74",
        "200703": "4.75",
        "200704": "5.78",
        "200705": "5.46",
        "200706": "5.42",
        "200707": "6.48",
        "200708": "6.39",
        "200709": "6.04",
        "200710": "5.96",
        "200711": "5.33",
        "200712": "4.94",
        "200801": "4.81",
        "200802": "4.99",
        "200803": "5.78",
        "200804": "6.36",
        "200805": "6.49",
        "200806": "6.57",
        "200807": "6.96",
        "200808": "7.21",
        "200809": "7.29",
        "200810": "7.32",
        "200811": "7.41",
        "200812": "8.47",
        "200901": "9.20",
        "200902": "7.91",
        "200903": "8.42",
        "200904": "8.83",
        "200905": "8.32",
        "200906": "6.59",
        "200907": "6.35",
        "200908": "6.51",
        "200909": "7.07",
        "200910": "7.34",
        "200911": "8.33",
        "200912": "9.86",
        "201001": "9.66",
        "201002": "9.31",
        "201003": "9.37",
        "201004": "10.33",
        "201005": "10.64",
        "201006": "9.54",
        "201007": "9.34",
        "201008": "10.83",
        "201009": "10.79",
        "201010": "11.11",
        "201011": "10.91",
        "201012": "11.14",
        "201101": "11.31",
        "201102": "11.64",
        "201103": "12.02",
        "201104": "12.48",
        "201105": "14.16",
        "201106": "12.05",
        "201107": "11.88",
        "201108": "12.03",
        "201109": "11.76",
        "201110": "11.98",
        "201111": "12.73",
        "201112": "13.27",
        "201201": "13.41",
        "201202": "13.41",
        "201203": "13.58",
        "201204": "12.43",
        "201205": "11.88",
        "201206": "11.78",
        "201207": "11.78",
        "201208": "11.86",
        "201209": "12.15",
        "201210": "11.81",
        "201211": "11.91",
        "201212": "12.91",
        "201301": "12.77",
        "201302": "12.41",
        "201303": "11.88",
        "201304": "12.47",
        "201305": "13.32",
        "201306": "14.00",
        "201307": "14.68",
        "201308": "14.42",
        "201309": "14.50",
        "201310": "15.99",
        "201311": "16.36",
        "201312": "16.46",
        "201401": "16.70",
        "201402": "16.34",
        "201403": "16.80",
        "201404": "17.15",
        "201405": "17.23",
        "201406": "17.82",
        "201407": "18.30",
        "201408": "18.85",
        "201409": "19.15",
        "201410": "18.63",
        "201411": "17.87",
        "201412": "18.65",
        "201501": "18.34",
        "201502": "18.79",
        "201503": "19.46",
        "201504": "19.84",
        "201505": "19.86",
        "201506": "17.35",
        "201507": "17.64",
        "201508": "17.46",
        "201509": "16.71",
        "201510": "17.99",
        "201511": "18.34",
        "201512": "18.56",
        "201601": "18.59",
        "201602": "18.34",
        "201603": "18.47",
        "201604": "19.05",
        "201605": "18.09",
        "201606": "18.18",
        "201607": "19.23",
        "201608": "19.40",
        "201609": "18.86",
        "201610": "18.72",
        "201611": "18.79",
        "201612": "19.31",
        "201701": "19.20",
        "201702": "19.31",
        "201703": "19.28",
        "201704": "19.20",
        "201705": "18.97",
        "201706": "17.98",
        "201707": "18.11",
        "201708": "17.70",
        "201709": "18.30",
        "201710": "18.10",
        "201711": "18.45",
        "201712": "18.55",
        "201801": "17.36",
        "201802": "17.55",
        "201803": "17.71",
        "201804": "17.91",
        "201805": "18.45",
        "201806": "18.77",
        "201807": "18.32",
        "201808": "17.75",
        "201809": "18.48",
        "201810": "17.21",
        "201811": "18.28",
        "201812": "17.73",
        "201901": "17.72",
        "201902": "20.45",
        "201903": "21.14",
        "201904": "21.41",
        "201905": "21.98",
        "201906": "22.55",
        "201907": "21.98",
        "201908": "21.98",
        "201909": "21.94",
        "201910": "21.50",
        "201911": "21.46",
        "201912": "21.23",
        "202001": "21.79",
        "202002": "20.82",
        "202003": "19.35",
        "202004": "19.64",
        "202005": "19.00",
        "202006": "19.02",
        "202007": "18.91",
        "202008": "18.04",
        "202009": "18.05",
        "202010": "18.15",
        "202011": "17.98",
        "202012": "18.15",
        "202101": "17.83",
        "202102": "17.85",
        "202103": "18.09",
        "202104": "18.06",
        "202105": "16.78",
        "202106": "16.16",
        "202107": "16.33",
        "202108": "16.39",
        "202109": "17.57",
        "202110": "17.99",
        "202111": "18.15",
        "202112": "18.06",
        "202201": "17.57",
        "202202": "18.44",
        "202203": "21.83",
        "202204": "24.29",
        "202205": "25.18",
        "202206": "22.46",
        "202207": "20.05",
        "202208": "19.31",
        "202209": "18.92",
        "202210": "18.43",
        "202211": "18.85",
        "202212": "18.52",
        "202301": "18.19",
        "202302": "18.85",
        "202303": "19.34",
        "202304": "19.16",
        "202305": "19.76"
    },
    "quarters": {
        "20011": {
            "year_quarter": 20011,
            "year": 2001,
            "quarter": 1,
            "eps": -0.04,
            "eps_growth_year": -120,
            "eps_4q": -0.53,
            "eps_4q_growth_year": -157.95,
            "roe": -0.43,
            "roe_4q": -0.43,
            "gross_profit": 11933,
            "gross_margin": 6.87,
            "gross_margin_4q_avg": 6.87,
            "net_income": -3792,
            "revenue": 173630,
            "common_shares": 857670,
            "book_valuer_per_share": 10.17,
            "book_valuer_per_share_4q_avg": 10.17,
            "equity": 871891,
            "current_ratio": 114.89,
            "debt_ratio": 34.48,
            "inventory_turnover_ratio": 1.8,
            "account_receivable_turnover_ratio": null,
            "reinvestment_rate": null,
            "research_to_sale_ratio": null,
            "price_fair": 0,
            "eps_avg_yearly": 0,
            "eps_latest_yearly": 0,
            "eps_growth_yearly": 0
        },
        "20012": {
            "year_quarter": 20012,
            "year": 2001,
            "quarter": 2,
            "eps": -0.18,
            "eps_growth_year": null,
            "eps_4q": -0.62,
            "eps_4q_growth_year": -271.74,
            "roe": -1.8,
            "roe_4q": -2.23,
            "gross_profit": 13583,
            "gross_margin": 7.19,
            "gross_margin_4q_avg": 7.03,
            "net_income": -15521,
            "revenue": 189035,
            "common_shares": 857670,
            "book_valuer_per_share": 9.96,
            "book_valuer_per_share_4q_avg": 10.07,
            "equity": 853925,
            "current_ratio": 117.45,
            "debt_ratio": 31.59,
            "inventory_turnover_ratio": 2,
            "account_receivable_turnover_ratio": null,
            "reinvestment_rate": null,
            "research_to_sale_ratio": null,
            "price_fair": 0,
            "eps_avg_yearly": 0,
            "eps_latest_yearly": 0,
            "eps_growth_yearly": 0
        },
        "20013": {
            "year_quarter": 20013,
            "year": 2001,
            "quarter": 3,
            "eps": -0.25,
            "eps_growth_year": null,
            "eps_4q": -0.6,
            "eps_4q_growth_year": null,
            "roe": -2.53,
            "roe_4q": -4.76,
            "gross_profit": 10643,
            "gross_margin": 5.53,
            "gross_margin_4q_avg": 6.53,
            "net_income": -21327,
            "revenue": 192484,
            "common_shares": 857670,
            "book_valuer_per_share": 9.72,
            "book_valuer_per_share_4q_avg": 9.95,
            "equity": 833975,
            "current_ratio": 118.29,
            "debt_ratio": 30.36,
            "inventory_turnover_ratio": 2.35,
            "account_receivable_turnover_ratio": null,
            "reinvestment_rate": null,
            "research_to_sale_ratio": null,
            "price_fair": 0,
            "eps_avg_yearly": 0,
            "eps_latest_yearly": 0,
            "eps_growth_yearly": 0
        },
        "20014": {
            "year_quarter": 20014,
            "year": 2001,
            "quarter": 4,
            "eps": -0.08,
            "eps_growth_year": null,
            "eps_4q": -0.55,
            "eps_4q_growth_year": null,
            "roe": -0.8,
            "roe_4q": -5.56,
            "gross_profit": 5357,
            "gross_margin": 3.31,
            "gross_margin_4q_avg": 5.73,
            "net_income": -6675,
            "revenue": 161907,
            "common_shares": 857670,
            "book_valuer_per_share": 9.71,
            "book_valuer_per_share_4q_avg": 9.89,
            "equity": 833016,
            "current_ratio": 100.83,
            "debt_ratio": 32.26,
            "inventory_turnover_ratio": 2.1,
            "account_receivable_turnover_ratio": null,
            "reinvestment_rate": null,
            "research_to_sale_ratio": null,
            "price_fair": 0,
            "eps_avg_yearly": 0,
            "eps_latest_yearly": 0,
            "eps_growth_yearly": 0
        },
        "20021": {
            "year_quarter": 20021,
            "year": 2002,
            "quarter": 1,
            "eps": 0.02,
            "eps_growth_year": null,
            "eps_4q": -0.62,
            "eps_4q_growth_year": null,
            "roe": 0.16,
            "roe_4q": -4.97,
            "gross_profit": 17329,
            "gross_margin": 9.44,
            "gross_margin_4q_avg": 6.37,
            "net_income": 1363,
            "revenue": 183514,
            "common_shares": 857670,
            "book_valuer_per_share": 9.58,
            "book_valuer_per_share_4q_avg": 9.74,
            "equity": 821248,
            "current_ratio": 105.2,
            "debt_ratio": 27.17,
            "inventory_turnover_ratio": 2.2,
            "account_receivable_turnover_ratio": null,
            "reinvestment_rate": null,
            "research_to_sale_ratio": null,
            "price_fair": 0,
            "eps_avg_yearly": 0,
            "eps_latest_yearly": 0,
            "eps_growth_yearly": 0
        },
        "20022": {
            "year_quarter": 20022,
            "year": 2002,
            "quarter": 2,
            "eps": 0.25,
            "eps_growth_year": null,
            "eps_4q": -0.07,
            "eps_4q_growth_year": null,
            "roe": 2.51,
            "roe_4q": -0.6599999999999999,
            "gross_profit": 36372,
            "gross_margin": 15.47,
            "gross_margin_4q_avg": 8.44,
            "net_income": 20899,
            "revenue": 235072,
            "common_shares": 857670,
            "book_valuer_per_share": 9.82,
            "book_valuer_per_share_4q_avg": 9.71,
            "equity": 842388,
            "current_ratio": 118.13,
            "debt_ratio": 25.46,
            "inventory_turnover_ratio": 2.77,
            "account_receivable_turnover_ratio": null,
            "reinvestment_rate": null,
            "research_to_sale_ratio": null,
            "price_fair": 35,
            "eps_avg_yearly": 1,
            "eps_latest_yearly": 1,
            "eps_growth_yearly": 4600
        },
        "20023": {
            "year_quarter": 20023,
            "year": 2002,
            "quarter": 3,
            "eps": -0.1,
            "eps_growth_year": null,
            "eps_4q": 0.09,
            "eps_4q_growth_year": null,
            "roe": -0.96,
            "roe_4q": 0.9099999999999997,
            "gross_profit": 13431,
            "gross_margin": 6.64,
            "gross_margin_4q_avg": 8.72,
            "net_income": -8086,
            "revenue": 202271,
            "common_shares": 857670,
            "book_valuer_per_share": 9.74,
            "book_valuer_per_share_4q_avg": 9.71,
            "equity": 835120,
            "current_ratio": 121.45,
            "debt_ratio": 24.25,
            "inventory_turnover_ratio": 2.32,
            "account_receivable_turnover_ratio": null,
            "reinvestment_rate": null,
            "research_to_sale_ratio": null,
            "price_fair": 35,
            "eps_avg_yearly": 1,
            "eps_latest_yearly": 1,
            "eps_growth_yearly": 4600
        },
        "20024": {
            "year_quarter": 20024,
            "year": 2002,
            "quarter": 4,
            "eps": -0.16,
            "eps_growth_year": null,
            "eps_4q": 0.01,
            "eps_4q_growth_year": null,
            "roe": -1.62,
            "roe_4q": 0.08999999999999972,
            "gross_profit": 8797,
            "gross_margin": 4.74,
            "gross_margin_4q_avg": 9.07,
            "net_income": -13461,
            "revenue": 185595,
            "common_shares": 857670,
            "book_valuer_per_share": 9.58,
            "book_valuer_per_share_4q_avg": 9.68,
            "equity": 821598,
            "current_ratio": 144.1,
            "debt_ratio": 26.23,
            "inventory_turnover_ratio": 1.83,
            "account_receivable_turnover_ratio": null,
            "reinvestment_rate": -40.18,
            "research_to_sale_ratio": null,
            "price_fair": 35,
            "eps_avg_yearly": 1,
            "eps_latest_yearly": 1,
            "eps_growth_yearly": 4600
        },
        "20031": {
            "year_quarter": 20031,
            "year": 2003,
            "quarter": 1,
            "eps": -0.04,
            "eps_growth_year": -300,
            "eps_4q": -0.05,
            "eps_4q_growth_year": null,
            "roe": -0.4,
            "roe_4q": -0.4700000000000002,
            "gross_profit": 12114,
            "gross_margin": 5.69,
            "gross_margin_4q_avg": 8.14,
            "net_income": -3254,
            "revenue": 212875,
            "common_shares": 857670,
            "book_valuer_per_share": 9.54,
            "book_valuer_per_share_4q_avg": 9.67,
            "equity": 818265,
            "current_ratio": 117.92,
            "debt_ratio": 26.58,
            "inventory_turnover_ratio": 1.97,
            "account_receivable_turnover_ratio": null,
            "reinvestment_rate": null,
            "research_to_sale_ratio": null,
            "price_fair": 35,
            "eps_avg_yearly": 1,
            "eps_latest_yearly": 1,
            "eps_growth_yearly": 4600
        },
        "20032": {
            "year_quarter": 20032,
            "year": 2003,
            "quarter": 2,
            "eps": 0,
            "eps_growth_year": -100,
            "eps_4q": -0.29,
            "eps_4q_growth_year": null,
            "roe": 0.03,
            "roe_4q": -2.95,
            "gross_profit": 18066,
            "gross_margin": 8.55,
            "gross_margin_4q_avg": 6.41,
            "net_income": 282,
            "revenue": 211254,
            "common_shares": 857670,
            "book_valuer_per_share": 9.54,
            "book_valuer_per_share_4q_avg": 9.6,
            "equity": 818547,
            "current_ratio": 125.4,
            "debt_ratio": 26.45,
            "inventory_turnover_ratio": 2.03,
            "account_receivable_turnover_ratio": null,
            "reinvestment_rate": null,
            "research_to_sale_ratio": null,
            "price_fair": 35,
            "eps_avg_yearly": 1,
            "eps_latest_yearly": 1,
            "eps_growth_yearly": 4600
        },
        "20033": {
            "year_quarter": 20033,
            "year": 2003,
            "quarter": 3,
            "eps": -0.2,
            "eps_growth_year": null,
            "eps_4q": -0.38,
            "eps_4q_growth_year": -538.65,
            "roe": -2.03,
            "roe_4q": -4.02,
            "gross_profit": 5360,
            "gross_margin": 3.13,
            "gross_margin_4q_avg": 5.53,
            "net_income": -16470,
            "revenue": 171218,
            "common_shares": 857670,
            "book_valuer_per_share": 9.35,
            "book_valuer_per_share_4q_avg": 9.5,
            "equity": 802163,
            "current_ratio": 126.05,
            "debt_ratio": 23.5,
            "inventory_turnover_ratio": 1.67,
            "account_receivable_turnover_ratio": null,
            "reinvestment_rate": null,
            "research_to_sale_ratio": null,
            "price_fair": 35,
            "eps_avg_yearly": 1,
            "eps_latest_yearly": 1,
            "eps_growth_yearly": 4600
        },
        "20034": {
            "year_quarter": 20034,
            "year": 2003,
            "quarter": 4,
            "eps": -0.28,
            "eps_growth_year": null,
            "eps_4q": -0.51,
            "eps_4q_growth_year": -5228.72,
            "roe": -2.87,
            "roe_4q": -5.2700000000000005,
            "gross_profit": 6289,
            "gross_margin": 3.28,
            "gross_margin_4q_avg": 5.16,
            "net_income": -23043,
            "revenue": 191678,
            "common_shares": 857670,
            "book_valuer_per_share": 9.37,
            "book_valuer_per_share_4q_avg": 9.45,
            "equity": 803648,
            "current_ratio": 151.51,
            "debt_ratio": 25,
            "inventory_turnover_ratio": 1.66,
            "account_receivable_turnover_ratio": null,
            "reinvestment_rate": null,
            "research_to_sale_ratio": null,
            "price_fair": 35,
            "eps_avg_yearly": 1,
            "eps_latest_yearly": 1,
            "eps_growth_yearly": 4600
        },
        "20041": {
            "year_quarter": 20041,
            "year": 2004,
            "quarter": 1,
            "eps": -0.12,
            "eps_growth_year": null,
            "eps_4q": -0.58,
            "eps_4q_growth_year": null,
            "roe": -1.29,
            "roe_4q": -6.159999999999999,
            "gross_profit": 6438,
            "gross_margin": 3.37,
            "gross_margin_4q_avg": 4.58,
            "net_income": -10318,
            "revenue": 191118,
            "common_shares": 857670,
            "book_valuer_per_share": 9.26,
            "book_valuer_per_share_4q_avg": 9.38,
            "equity": 794015,
            "current_ratio": 154.78,
            "debt_ratio": 25.43,
            "inventory_turnover_ratio": 1.73,
            "account_receivable_turnover_ratio": null,
            "reinvestment_rate": null,
            "research_to_sale_ratio": null,
            "price_fair": 35,
            "eps_avg_yearly": 1,
            "eps_latest_yearly": 1,
            "eps_growth_yearly": 4600
        },
        "20042": {
            "year_quarter": 20042,
            "year": 2004,
            "quarter": 2,
            "eps": -0.06,
            "eps_growth_year": null,
            "eps_4q": -0.64,
            "eps_4q_growth_year": null,
            "roe": -0.67,
            "roe_4q": -6.859999999999999,
            "gross_profit": 8125,
            "gross_margin": 4.45,
            "gross_margin_4q_avg": 3.56,
            "net_income": -5327,
            "revenue": 182553,
            "common_shares": 857670,
            "book_valuer_per_share": 9.2,
            "book_valuer_per_share_4q_avg": 9.3,
            "equity": 788688,
            "current_ratio": 227.97,
            "debt_ratio": 16.89,
            "inventory_turnover_ratio": 1.79,
            "account_receivable_turnover_ratio": null,
            "reinvestment_rate": null,
            "research_to_sale_ratio": null,
            "price_fair": 35,
            "eps_avg_yearly": 1,
            "eps_latest_yearly": 1,
            "eps_growth_yearly": 4600
        },
        "20043": {
            "year_quarter": 20043,
            "year": 2004,
            "quarter": 3,
            "eps": -0.3,
            "eps_growth_year": null,
            "eps_4q": -0.74,
            "eps_4q_growth_year": null,
            "roe": -3.19,
            "roe_4q": -8.02,
            "gross_profit": -7312,
            "gross_margin": -5.02,
            "gross_margin_4q_avg": 1.52,
            "net_income": -24731,
            "revenue": 145760,
            "common_shares": 857670,
            "book_valuer_per_share": 8.91,
            "book_valuer_per_share_4q_avg": 9.19,
            "equity": 763957,
            "current_ratio": 231.25,
            "debt_ratio": 17.76,
            "inventory_turnover_ratio": 1.51,
            "account_receivable_turnover_ratio": null,
            "reinvestment_rate": null,
            "research_to_sale_ratio": null,
            "price_fair": 35,
            "eps_avg_yearly": 1,
            "eps_latest_yearly": 1,
            "eps_growth_yearly": 4600
        },
        "20044": {
            "year_quarter": 20044,
            "year": 2004,
            "quarter": 4,
            "eps": -0.02,
            "eps_growth_year": null,
            "eps_4q": -0.5,
            "eps_4q_growth_year": null,
            "roe": -0.21,
            "roe_4q": -5.36,
            "gross_profit": 11232,
            "gross_margin": 6.02,
            "gross_margin_4q_avg": 2.21,
            "net_income": -1627,
            "revenue": 186618,
            "common_shares": 857670,
            "book_valuer_per_share": 8.87,
            "book_valuer_per_share_4q_avg": 9.06,
            "equity": 760578,
            "current_ratio": 281.55,
            "debt_ratio": 14.96,
            "inventory_turnover_ratio": 1.68,
            "account_receivable_turnover_ratio": null,
            "reinvestment_rate": null,
            "research_to_sale_ratio": null,
            "price_fair": 35,
            "eps_avg_yearly": 1,
            "eps_latest_yearly": 1,
            "eps_growth_yearly": 4600
        },
        "20051": {
            "year_quarter": 20051,
            "year": 2005,
            "quarter": 1,
            "eps": -0.02,
            "eps_growth_year": null,
            "eps_4q": -0.35,
            "eps_4q_growth_year": null,
            "roe": -0.25,
            "roe_4q": -4.32,
            "gross_profit": 12830,
            "gross_margin": 6.66,
            "gross_margin_4q_avg": 3.03,
            "net_income": -1924,
            "revenue": 192639,
            "common_shares": 857670,
            "book_valuer_per_share": 8.85,
            "book_valuer_per_share_4q_avg": 8.96,
            "equity": 758654,
            "current_ratio": 320.67,
            "debt_ratio": 14,
            "inventory_turnover_ratio": 1.91,
            "account_receivable_turnover_ratio": null,
            "reinvestment_rate": null,
            "research_to_sale_ratio": null,
            "price_fair": 35,
            "eps_avg_yearly": 1,
            "eps_latest_yearly": 1,
            "eps_growth_yearly": 4600
        },
        "20052": {
            "year_quarter": 20052,
            "year": 2005,
            "quarter": 2,
            "eps": 0.12,
            "eps_growth_year": null,
            "eps_4q": -0.22,
            "eps_4q_growth_year": null,
            "roe": 1.31,
            "roe_4q": -2.34,
            "gross_profit": 24238,
            "gross_margin": 11.42,
            "gross_margin_4q_avg": 4.77,
            "net_income": 10037,
            "revenue": 212274,
            "common_shares": 857670,
            "book_valuer_per_share": 8.96,
            "book_valuer_per_share_4q_avg": 8.9,
            "equity": 768692,
            "current_ratio": 443.26,
            "debt_ratio": 11.2,
            "inventory_turnover_ratio": 2.17,
            "account_receivable_turnover_ratio": null,
            "reinvestment_rate": null,
            "research_to_sale_ratio": null,
            "price_fair": 35,
            "eps_avg_yearly": 1,
            "eps_latest_yearly": 1,
            "eps_growth_yearly": 4600
        },
        "20053": {
            "year_quarter": 20053,
            "year": 2005,
            "quarter": 3,
            "eps": -0.13,
            "eps_growth_year": null,
            "eps_4q": -0.05,
            "eps_4q_growth_year": null,
            "roe": -1.45,
            "roe_4q": -0.5999999999999999,
            "gross_profit": 379,
            "gross_margin": 0.25,
            "gross_margin_4q_avg": 6.09,
            "net_income": -11069,
            "revenue": 154527,
            "common_shares": 857670,
            "book_valuer_per_share": 8.84,
            "book_valuer_per_share_4q_avg": 8.88,
            "equity": 758469,
            "current_ratio": 381.06,
            "debt_ratio": 12.93,
            "inventory_turnover_ratio": 1.66,
            "account_receivable_turnover_ratio": null,
            "reinvestment_rate": null,
            "research_to_sale_ratio": null,
            "price_fair": 35,
            "eps_avg_yearly": 1,
            "eps_latest_yearly": 1,
            "eps_growth_yearly": 4600
        },
        "20054": {
            "year_quarter": 20054,
            "year": 2005,
            "quarter": 4,
            "eps": 0.05,
            "eps_growth_year": null,
            "eps_4q": 0.01,
            "eps_4q_growth_year": null,
            "roe": 0.55,
            "roe_4q": 0.16000000000000014,
            "gross_profit": 16572,
            "gross_margin": 8.09,
            "gross_margin_4q_avg": 6.61,
            "net_income": 4177,
            "revenue": 204917,
            "common_shares": 857670,
            "book_valuer_per_share": 8.89,
            "book_valuer_per_share_4q_avg": 8.89,
            "equity": 762485,
            "current_ratio": 350.66,
            "debt_ratio": 14.61,
            "inventory_turnover_ratio": 1.92,
            "account_receivable_turnover_ratio": null,
            "reinvestment_rate": null,
            "research_to_sale_ratio": null,
            "price_fair": 35,
            "eps_avg_yearly": 1,
            "eps_latest_yearly": 1,
            "eps_growth_yearly": 4600
        },
        "20061": {
            "year_quarter": 20061,
            "year": 2006,
            "quarter": 1,
            "eps": -0.03,
            "eps_growth_year": null,
            "eps_4q": 0.01,
            "eps_4q_growth_year": null,
            "roe": -0.28,
            "roe_4q": 0.13000000000000012,
            "gross_profit": 13661,
            "gross_margin": 7.08,
            "gross_margin_4q_avg": 6.71,
            "net_income": -2143,
            "revenue": 192827,
            "common_shares": 857670,
            "book_valuer_per_share": 8.86,
            "book_valuer_per_share_4q_avg": 8.89,
            "equity": 759660,
            "current_ratio": 441.74,
            "debt_ratio": 12.04,
            "inventory_turnover_ratio": 1.93,
            "account_receivable_turnover_ratio": null,
            "reinvestment_rate": null,
            "research_to_sale_ratio": null,
            "price_fair": 35,
            "eps_avg_yearly": 1,
            "eps_latest_yearly": 1,
            "eps_growth_yearly": 4600
        },
        "20062": {
            "year_quarter": 20062,
            "year": 2006,
            "quarter": 2,
            "eps": 0.03,
            "eps_growth_year": -75,
            "eps_4q": -0.08,
            "eps_4q_growth_year": null,
            "roe": 0.31,
            "roe_4q": -0.8699999999999999,
            "gross_profit": 15120,
            "gross_margin": 8.32,
            "gross_margin_4q_avg": 5.94,
            "net_income": 2362,
            "revenue": 181811,
            "common_shares": 857670,
            "book_valuer_per_share": 8.89,
            "book_valuer_per_share_4q_avg": 8.87,
            "equity": 762052,
            "current_ratio": 527.91,
            "debt_ratio": 10.73,
            "inventory_turnover_ratio": 1.83,
            "account_receivable_turnover_ratio": null,
            "reinvestment_rate": null,
            "research_to_sale_ratio": null,
            "price_fair": 0,
            "eps_avg_yearly": 0,
            "eps_latest_yearly": 0,
            "eps_growth_yearly": 0
        },
        "20063": {
            "year_quarter": 20063,
            "year": 2006,
            "quarter": 3,
            "eps": -0.29,
            "eps_growth_year": null,
            "eps_4q": -0.23,
            "eps_4q_growth_year": null,
            "roe": -3.19,
            "roe_4q": -2.6100000000000003,
            "gross_profit": -11395,
            "gross_margin": -9.27,
            "gross_margin_4q_avg": 3.56,
            "net_income": -23909,
            "revenue": 122942,
            "common_shares": 857670,
            "book_valuer_per_share": 8.61,
            "book_valuer_per_share_4q_avg": 8.81,
            "equity": 738113,
            "current_ratio": 436.03,
            "debt_ratio": 12.03,
            "inventory_turnover_ratio": 1.37,
            "account_receivable_turnover_ratio": null,
            "reinvestment_rate": null,
            "research_to_sale_ratio": null,
            "price_fair": 0,
            "eps_avg_yearly": 0,
            "eps_latest_yearly": 0,
            "eps_growth_yearly": 0
        },
        "20064": {
            "year_quarter": 20064,
            "year": 2006,
            "quarter": 4,
            "eps": -0.18,
            "eps_growth_year": -460,
            "eps_4q": -0.47,
            "eps_4q_growth_year": -3315.65,
            "roe": -2.09,
            "roe_4q": -5.25,
            "gross_profit": -6366,
            "gross_margin": -4.41,
            "gross_margin_4q_avg": 0.43,
            "net_income": -15250,
            "revenue": 144366,
            "common_shares": 857670,
            "book_valuer_per_share": 8.43,
            "book_valuer_per_share_4q_avg": 8.7,
            "equity": 722863,
            "current_ratio": 450.81,
            "debt_ratio": 11.95,
            "inventory_turnover_ratio": 1.34,
            "account_receivable_turnover_ratio": null,
            "reinvestment_rate": null,
            "research_to_sale_ratio": null,
            "price_fair": 0,
            "eps_avg_yearly": 0,
            "eps_latest_yearly": 0,
            "eps_growth_yearly": 0
        },
        "20071": {
            "year_quarter": 20071,
            "year": 2007,
            "quarter": 1,
            "eps": -0.03,
            "eps_growth_year": null,
            "eps_4q": -0.51,
            "eps_4q_growth_year": -3700.23,
            "roe": -0.32,
            "roe_4q": -5.29,
            "gross_profit": 7206,
            "gross_margin": 4.24,
            "gross_margin_4q_avg": -0.28,
            "net_income": -2324,
            "revenue": 170117,
            "common_shares": 857670,
            "book_valuer_per_share": 8.4,
            "book_valuer_per_share_4q_avg": 8.58,
            "equity": 720540,
            "current_ratio": 454.8,
            "debt_ratio": 12.18,
            "inventory_turnover_ratio": 1.38,
            "account_receivable_turnover_ratio": null,
            "reinvestment_rate": null,
            "research_to_sale_ratio": null,
            "price_fair": 0,
            "eps_avg_yearly": 0,
            "eps_latest_yearly": 0,
            "eps_growth_yearly": 0
        },
        "20072": {
            "year_quarter": 20072,
            "year": 2007,
            "quarter": 2,
            "eps": 0.03,
            "eps_growth_year": 0,
            "eps_4q": -0.4,
            "eps_4q_growth_year": null,
            "roe": 0.4,
            "roe_4q": -5.199999999999999,
            "gross_profit": 16112,
            "gross_margin": 9.23,
            "gross_margin_4q_avg": -0.05,
            "net_income": 2920,
            "revenue": 174628,
            "common_shares": 857670,
            "book_valuer_per_share": 8.5,
            "book_valuer_per_share_4q_avg": 8.49,
            "equity": 728714,
            "current_ratio": 423.75,
            "debt_ratio": 13.26,
            "inventory_turnover_ratio": 1.23,
            "account_receivable_turnover_ratio": null,
            "reinvestment_rate": null,
            "research_to_sale_ratio": null,
            "price_fair": 0,
            "eps_avg_yearly": 0,
            "eps_latest_yearly": 0,
            "eps_growth_yearly": 0
        },
        "20073": {
            "year_quarter": 20073,
            "year": 2007,
            "quarter": 3,
            "eps": -0.13,
            "eps_growth_year": null,
            "eps_4q": -0.3,
            "eps_4q_growth_year": null,
            "roe": -1.56,
            "roe_4q": -3.5700000000000003,
            "gross_profit": 2178,
            "gross_margin": 1.6,
            "gross_margin_4q_avg": 2.67,
            "net_income": -11326,
            "revenue": 136067,
            "common_shares": 857670,
            "book_valuer_per_share": 8.39,
            "book_valuer_per_share_4q_avg": 8.43,
            "equity": 719810,
            "current_ratio": 373.28,
            "debt_ratio": 14.96,
            "inventory_turnover_ratio": 0.89,
            "account_receivable_turnover_ratio": null,
            "reinvestment_rate": null,
            "research_to_sale_ratio": null,
            "price_fair": 0,
            "eps_avg_yearly": 0,
            "eps_latest_yearly": 0,
            "eps_growth_yearly": 0
        },
        "20074": {
            "year_quarter": 20074,
            "year": 2007,
            "quarter": 4,
            "eps": -0.08,
            "eps_growth_year": null,
            "eps_4q": -0.2,
            "eps_4q_growth_year": null,
            "roe": -0.91,
            "roe_4q": -2.39,
            "gross_profit": 13312,
            "gross_margin": 7.37,
            "gross_margin_4q_avg": 5.61,
            "net_income": -6561,
            "revenue": 180626,
            "common_shares": 857670,
            "book_valuer_per_share": 8.37,
            "book_valuer_per_share_4q_avg": 8.42,
            "equity": 718244,
            "current_ratio": 560.43,
            "debt_ratio": 11.6,
            "inventory_turnover_ratio": 1.12,
            "account_receivable_turnover_ratio": null,
            "reinvestment_rate": null,
            "research_to_sale_ratio": null,
            "price_fair": 0,
            "eps_avg_yearly": 0,
            "eps_latest_yearly": 0,
            "eps_growth_yearly": 0
        },
        "20081": {
            "year_quarter": 20081,
            "year": 2008,
            "quarter": 1,
            "eps": 0.06,
            "eps_growth_year": null,
            "eps_4q": -0.12,
            "eps_4q_growth_year": null,
            "roe": 0.69,
            "roe_4q": -1.3800000000000003,
            "gross_profit": 20881,
            "gross_margin": 10.54,
            "gross_margin_4q_avg": 7.19,
            "net_income": 5005,
            "revenue": 198039,
            "common_shares": 857670,
            "book_valuer_per_share": 8.43,
            "book_valuer_per_share_4q_avg": 8.42,
            "equity": 723249,
            "current_ratio": 523.83,
            "debt_ratio": 11.69,
            "inventory_turnover_ratio": 1.35,
            "account_receivable_turnover_ratio": null,
            "reinvestment_rate": null,
            "research_to_sale_ratio": null,
            "price_fair": 0,
            "eps_avg_yearly": 0,
            "eps_latest_yearly": 0,
            "eps_growth_yearly": 0
        },
        "20082": {
            "year_quarter": 20082,
            "year": 2008,
            "quarter": 2,
            "eps": 0.31,
            "eps_growth_year": 933.33,
            "eps_4q": 0.16,
            "eps_4q_growth_year": null,
            "roe": 3.65,
            "roe_4q": 1.8699999999999997,
            "gross_profit": 31802,
            "gross_margin": 17.02,
            "gross_margin_4q_avg": 9.13,
            "net_income": 26891,
            "revenue": 186902,
            "common_shares": 857670,
            "book_valuer_per_share": 8.75,
            "book_valuer_per_share_4q_avg": 8.49,
            "equity": 750140,
            "current_ratio": 463.43,
            "debt_ratio": 12.97,
            "inventory_turnover_ratio": 1.15,
            "account_receivable_turnover_ratio": null,
            "reinvestment_rate": null,
            "research_to_sale_ratio": null,
            "price_fair": 43.4,
            "eps_avg_yearly": 1.24,
            "eps_latest_yearly": 1.24,
            "eps_growth_yearly": 1666.67
        },
        "20083": {
            "year_quarter": 20083,
            "year": 2008,
            "quarter": 3,
            "eps": 0.15,
            "eps_growth_year": null,
            "eps_4q": 0.44,
            "eps_4q_growth_year": null,
            "roe": 1.73,
            "roe_4q": 5.16,
            "gross_profit": 30182,
            "gross_margin": 15.97,
            "gross_margin_4q_avg": 12.73,
            "net_income": 13120,
            "revenue": 188952,
            "common_shares": 857670,
            "book_valuer_per_share": 8.9,
            "book_valuer_per_share_4q_avg": 8.61,
            "equity": 763259,
            "current_ratio": 483.35,
            "debt_ratio": 12.45,
            "inventory_turnover_ratio": 1.15,
            "account_receivable_turnover_ratio": null,
            "reinvestment_rate": null,
            "research_to_sale_ratio": null,
            "price_fair": 32.2,
            "eps_avg_yearly": 0.92,
            "eps_latest_yearly": 0.6,
            "eps_growth_yearly": 730.11
        },
        "20084": {
            "year_quarter": 20084,
            "year": 2008,
            "quarter": 4,
            "eps": 0.16,
            "eps_growth_year": null,
            "eps_4q": 0.68,
            "eps_4q_growth_year": null,
            "roe": 1.79,
            "roe_4q": 7.859999999999999,
            "gross_profit": 23202,
            "gross_margin": 12.92,
            "gross_margin_4q_avg": 14.11,
            "net_income": 13763,
            "revenue": 179650,
            "common_shares": 857670,
            "book_valuer_per_share": 9.06,
            "book_valuer_per_share_4q_avg": 8.79,
            "equity": 777021,
            "current_ratio": 544.3,
            "debt_ratio": 9.7,
            "inventory_turnover_ratio": 1.28,
            "account_receivable_turnover_ratio": 2.61,
            "reinvestment_rate": -1971.29,
            "research_to_sale_ratio": null,
            "price_fair": 28.93,
            "eps_avg_yearly": 0.83,
            "eps_latest_yearly": 0.64,
            "eps_growth_yearly": 495.63
        },
        "20091": {
            "year_quarter": 20091,
            "year": 2009,
            "quarter": 1,
            "eps": 0.08,
            "eps_growth_year": 33.33,
            "eps_4q": 0.68,
            "eps_4q_growth_year": null,
            "roe": 0.92,
            "roe_4q": 8.09,
            "gross_profit": 23551,
            "gross_margin": 14.34,
            "gross_margin_4q_avg": 15.06,
            "net_income": 7216,
            "revenue": 164188,
            "common_shares": 857670,
            "book_valuer_per_share": 9.14,
            "book_valuer_per_share_4q_avg": 8.96,
            "equity": 784237,
            "current_ratio": 530.79,
            "debt_ratio": 10.22,
            "inventory_turnover_ratio": 1.28,
            "account_receivable_turnover_ratio": 1.25,
            "reinvestment_rate": -498.87,
            "research_to_sale_ratio": null,
            "price_fair": 24.5,
            "eps_avg_yearly": 0.7,
            "eps_latest_yearly": 0.32,
            "eps_growth_yearly": 321.72
        },
        "20092": {
            "year_quarter": 20092,
            "year": 2009,
            "quarter": 2,
            "eps": 0.29,
            "eps_growth_year": -6.45,
            "eps_4q": 0.69,
            "eps_4q_growth_year": 329.94,
            "roe": 3.07,
            "roe_4q": 7.51,
            "gross_profit": 38661,
            "gross_margin": 20.72,
            "gross_margin_4q_avg": 15.99,
            "net_income": 24457,
            "revenue": 186596,
            "common_shares": 857670,
            "book_valuer_per_share": 9.42,
            "book_valuer_per_share_4q_avg": 9.13,
            "equity": 807738,
            "current_ratio": 662.98,
            "debt_ratio": 8.72,
            "inventory_turnover_ratio": 1.45,
            "account_receivable_turnover_ratio": 1.48,
            "reinvestment_rate": -178.13,
            "research_to_sale_ratio": null,
            "price_fair": 27.72,
            "eps_avg_yearly": 0.79,
            "eps_latest_yearly": 1.16,
            "eps_growth_yearly": 467.38
        },
        "20093": {
            "year_quarter": 20093,
            "year": 2009,
            "quarter": 3,
            "eps": 0.09,
            "eps_growth_year": -40,
            "eps_4q": 0.62,
            "eps_4q_growth_year": 40.1,
            "roe": 0.96,
            "roe_4q": 6.739999999999999,
            "gross_profit": 24945,
            "gross_margin": 15,
            "gross_margin_4q_avg": 15.75,
            "net_income": 7775,
            "revenue": 166310,
            "common_shares": 857670,
            "book_valuer_per_share": 9.52,
            "book_valuer_per_share_4q_avg": 9.29,
            "equity": 816112,
            "current_ratio": 523.23,
            "debt_ratio": 10.44,
            "inventory_turnover_ratio": 1.41,
            "account_receivable_turnover_ratio": 1.27,
            "reinvestment_rate": -67.48,
            "research_to_sale_ratio": null,
            "price_fair": 25.2,
            "eps_avg_yearly": 0.72,
            "eps_latest_yearly": 0.36,
            "eps_growth_yearly": 343.5
        },
        "20094": {
            "year_quarter": 20094,
            "year": 2009,
            "quarter": 4,
            "eps": 0.16,
            "eps_growth_year": 0,
            "eps_4q": 0.62,
            "eps_4q_growth_year": -8.95,
            "roe": 1.69,
            "roe_4q": 6.64,
            "gross_profit": 31045,
            "gross_margin": 16.14,
            "gross_margin_4q_avg": 16.55,
            "net_income": 13913,
            "revenue": 192357,
            "common_shares": 857670,
            "book_valuer_per_share": 9.68,
            "book_valuer_per_share_4q_avg": 9.44,
            "equity": 830385,
            "current_ratio": 490.69,
            "debt_ratio": 11.36,
            "inventory_turnover_ratio": 1.48,
            "account_receivable_turnover_ratio": 2.7,
            "reinvestment_rate": 136.58,
            "research_to_sale_ratio": null,
            "price_fair": 24.8,
            "eps_avg_yearly": 0.71,
            "eps_latest_yearly": 0.64,
            "eps_growth_yearly": 338.88
        },
        "20101": {
            "year_quarter": 20101,
            "year": 2010,
            "quarter": 1,
            "eps": 0.11,
            "eps_growth_year": 37.5,
            "eps_4q": 0.65,
            "eps_4q_growth_year": -4.37,
            "roe": 1.12,
            "roe_4q": 6.84,
            "gross_profit": 24713,
            "gross_margin": 13.23,
            "gross_margin_4q_avg": 16.27,
            "net_income": 9313,
            "revenue": 186768,
            "common_shares": 857670,
            "book_valuer_per_share": 9.79,
            "book_valuer_per_share_4q_avg": 9.6,
            "equity": 839698,
            "current_ratio": 535.82,
            "debt_ratio": 10.66,
            "inventory_turnover_ratio": 1.35,
            "account_receivable_turnover_ratio": 1.31,
            "reinvestment_rate": 129.64,
            "research_to_sale_ratio": null,
            "price_fair": 23.63,
            "eps_avg_yearly": 0.68,
            "eps_latest_yearly": 0.44,
            "eps_growth_yearly": 280.89
        },
        "20102": {
            "year_quarter": 20102,
            "year": 2010,
            "quarter": 2,
            "eps": 0.2,
            "eps_growth_year": -30.45,
            "eps_4q": 0.56,
            "eps_4q_growth_year": -18.89,
            "roe": 2.04,
            "roe_4q": 5.81,
            "gross_profit": 35584,
            "gross_margin": 16.69,
            "gross_margin_4q_avg": 15.27,
            "net_income": 17299,
            "revenue": 213192,
            "common_shares": 857670,
            "book_valuer_per_share": 9.99,
            "book_valuer_per_share_4q_avg": 9.75,
            "equity": 856454,
            "current_ratio": 595.94,
            "debt_ratio": 9.15,
            "inventory_turnover_ratio": 1.43,
            "account_receivable_turnover_ratio": 1.32,
            "reinvestment_rate": 162.04,
            "research_to_sale_ratio": null,
            "price_fair": 24.11,
            "eps_avg_yearly": 0.69,
            "eps_latest_yearly": 0.8,
            "eps_growth_yearly": 286.04
        },
        "20103": {
            "year_quarter": 20103,
            "year": 2010,
            "quarter": 3,
            "eps": 0.1,
            "eps_growth_year": 7.75,
            "eps_4q": 0.57,
            "eps_4q_growth_year": -7.55,
            "roe": 0.97,
            "roe_4q": 5.82,
            "gross_profit": 25157,
            "gross_margin": 13.7,
            "gross_margin_4q_avg": 14.94,
            "net_income": 8317,
            "revenue": 183673,
            "common_shares": 857670,
            "book_valuer_per_share": 10.1,
            "book_valuer_per_share_4q_avg": 9.89,
            "equity": 866259,
            "current_ratio": 564.88,
            "debt_ratio": 9.75,
            "inventory_turnover_ratio": 1.3,
            "account_receivable_turnover_ratio": 1.06,
            "reinvestment_rate": 124.76,
            "research_to_sale_ratio": null,
            "price_fair": 23.1,
            "eps_avg_yearly": 0.66,
            "eps_latest_yearly": 0.4,
            "eps_growth_yearly": 237.44
        },
        "20104": {
            "year_quarter": 20104,
            "year": 2010,
            "quarter": 4,
            "eps": 0.26,
            "eps_growth_year": 60.18,
            "eps_4q": 0.66,
            "eps_4q_growth_year": 6.65,
            "roe": 2.51,
            "roe_4q": 6.64,
            "gross_profit": 39405,
            "gross_margin": 17.33,
            "gross_margin_4q_avg": 15.24,
            "net_income": 21981,
            "revenue": 227404,
            "common_shares": 857670,
            "book_valuer_per_share": 10.35,
            "book_valuer_per_share_4q_avg": 10.06,
            "equity": 887797,
            "current_ratio": 520.52,
            "debt_ratio": 10.92,
            "inventory_turnover_ratio": 1.45,
            "account_receivable_turnover_ratio": 1.31,
            "reinvestment_rate": 98.26,
            "research_to_sale_ratio": null,
            "price_fair": 24.31,
            "eps_avg_yearly": 0.69,
            "eps_latest_yearly": 1.04,
            "eps_growth_yearly": 274.04
        },
        "20111": {
            "year_quarter": 20111,
            "year": 2011,
            "quarter": 1,
            "eps": 0.21,
            "eps_growth_year": 90.91,
            "eps_4q": 0.77,
            "eps_4q_growth_year": 18.65,
            "roe": 2.04,
            "roe_4q": 7.56,
            "gross_profit": 34320,
            "gross_margin": 15.86,
            "gross_margin_4q_avg": 15.9,
            "net_income": 18202,
            "revenue": 216379,
            "common_shares": 857670,
            "book_valuer_per_share": 10.44,
            "book_valuer_per_share_4q_avg": 10.22,
            "equity": 895253,
            "current_ratio": 529.09,
            "debt_ratio": 10.9,
            "inventory_turnover_ratio": 1.12,
            "account_receivable_turnover_ratio": 1.24,
            "reinvestment_rate": 91.5,
            "research_to_sale_ratio": null,
            "price_fair": 24.73,
            "eps_avg_yearly": 0.71,
            "eps_latest_yearly": 0.84,
            "eps_growth_yearly": 244.79
        },
        "20112": {
            "year_quarter": 20112,
            "year": 2011,
            "quarter": 2,
            "eps": 0.25,
            "eps_growth_year": 23.98,
            "eps_4q": 0.82,
            "eps_4q_growth_year": 44.82,
            "roe": 2.38,
            "roe_4q": 7.8999999999999995,
            "gross_profit": 42775,
            "gross_margin": 17.72,
            "gross_margin_4q_avg": 16.15,
            "net_income": 21448,
            "revenue": 241402,
            "common_shares": 857670,
            "book_valuer_per_share": 10.55,
            "book_valuer_per_share_4q_avg": 10.36,
            "equity": 904823,
            "current_ratio": 501.63,
            "debt_ratio": 11.55,
            "inventory_turnover_ratio": 1.17,
            "account_receivable_turnover_ratio": 1.5,
            "reinvestment_rate": 86.26,
            "research_to_sale_ratio": null,
            "price_fair": 25.52,
            "eps_avg_yearly": 0.73,
            "eps_latest_yearly": 1,
            "eps_growth_yearly": 231.82
        },
        "20113": {
            "year_quarter": 20113,
            "year": 2011,
            "quarter": 3,
            "eps": -0.02,
            "eps_growth_year": -117.19,
            "eps_4q": 0.7,
            "eps_4q_growth_year": 23.26,
            "roe": -0.16,
            "roe_4q": 6.77,
            "gross_profit": 8997,
            "gross_margin": 5.63,
            "gross_margin_4q_avg": 14.14,
            "net_income": -1430,
            "revenue": 159896,
            "common_shares": 857670,
            "book_valuer_per_share": 10.39,
            "book_valuer_per_share_4q_avg": 10.43,
            "equity": 891244,
            "current_ratio": 501.08,
            "debt_ratio": 11.38,
            "inventory_turnover_ratio": 0.96,
            "account_receivable_turnover_ratio": 1.08,
            "reinvestment_rate": 87.64,
            "research_to_sale_ratio": null,
            "price_fair": 25.52,
            "eps_avg_yearly": 0.73,
            "eps_latest_yearly": 1,
            "eps_growth_yearly": 231.82
        },
        "20114": {
            "year_quarter": 20114,
            "year": 2011,
            "quarter": 4,
            "eps": 0.04,
            "eps_growth_year": -83.78,
            "eps_4q": 0.49,
            "eps_4q_growth_year": -26.58,
            "roe": 0.4,
            "roe_4q": 4.66,
            "gross_profit": 18408,
            "gross_margin": 10.74,
            "gross_margin_4q_avg": 12.49,
            "net_income": 3566,
            "revenue": 171354,
            "common_shares": 857670,
            "book_valuer_per_share": 10.36,
            "book_valuer_per_share_4q_avg": 10.44,
            "equity": 888635,
            "current_ratio": 488.85,
            "debt_ratio": 11.52,
            "inventory_turnover_ratio": 0.91,
            "account_receivable_turnover_ratio": 1.13,
            "reinvestment_rate": 88.02,
            "research_to_sale_ratio": null,
            "price_fair": 25.52,
            "eps_avg_yearly": 0.73,
            "eps_latest_yearly": 1,
            "eps_growth_yearly": 231.82
        },
        "20121": {
            "year_quarter": 20121,
            "year": 2012,
            "quarter": 1,
            "eps": 0.11,
            "eps_growth_year": -47.62,
            "eps_4q": 0.39,
            "eps_4q_growth_year": -49.64,
            "roe": 1.07,
            "roe_4q": 3.6900000000000004,
            "gross_profit": 18771,
            "gross_margin": 10.32,
            "gross_margin_4q_avg": 11.1,
            "net_income": 9550,
            "revenue": 181971,
            "common_shares": 857670,
            "book_valuer_per_share": 10.48,
            "book_valuer_per_share_4q_avg": 10.45,
            "equity": 898832,
            "current_ratio": 580.02,
            "debt_ratio": 10.56,
            "inventory_turnover_ratio": 0.93,
            "account_receivable_turnover_ratio": 1.11,
            "reinvestment_rate": 54.98,
            "research_to_sale_ratio": null,
            "price_fair": 24.8,
            "eps_avg_yearly": 0.71,
            "eps_latest_yearly": 0.44,
            "eps_growth_yearly": 265.26
        },
        "20122": {
            "year_quarter": 20122,
            "year": 2012,
            "quarter": 2,
            "eps": 0.03,
            "eps_growth_year": -87.43,
            "eps_4q": 0.17,
            "eps_4q_growth_year": -79.44,
            "roe": 0.3,
            "roe_4q": 1.61,
            "gross_profit": 18795,
            "gross_margin": 10.41,
            "gross_margin_4q_avg": 9.28,
            "net_income": 2696,
            "revenue": 180578,
            "common_shares": 857670,
            "book_valuer_per_share": 10.3,
            "book_valuer_per_share_4q_avg": 10.38,
            "equity": 883063,
            "current_ratio": 502.37,
            "debt_ratio": 12.04,
            "inventory_turnover_ratio": 0.96,
            "account_receivable_turnover_ratio": 1.07,
            "reinvestment_rate": 48.43,
            "research_to_sale_ratio": null,
            "price_fair": 22,
            "eps_avg_yearly": 0.63,
            "eps_latest_yearly": 0.12,
            "eps_growth_yearly": 125.44
        },
        "20123": {
            "year_quarter": 20123,
            "year": 2012,
            "quarter": 3,
            "eps": -0.05,
            "eps_growth_year": null,
            "eps_4q": 0.13,
            "eps_4q_growth_year": -81.57,
            "roe": -0.53,
            "roe_4q": 1.2400000000000002,
            "gross_profit": 8705,
            "gross_margin": 5.84,
            "gross_margin_4q_avg": 9.33,
            "net_income": -4714,
            "revenue": 149139,
            "common_shares": 857670,
            "book_valuer_per_share": 10.26,
            "book_valuer_per_share_4q_avg": 10.35,
            "equity": 880135,
            "current_ratio": 614.94,
            "debt_ratio": 10.03,
            "inventory_turnover_ratio": 0.83,
            "account_receivable_turnover_ratio": 0.94,
            "reinvestment_rate": 41.19,
            "research_to_sale_ratio": null,
            "price_fair": 22.08,
            "eps_avg_yearly": 0.63,
            "eps_latest_yearly": 0.12,
            "eps_growth_yearly": 150.97
        },
        "20124": {
            "year_quarter": 20124,
            "year": 2012,
            "quarter": 4,
            "eps": 0.08,
            "eps_growth_year": 103.17,
            "eps_4q": 0.17,
            "eps_4q_growth_year": -64.64,
            "roe": 0.82,
            "roe_4q": 1.66,
            "gross_profit": 21375,
            "gross_margin": 11.55,
            "gross_margin_4q_avg": 9.53,
            "net_income": 7245,
            "revenue": 185024,
            "common_shares": 857670,
            "book_valuer_per_share": 10.33,
            "book_valuer_per_share_4q_avg": 10.34,
            "equity": 885608,
            "current_ratio": 580,
            "debt_ratio": 10.83,
            "inventory_turnover_ratio": 0.99,
            "account_receivable_turnover_ratio": 1.15,
            "reinvestment_rate": 33.47,
            "research_to_sale_ratio": null,
            "price_fair": 22.05,
            "eps_avg_yearly": 0.63,
            "eps_latest_yearly": 0.12,
            "eps_growth_yearly": 161.32
        },
        "20131": {
            "year_quarter": 20131,
            "year": 2013,
            "quarter": 1,
            "eps": 0.08,
            "eps_growth_year": -27.27,
            "eps_4q": 0.15,
            "eps_4q_growth_year": -62.27,
            "roe": 0.82,
            "roe_4q": 1.41,
            "gross_profit": 24627,
            "gross_margin": 15.03,
            "gross_margin_4q_avg": 10.71,
            "net_income": 7274,
            "revenue": 163822,
            "common_shares": 857670,
            "book_valuer_per_share": 10.37,
            "book_valuer_per_share_4q_avg": 10.32,
            "equity": 889397,
            "current_ratio": 719.63,
            "debt_ratio": 9.76,
            "inventory_turnover_ratio": 0.93,
            "account_receivable_turnover_ratio": 0.95,
            "reinvestment_rate": 29.55,
            "research_to_sale_ratio": null,
            "price_fair": 22.05,
            "eps_avg_yearly": 0.63,
            "eps_latest_yearly": 0.32,
            "eps_growth_yearly": 177.99
        },
        "20132": {
            "year_quarter": 20132,
            "year": 2013,
            "quarter": 2,
            "eps": 0.03,
            "eps_growth_year": -4.56,
            "eps_4q": 0.14,
            "eps_4q_growth_year": -15.21,
            "roe": 0.27,
            "roe_4q": 1.3799999999999997,
            "gross_profit": 18959,
            "gross_margin": 12.44,
            "gross_margin_4q_avg": 11.22,
            "net_income": 2389,
            "revenue": 152384,
            "common_shares": 857670,
            "book_valuer_per_share": 10.35,
            "book_valuer_per_share_4q_avg": 10.33,
            "equity": 887908,
            "current_ratio": 591.39,
            "debt_ratio": 11.46,
            "inventory_turnover_ratio": 0.95,
            "account_receivable_turnover_ratio": 0.97,
            "reinvestment_rate": 35.38,
            "research_to_sale_ratio": null,
            "price_fair": 19.02,
            "eps_avg_yearly": 0.54,
            "eps_latest_yearly": 0.12,
            "eps_growth_yearly": 69.66
        },
        "20133": {
            "year_quarter": 20133,
            "year": 2013,
            "quarter": 3,
            "eps": 0.1,
            "eps_growth_year": null,
            "eps_4q": 0.29,
            "eps_4q_growth_year": 126.54,
            "roe": 0.92,
            "roe_4q": 2.8299999999999996,
            "gross_profit": 19521,
            "gross_margin": 11.62,
            "gross_margin_4q_avg": 12.66,
            "net_income": 8233,
            "revenue": 168042,
            "common_shares": 857670,
            "book_valuer_per_share": 10.46,
            "book_valuer_per_share_4q_avg": 10.38,
            "equity": 896842,
            "current_ratio": 638.57,
            "debt_ratio": 10.84,
            "inventory_turnover_ratio": 1.09,
            "account_receivable_turnover_ratio": 1.19,
            "reinvestment_rate": 25.89,
            "research_to_sale_ratio": null,
            "price_fair": 19.13,
            "eps_avg_yearly": 0.55,
            "eps_latest_yearly": 0.4,
            "eps_growth_yearly": 170.42
        },
        "20134": {
            "year_quarter": 20134,
            "year": 2013,
            "quarter": 4,
            "eps": 0.13,
            "eps_growth_year": 57.41,
            "eps_4q": 0.34,
            "eps_4q_growth_year": 98.28,
            "roe": 1.26,
            "roe_4q": 3.27,
            "gross_profit": 30356,
            "gross_margin": 16.42,
            "gross_margin_4q_avg": 13.88,
            "net_income": 11404,
            "revenue": 184853,
            "common_shares": 857670,
            "book_valuer_per_share": 10.58,
            "book_valuer_per_share_4q_avg": 10.44,
            "equity": 907290,
            "current_ratio": 527.48,
            "debt_ratio": 12.96,
            "inventory_turnover_ratio": 1.14,
            "account_receivable_turnover_ratio": 1.22,
            "reinvestment_rate": -38.25,
            "research_to_sale_ratio": null,
            "price_fair": 18.78,
            "eps_avg_yearly": 0.54,
            "eps_latest_yearly": 0.52,
            "eps_growth_yearly": 154.5
        },
        "20141": {
            "year_quarter": 20141,
            "year": 2014,
            "quarter": 1,
            "eps": 0.23,
            "eps_growth_year": 187.5,
            "eps_4q": 0.49,
            "eps_4q_growth_year": 235.53,
            "roe": 2.18,
            "roe_4q": 4.630000000000001,
            "gross_profit": 41200,
            "gross_margin": 20.46,
            "gross_margin_4q_avg": 15.24,
            "net_income": 19918,
            "revenue": 201412,
            "common_shares": 857670,
            "book_valuer_per_share": 10.77,
            "book_valuer_per_share_4q_avg": 10.54,
            "equity": 924125,
            "current_ratio": 505.44,
            "debt_ratio": 13.59,
            "inventory_turnover_ratio": 1.15,
            "account_receivable_turnover_ratio": 1.22,
            "reinvestment_rate": -34.26,
            "research_to_sale_ratio": null,
            "price_fair": 20.18,
            "eps_avg_yearly": 0.58,
            "eps_latest_yearly": 0.92,
            "eps_growth_yearly": 190.55
        },
        "20142": {
            "year_quarter": 20142,
            "year": 2014,
            "quarter": 2,
            "eps": 0.21,
            "eps_growth_year": 600,
            "eps_4q": 0.67,
            "eps_4q_growth_year": 373.77,
            "roe": 1.98,
            "roe_4q": 6.34,
            "gross_profit": 44005,
            "gross_margin": 22.72,
            "gross_margin_4q_avg": 17.81,
            "net_income": 18216,
            "revenue": 193721,
            "common_shares": 857670,
            "book_valuer_per_share": 10.68,
            "book_valuer_per_share_4q_avg": 10.62,
            "equity": 915596,
            "current_ratio": 484.84,
            "debt_ratio": 14.2,
            "inventory_turnover_ratio": 1.05,
            "account_receivable_turnover_ratio": 1.24,
            "reinvestment_rate": -60.85,
            "research_to_sale_ratio": null,
            "price_fair": 20.3,
            "eps_avg_yearly": 0.58,
            "eps_latest_yearly": 0.84,
            "eps_growth_yearly": 160.38
        },
        "20143": {
            "year_quarter": 20143,
            "year": 2014,
            "quarter": 3,
            "eps": 0.09,
            "eps_growth_year": -10,
            "eps_4q": 0.67,
            "eps_4q_growth_year": 127.11,
            "roe": 0.82,
            "roe_4q": 6.24,
            "gross_profit": 26705,
            "gross_margin": 16.95,
            "gross_margin_4q_avg": 19.14,
            "net_income": 7559,
            "revenue": 157527,
            "common_shares": 857670,
            "book_valuer_per_share": 10.75,
            "book_valuer_per_share_4q_avg": 10.7,
            "equity": 922109,
            "current_ratio": 522.06,
            "debt_ratio": 13.09,
            "inventory_turnover_ratio": 0.84,
            "account_receivable_turnover_ratio": 1.04,
            "reinvestment_rate": -65.74,
            "research_to_sale_ratio": null,
            "price_fair": 20.18,
            "eps_avg_yearly": 0.58,
            "eps_latest_yearly": 0.36,
            "eps_growth_yearly": 158
        },
        "20144": {
            "year_quarter": 20144,
            "year": 2014,
            "quarter": 4,
            "eps": 0.24,
            "eps_growth_year": 81.29,
            "eps_4q": 0.77,
            "eps_4q_growth_year": 126.51,
            "roe": 2.21,
            "roe_4q": 7.1899999999999995,
            "gross_profit": 47430,
            "gross_margin": 24.75,
            "gross_margin_4q_avg": 21.22,
            "net_income": 20674,
            "revenue": 191651,
            "common_shares": 857670,
            "book_valuer_per_share": 11.08,
            "book_valuer_per_share_4q_avg": 10.82,
            "equity": 950496,
            "current_ratio": 459.49,
            "debt_ratio": 15.1,
            "inventory_turnover_ratio": 0.81,
            "account_receivable_turnover_ratio": 1.2,
            "reinvestment_rate": -62.22,
            "research_to_sale_ratio": null,
            "price_fair": 19.95,
            "eps_avg_yearly": 0.57,
            "eps_latest_yearly": 0.96,
            "eps_growth_yearly": 160.22
        },
        "20151": {
            "year_quarter": 20151,
            "year": 2015,
            "quarter": 1,
            "eps": 0.18,
            "eps_growth_year": -21.74,
            "eps_4q": 0.72,
            "eps_4q_growth_year": 47.14,
            "roe": 1.59,
            "roe_4q": 6.6,
            "gross_profit": 47014,
            "gross_margin": 23.55,
            "gross_margin_4q_avg": 21.99,
            "net_income": 15266,
            "revenue": 199659,
            "common_shares": 857670,
            "book_valuer_per_share": 11.32,
            "book_valuer_per_share_4q_avg": 10.96,
            "equity": 970838,
            "current_ratio": 511.42,
            "debt_ratio": 13.57,
            "inventory_turnover_ratio": 0.8,
            "account_receivable_turnover_ratio": 1.21,
            "reinvestment_rate": -51.71,
            "research_to_sale_ratio": null,
            "price_fair": 19.6,
            "eps_avg_yearly": 0.56,
            "eps_latest_yearly": 0.72,
            "eps_growth_yearly": 158.3
        },
        "20152": {
            "year_quarter": 20152,
            "year": 2015,
            "quarter": 2,
            "eps": 0.12,
            "eps_growth_year": -42.86,
            "eps_4q": 0.63,
            "eps_4q_growth_year": -6.07,
            "roe": 1.14,
            "roe_4q": 5.76,
            "gross_profit": 37513,
            "gross_margin": 18.89,
            "gross_margin_4q_avg": 21.04,
            "net_income": 10764,
            "revenue": 198536,
            "common_shares": 857670,
            "book_valuer_per_share": 10.79,
            "book_valuer_per_share_4q_avg": 10.99,
            "equity": 925222,
            "current_ratio": 414.59,
            "debt_ratio": 16.86,
            "inventory_turnover_ratio": 0.86,
            "account_receivable_turnover_ratio": 1.27,
            "reinvestment_rate": -73.77,
            "research_to_sale_ratio": null,
            "price_fair": 18.08,
            "eps_avg_yearly": 0.52,
            "eps_latest_yearly": 0.48,
            "eps_growth_yearly": 140.84
        },
        "20153": {
            "year_quarter": 20153,
            "year": 2015,
            "quarter": 3,
            "eps": 0.2,
            "eps_growth_year": 122.22,
            "eps_4q": 0.74,
            "eps_4q_growth_year": 11.11,
            "roe": 1.8,
            "roe_4q": 6.74,
            "gross_profit": 38800,
            "gross_margin": 21.58,
            "gross_margin_4q_avg": 22.19,
            "net_income": 16735,
            "revenue": 179810,
            "common_shares": 857670,
            "book_valuer_per_share": 10.94,
            "book_valuer_per_share_4q_avg": 11.03,
            "equity": 938010,
            "current_ratio": 589.3,
            "debt_ratio": 12.12,
            "inventory_turnover_ratio": 0.77,
            "account_receivable_turnover_ratio": 1.14,
            "reinvestment_rate": -70.79,
            "research_to_sale_ratio": null,
            "price_fair": 18.85,
            "eps_avg_yearly": 0.54,
            "eps_latest_yearly": 0.8,
            "eps_growth_yearly": 150.52
        },
        "20154": {
            "year_quarter": 20154,
            "year": 2015,
            "quarter": 4,
            "eps": 0.21,
            "eps_growth_year": -11.31,
            "eps_4q": 0.71,
            "eps_4q_growth_year": -7.93,
            "roe": 1.93,
            "roe_4q": 6.46,
            "gross_profit": 43692,
            "gross_margin": 23.78,
            "gross_margin_4q_avg": 21.95,
            "net_income": 18336,
            "revenue": 183726,
            "common_shares": 857670,
            "book_valuer_per_share": 11.19,
            "book_valuer_per_share_4q_avg": 11.06,
            "equity": 959602,
            "current_ratio": 675.16,
            "debt_ratio": 10.87,
            "inventory_turnover_ratio": 0.78,
            "account_receivable_turnover_ratio": 1.16,
            "reinvestment_rate": -71.7,
            "research_to_sale_ratio": null,
            "price_fair": 19.6,
            "eps_avg_yearly": 0.56,
            "eps_latest_yearly": 0.84,
            "eps_growth_yearly": 141.2
        },
        "20161": {
            "year_quarter": 20161,
            "year": 2016,
            "quarter": 1,
            "eps": 0.19,
            "eps_growth_year": 5.56,
            "eps_4q": 0.72,
            "eps_4q_growth_year": 0.7,
            "roe": 1.69,
            "roe_4q": 6.56,
            "gross_profit": 46256,
            "gross_margin": 25.24,
            "gross_margin_4q_avg": 22.37,
            "net_income": 16313,
            "revenue": 183270,
            "common_shares": 857670,
            "book_valuer_per_share": 11.37,
            "book_valuer_per_share_4q_avg": 11.07,
            "equity": 975412,
            "current_ratio": 734.06,
            "debt_ratio": 9.78,
            "inventory_turnover_ratio": 0.81,
            "account_receivable_turnover_ratio": 1.2,
            "reinvestment_rate": -48.52,
            "research_to_sale_ratio": null,
            "price_fair": 20.4,
            "eps_avg_yearly": 0.58,
            "eps_latest_yearly": 0.76,
            "eps_growth_yearly": 88.48
        },
        "20162": {
            "year_quarter": 20162,
            "year": 2016,
            "quarter": 2,
            "eps": 0.14,
            "eps_growth_year": 16.67,
            "eps_4q": 0.74,
            "eps_4q_growth_year": 17.28,
            "roe": 1.28,
            "roe_4q": 6.699999999999999,
            "gross_profit": 36272,
            "gross_margin": 21.82,
            "gross_margin_4q_avg": 23.11,
            "net_income": 12253,
            "revenue": 166209,
            "common_shares": 857670,
            "book_valuer_per_share": 10.89,
            "book_valuer_per_share_4q_avg": 11.1,
            "equity": 933922,
            "current_ratio": 468.75,
            "debt_ratio": 14.63,
            "inventory_turnover_ratio": 0.81,
            "account_receivable_turnover_ratio": 1.21,
            "reinvestment_rate": -46.52,
            "research_to_sale_ratio": null,
            "price_fair": 21.5,
            "eps_avg_yearly": 0.61,
            "eps_latest_yearly": 0.56,
            "eps_growth_yearly": 101.74
        },
        "20163": {
            "year_quarter": 20163,
            "year": 2016,
            "quarter": 3,
            "eps": 0.03,
            "eps_growth_year": -85,
            "eps_4q": 0.58,
            "eps_4q_growth_year": -21.7,
            "roe": 0.3,
            "roe_4q": 5.2,
            "gross_profit": 30349,
            "gross_margin": 19.7,
            "gross_margin_4q_avg": 22.64,
            "net_income": 2768,
            "revenue": 154045,
            "common_shares": 857670,
            "book_valuer_per_share": 10.9,
            "book_valuer_per_share_4q_avg": 11.09,
            "equity": 934876,
            "current_ratio": 696.69,
            "debt_ratio": 9.9,
            "inventory_turnover_ratio": 0.79,
            "account_receivable_turnover_ratio": 1.2,
            "reinvestment_rate": -41.05,
            "research_to_sale_ratio": null,
            "price_fair": 20.35,
            "eps_avg_yearly": 0.58,
            "eps_latest_yearly": 0.12,
            "eps_growth_yearly": 74
        },
        "20164": {
            "year_quarter": 20164,
            "year": 2016,
            "quarter": 4,
            "eps": 0.18,
            "eps_growth_year": -14.8,
            "eps_4q": 0.55,
            "eps_4q_growth_year": -23.15,
            "roe": 1.66,
            "roe_4q": 4.93,
            "gross_profit": 41817,
            "gross_margin": 22.94,
            "gross_margin_4q_avg": 22.43,
            "net_income": 15622,
            "revenue": 182254,
            "common_shares": 857670,
            "book_valuer_per_share": 11.05,
            "book_valuer_per_share_4q_avg": 11.05,
            "equity": 948012,
            "current_ratio": 583.28,
            "debt_ratio": 11.95,
            "inventory_turnover_ratio": 0.98,
            "account_receivable_turnover_ratio": 1.25,
            "reinvestment_rate": -28.65,
            "research_to_sale_ratio": null,
            "price_fair": 20.65,
            "eps_avg_yearly": 0.59,
            "eps_latest_yearly": 0.72,
            "eps_growth_yearly": 194.38
        },
        "20171": {
            "year_quarter": 20171,
            "year": 2017,
            "quarter": 1,
            "eps": 0.11,
            "eps_growth_year": -42.11,
            "eps_4q": 0.47,
            "eps_4q_growth_year": -34.94,
            "roe": 1.02,
            "roe_4q": 4.26,
            "gross_profit": 42146,
            "gross_margin": 23.46,
            "gross_margin_4q_avg": 21.98,
            "net_income": 9790,
            "revenue": 179635,
            "common_shares": 857670,
            "book_valuer_per_share": 11.22,
            "book_valuer_per_share_4q_avg": 11.02,
            "equity": 962322,
            "current_ratio": 642.13,
            "debt_ratio": 10.86,
            "inventory_turnover_ratio": 1.02,
            "account_receivable_turnover_ratio": 1.16,
            "reinvestment_rate": -26.47,
            "research_to_sale_ratio": null,
            "price_fair": 20.91,
            "eps_avg_yearly": 0.6,
            "eps_latest_yearly": 0.44,
            "eps_growth_yearly": 184.65
        },
        "20172": {
            "year_quarter": 20172,
            "year": 2017,
            "quarter": 2,
            "eps": 0.13,
            "eps_growth_year": -7.14,
            "eps_4q": 0.46,
            "eps_4q_growth_year": -37.99,
            "roe": 1.2,
            "roe_4q": 4.18,
            "gross_profit": 40111,
            "gross_margin": 21.42,
            "gross_margin_4q_avg": 21.88,
            "net_income": 11281,
            "revenue": 187239,
            "common_shares": 857670,
            "book_valuer_per_share": 10.79,
            "book_valuer_per_share_4q_avg": 10.99,
            "equity": 925380,
            "current_ratio": 396.94,
            "debt_ratio": 16.3,
            "inventory_turnover_ratio": 1.11,
            "account_receivable_turnover_ratio": 1.27,
            "reinvestment_rate": -25.77,
            "research_to_sale_ratio": null,
            "price_fair": 21.79,
            "eps_avg_yearly": 0.62,
            "eps_latest_yearly": 0.52,
            "eps_growth_yearly": 204.82
        },
        "20173": {
            "year_quarter": 20173,
            "year": 2017,
            "quarter": 3,
            "eps": 0.06,
            "eps_growth_year": 100,
            "eps_4q": 0.49,
            "eps_4q_growth_year": -15.43,
            "roe": 0.57,
            "roe_4q": 4.45,
            "gross_profit": 31590,
            "gross_margin": 19.47,
            "gross_margin_4q_avg": 21.82,
            "net_income": 5311,
            "revenue": 162290,
            "common_shares": 857670,
            "book_valuer_per_share": 10.86,
            "book_valuer_per_share_4q_avg": 10.98,
            "equity": 931740,
            "current_ratio": 629.05,
            "debt_ratio": 10.49,
            "inventory_turnover_ratio": 1.03,
            "account_receivable_turnover_ratio": 1.16,
            "reinvestment_rate": -24.58,
            "research_to_sale_ratio": null,
            "price_fair": 21.44,
            "eps_avg_yearly": 0.61,
            "eps_latest_yearly": 0.24,
            "eps_growth_yearly": 133.03
        },
        "20174": {
            "year_quarter": 20174,
            "year": 2017,
            "quarter": 4,
            "eps": 0.18,
            "eps_growth_year": -1.09,
            "eps_4q": 0.49,
            "eps_4q_growth_year": -10.91,
            "roe": 1.65,
            "roe_4q": 4.4399999999999995,
            "gross_profit": 36507,
            "gross_margin": 21.24,
            "gross_margin_4q_avg": 21.4,
            "net_income": 15452,
            "revenue": 171897,
            "common_shares": 857670,
            "book_valuer_per_share": 11.03,
            "book_valuer_per_share_4q_avg": 10.98,
            "equity": 945936,
            "current_ratio": 407.83,
            "debt_ratio": 15.57,
            "inventory_turnover_ratio": 1.06,
            "account_receivable_turnover_ratio": 1.15,
            "reinvestment_rate": -27.65,
            "research_to_sale_ratio": null,
            "price_fair": 21.88,
            "eps_avg_yearly": 0.63,
            "eps_latest_yearly": 0.72,
            "eps_growth_yearly": 175.53
        },
        "20181": {
            "year_quarter": 20181,
            "year": 2018,
            "quarter": 1,
            "eps": 0.09,
            "eps_growth_year": -18.18,
            "eps_4q": 0.47,
            "eps_4q_growth_year": -0.74,
            "roe": 0.85,
            "roe_4q": 4.27,
            "gross_profit": 37572,
            "gross_margin": 21.84,
            "gross_margin_4q_avg": 20.99,
            "net_income": 8090,
            "revenue": 171997,
            "common_shares": 857670,
            "book_valuer_per_share": 11.06,
            "book_valuer_per_share_4q_avg": 10.94,
            "equity": 949007,
            "current_ratio": 419.93,
            "debt_ratio": 14.84,
            "inventory_turnover_ratio": 1.03,
            "account_receivable_turnover_ratio": 1.16,
            "reinvestment_rate": 2.48,
            "research_to_sale_ratio": null,
            "price_fair": 20.65,
            "eps_avg_yearly": 0.59,
            "eps_latest_yearly": 0.36,
            "eps_growth_yearly": 143.8
        },
        "20182": {
            "year_quarter": 20182,
            "year": 2018,
            "quarter": 2,
            "eps": 0.09,
            "eps_growth_year": -30.77,
            "eps_4q": 0.42,
            "eps_4q_growth_year": -8.1,
            "roe": 0.8,
            "roe_4q": 3.8699999999999997,
            "gross_profit": 38185,
            "gross_margin": 19.32,
            "gross_margin_4q_avg": 20.47,
            "net_income": 7413,
            "revenue": 197696,
            "common_shares": 857670,
            "book_valuer_per_share": 10.62,
            "book_valuer_per_share_4q_avg": 10.89,
            "equity": 911044,
            "current_ratio": 302.75,
            "debt_ratio": 20.44,
            "inventory_turnover_ratio": 1.23,
            "account_receivable_turnover_ratio": 1.41,
            "reinvestment_rate": 17.55,
            "research_to_sale_ratio": null,
            "price_fair": 19.6,
            "eps_avg_yearly": 0.56,
            "eps_latest_yearly": 0.36,
            "eps_growth_yearly": 145.97
        },
        "20183": {
            "year_quarter": 20183,
            "year": 2018,
            "quarter": 3,
            "eps": 0.19,
            "eps_growth_year": 216.67,
            "eps_4q": 0.55,
            "eps_4q_growth_year": 11.56,
            "roe": 1.73,
            "roe_4q": 5.03,
            "gross_profit": 44554,
            "gross_margin": 22.99,
            "gross_margin_4q_avg": 21.35,
            "net_income": 15905,
            "revenue": 193793,
            "common_shares": 857670,
            "book_valuer_per_share": 10.8,
            "book_valuer_per_share_4q_avg": 10.88,
            "equity": 925893,
            "current_ratio": 361.41,
            "debt_ratio": 16.71,
            "inventory_turnover_ratio": 1.14,
            "account_receivable_turnover_ratio": 1.32,
            "reinvestment_rate": 23.96,
            "research_to_sale_ratio": null,
            "price_fair": 20.48,
            "eps_avg_yearly": 0.59,
            "eps_latest_yearly": 0.76,
            "eps_growth_yearly": 188.04
        },
        "20184": {
            "year_quarter": 20184,
            "year": 2018,
            "quarter": 4,
            "eps": 0.2,
            "eps_growth_year": 12.99,
            "eps_4q": 0.57,
            "eps_4q_growth_year": 16.81,
            "roe": 1.87,
            "roe_4q": 5.25,
            "gross_profit": 47751,
            "gross_margin": 25,
            "gross_margin_4q_avg": 22.29,
            "net_income": 17459,
            "revenue": 190976,
            "common_shares": 857670,
            "book_valuer_per_share": 10.93,
            "book_valuer_per_share_4q_avg": 10.85,
            "equity": 937043,
            "current_ratio": 357.81,
            "debt_ratio": 17.39,
            "inventory_turnover_ratio": 1.02,
            "account_receivable_turnover_ratio": 1.27,
            "reinvestment_rate": 17.72,
            "research_to_sale_ratio": null,
            "price_fair": 20.13,
            "eps_avg_yearly": 0.58,
            "eps_latest_yearly": 0.8,
            "eps_growth_yearly": 147.69
        },
        "20191": {
            "year_quarter": 20191,
            "year": 2019,
            "quarter": 1,
            "eps": 0.25,
            "eps_growth_year": 177.78,
            "eps_4q": 0.73,
            "eps_4q_growth_year": 55.35,
            "roe": 2.28,
            "roe_4q": 6.680000000000001,
            "gross_profit": 58213,
            "gross_margin": 27.79,
            "gross_margin_4q_avg": 23.78,
            "net_income": 21571,
            "revenue": 209498,
            "common_shares": 857670,
            "book_valuer_per_share": 11.18,
            "book_valuer_per_share_4q_avg": 10.88,
            "equity": 959048,
            "current_ratio": 387.69,
            "debt_ratio": 16.7,
            "inventory_turnover_ratio": 1.02,
            "account_receivable_turnover_ratio": 1.38,
            "reinvestment_rate": 7.02,
            "research_to_sale_ratio": null,
            "price_fair": 20.74,
            "eps_avg_yearly": 0.59,
            "eps_latest_yearly": 1,
            "eps_growth_yearly": 160.19
        },
        "20192": {
            "year_quarter": 20192,
            "year": 2019,
            "quarter": 2,
            "eps": 0.26,
            "eps_growth_year": 188.89,
            "eps_4q": 0.9,
            "eps_4q_growth_year": 113.15,
            "roe": 2.34,
            "roe_4q": 8.219999999999999,
            "gross_profit": 52763,
            "gross_margin": 25.36,
            "gross_margin_4q_avg": 25.29,
            "net_income": 22367,
            "revenue": 208016,
            "common_shares": 857670,
            "book_valuer_per_share": 11.09,
            "book_valuer_per_share_4q_avg": 11,
            "equity": 951214,
            "current_ratio": 337.7,
            "debt_ratio": 19.26,
            "inventory_turnover_ratio": 1.03,
            "account_receivable_turnover_ratio": 1.33,
            "reinvestment_rate": 19.69,
            "research_to_sale_ratio": null,
            "price_fair": 21.96,
            "eps_avg_yearly": 0.63,
            "eps_latest_yearly": 1.04,
            "eps_growth_yearly": 169.52
        },
        "20193": {
            "year_quarter": 20193,
            "year": 2019,
            "quarter": 3,
            "eps": 0.21,
            "eps_growth_year": 10.53,
            "eps_4q": 0.92,
            "eps_4q_growth_year": 68.94,
            "roe": 1.85,
            "roe_4q": 8.34,
            "gross_profit": 53096,
            "gross_margin": 25.79,
            "gross_margin_4q_avg": 25.99,
            "net_income": 17769,
            "revenue": 205881,
            "common_shares": 857670,
            "book_valuer_per_share": 11.29,
            "book_valuer_per_share_4q_avg": 11.12,
            "equity": 968182,
            "current_ratio": 384.63,
            "debt_ratio": 16.9,
            "inventory_turnover_ratio": 1.01,
            "account_receivable_turnover_ratio": 1.29,
            "reinvestment_rate": 19.98,
            "research_to_sale_ratio": null,
            "price_fair": 22.05,
            "eps_avg_yearly": 0.63,
            "eps_latest_yearly": 0.84,
            "eps_growth_yearly": 148.04
        },
        "20194": {
            "year_quarter": 20194,
            "year": 2019,
            "quarter": 4,
            "eps": 0.17,
            "eps_growth_year": -18.93,
            "eps_4q": 0.88,
            "eps_4q_growth_year": 55.24,
            "roe": 1.45,
            "roe_4q": 7.92,
            "gross_profit": 50334,
            "gross_margin": 25.84,
            "gross_margin_4q_avg": 26.2,
            "net_income": 14154,
            "revenue": 194771,
            "common_shares": 857670,
            "book_valuer_per_share": 11.51,
            "book_valuer_per_share_4q_avg": 11.27,
            "equity": 987244,
            "current_ratio": 399.66,
            "debt_ratio": 16.35,
            "inventory_turnover_ratio": 0.94,
            "account_receivable_turnover_ratio": 1.28,
            "reinvestment_rate": 26.59,
            "research_to_sale_ratio": null,
            "price_fair": 21.7,
            "eps_avg_yearly": 0.62,
            "eps_latest_yearly": 0.68,
            "eps_growth_yearly": 142.03
        },
        "20201": {
            "year_quarter": 20201,
            "year": 2020,
            "quarter": 1,
            "eps": 0.2,
            "eps_growth_year": -20,
            "eps_4q": 0.83,
            "eps_4q_growth_year": 14.77,
            "roe": 1.8,
            "roe_4q": 7.4399999999999995,
            "gross_profit": 50319,
            "gross_margin": 24.4,
            "gross_margin_4q_avg": 25.35,
            "net_income": 17269,
            "revenue": 206234,
            "common_shares": 857670,
            "book_valuer_per_share": 10.83,
            "book_valuer_per_share_4q_avg": 11.18,
            "equity": 928700,
            "current_ratio": 294.96,
            "debt_ratio": 21.76,
            "inventory_turnover_ratio": 1.01,
            "account_receivable_turnover_ratio": 1.37,
            "reinvestment_rate": 27.18,
            "research_to_sale_ratio": null,
            "price_fair": 21.79,
            "eps_avg_yearly": 0.62,
            "eps_latest_yearly": 0.8,
            "eps_growth_yearly": 148.83
        },
        "20202": {
            "year_quarter": 20202,
            "year": 2020,
            "quarter": 2,
            "eps": -0.11,
            "eps_growth_year": -142.31,
            "eps_4q": 0.47,
            "eps_4q_growth_year": -48.32,
            "roe": -1,
            "roe_4q": 4.1,
            "gross_profit": 4199,
            "gross_margin": 4.79,
            "gross_margin_4q_avg": 20.21,
            "net_income": -9240,
            "revenue": 87635,
            "common_shares": 857670,
            "book_valuer_per_share": 10.8,
            "book_valuer_per_share_4q_avg": 11.11,
            "equity": 926020,
            "current_ratio": 345.93,
            "debt_ratio": 17.93,
            "inventory_turnover_ratio": 0.54,
            "account_receivable_turnover_ratio": 0.79,
            "reinvestment_rate": 29.34,
            "research_to_sale_ratio": null,
            "price_fair": 21.93,
            "eps_avg_yearly": 0.63,
            "eps_latest_yearly": 0.8,
            "eps_growth_yearly": 165.76
        },
        "20203": {
            "year_quarter": 20203,
            "year": 2020,
            "quarter": 3,
            "eps": 0.11,
            "eps_growth_year": -47.62,
            "eps_4q": 0.37,
            "eps_4q_growth_year": -60,
            "roe": 1.01,
            "roe_4q": 3.26,
            "gross_profit": 28466,
            "gross_margin": 17.96,
            "gross_margin_4q_avg": 18.25,
            "net_income": 9485,
            "revenue": 158462,
            "common_shares": 857670,
            "book_valuer_per_share": 11,
            "book_valuer_per_share_4q_avg": 11.04,
            "equity": 943453,
            "current_ratio": 443.41,
            "debt_ratio": 13.74,
            "inventory_turnover_ratio": 0.86,
            "account_receivable_turnover_ratio": 1.75,
            "reinvestment_rate": 31.26,
            "research_to_sale_ratio": null,
            "price_fair": 23.2,
            "eps_avg_yearly": 0.66,
            "eps_latest_yearly": 0.8,
            "eps_growth_yearly": 200.05
        },
        "20204": {
            "year_quarter": 20204,
            "year": 2020,
            "quarter": 4,
            "eps": 0.21,
            "eps_growth_year": 26.47,
            "eps_4q": 0.41,
            "eps_4q_growth_year": -53.32,
            "roe": 1.87,
            "roe_4q": 3.6799999999999997,
            "gross_profit": 30687,
            "gross_margin": 17.2,
            "gross_margin_4q_avg": 16.09,
            "net_income": 17900,
            "revenue": 178426,
            "common_shares": 857670,
            "book_valuer_per_share": 11.26,
            "book_valuer_per_share_4q_avg": 10.97,
            "equity": 966140,
            "current_ratio": 350.99,
            "debt_ratio": 17.66,
            "inventory_turnover_ratio": 0.96,
            "account_receivable_turnover_ratio": 1.47,
            "reinvestment_rate": 38.7,
            "research_to_sale_ratio": null,
            "price_fair": 23.5,
            "eps_avg_yearly": 0.67,
            "eps_latest_yearly": 0.84,
            "eps_growth_yearly": 83.17
        },
        "20211": {
            "year_quarter": 20211,
            "year": 2021,
            "quarter": 1,
            "eps": 0.08,
            "eps_growth_year": -60,
            "eps_4q": 0.29,
            "eps_4q_growth_year": -65.59,
            "roe": 0.68,
            "roe_4q": 2.5600000000000005,
            "gross_profit": 39182,
            "gross_margin": 19.42,
            "gross_margin_4q_avg": 14.84,
            "net_income": 6482,
            "revenue": 201729,
            "common_shares": 857670,
            "book_valuer_per_share": 10.97,
            "book_valuer_per_share_4q_avg": 11.01,
            "equity": 940740,
            "current_ratio": 317.48,
            "debt_ratio": 19.41,
            "inventory_turnover_ratio": 0.98,
            "account_receivable_turnover_ratio": 1.48,
            "reinvestment_rate": 38.84,
            "research_to_sale_ratio": null,
            "price_fair": 23.2,
            "eps_avg_yearly": 0.66,
            "eps_latest_yearly": 0.32,
            "eps_growth_yearly": 76.6
        },
        "20212": {
            "year_quarter": 20212,
            "year": 2021,
            "quarter": 2,
            "eps": 0.34,
            "eps_growth_year": null,
            "eps_4q": 0.74,
            "eps_4q_growth_year": 58.47,
            "roe": 3.07,
            "roe_4q": 6.63,
            "gross_profit": 48809,
            "gross_margin": 20.81,
            "gross_margin_4q_avg": 18.85,
            "net_income": 29446,
            "revenue": 234504,
            "common_shares": 857670,
            "book_valuer_per_share": 11.38,
            "book_valuer_per_share_4q_avg": 11.15,
            "equity": 976393,
            "current_ratio": 337.24,
            "debt_ratio": 18.65,
            "inventory_turnover_ratio": 1.05,
            "account_receivable_turnover_ratio": 1.57,
            "reinvestment_rate": 29.24,
            "research_to_sale_ratio": null,
            "price_fair": 25.3,
            "eps_avg_yearly": 0.72,
            "eps_latest_yearly": 1.36,
            "eps_growth_yearly": 164.26
        },
        "20213": {
            "year_quarter": 20213,
            "year": 2021,
            "quarter": 3,
            "eps": 0.15,
            "eps_growth_year": 36.36,
            "eps_4q": 0.78,
            "eps_4q_growth_year": 110.23,
            "roe": 1.3,
            "roe_4q": 6.92,
            "gross_profit": 56563,
            "gross_margin": 23.22,
            "gross_margin_4q_avg": 20.16,
            "net_income": 12748,
            "revenue": 243549,
            "common_shares": 857670,
            "book_valuer_per_share": 11.54,
            "book_valuer_per_share_4q_avg": 11.29,
            "equity": 989567,
            "current_ratio": 384.21,
            "debt_ratio": 16.4,
            "inventory_turnover_ratio": 0.97,
            "account_receivable_turnover_ratio": 1.56,
            "reinvestment_rate": 27.38,
            "research_to_sale_ratio": null,
            "price_fair": 26.2,
            "eps_avg_yearly": 0.75,
            "eps_latest_yearly": 0.6,
            "eps_growth_yearly": 163.68
        },
        "20214": {
            "year_quarter": 20214,
            "year": 2021,
            "quarter": 4,
            "eps": 0.19,
            "eps_growth_year": -7.68,
            "eps_4q": 0.76,
            "eps_4q_growth_year": 84.11,
            "roe": 1.66,
            "roe_4q": 6.709999999999999,
            "gross_profit": 46567,
            "gross_margin": 21.66,
            "gross_margin_4q_avg": 21.28,
            "net_income": 16525,
            "revenue": 215007,
            "common_shares": 857670,
            "book_valuer_per_share": 11.73,
            "book_valuer_per_share_4q_avg": 11.41,
            "equity": 1005950,
            "current_ratio": 327.36,
            "debt_ratio": 19.84,
            "inventory_turnover_ratio": 0.73,
            "account_receivable_turnover_ratio": 1.49,
            "reinvestment_rate": 28.88,
            "research_to_sale_ratio": null,
            "price_fair": 26.3,
            "eps_avg_yearly": 0.75,
            "eps_latest_yearly": 0.76,
            "eps_growth_yearly": 114.15
        },
        "20221": {
            "year_quarter": 20221,
            "year": 2022,
            "quarter": 1,
            "eps": 0.31,
            "eps_growth_year": 287.5,
            "eps_4q": 1,
            "eps_4q_growth_year": 247.61,
            "roe": 2.73,
            "roe_4q": 8.76,
            "gross_profit": 73440,
            "gross_margin": 24.49,
            "gross_margin_4q_avg": 22.55,
            "net_income": 26886,
            "revenue": 299924,
            "common_shares": 857670,
            "book_valuer_per_share": 11.25,
            "book_valuer_per_share_4q_avg": 11.48,
            "equity": 964700,
            "current_ratio": 281.8,
            "debt_ratio": 23.17,
            "inventory_turnover_ratio": 0.95,
            "account_receivable_turnover_ratio": 2.04,
            "reinvestment_rate": -1.07,
            "research_to_sale_ratio": null,
            "price_fair": 28.5,
            "eps_avg_yearly": 0.81,
            "eps_latest_yearly": 1.24,
            "eps_growth_yearly": 146.48
        },
        "20222": {
            "year_quarter": 20222,
            "year": 2022,
            "quarter": 2,
            "eps": -0.07,
            "eps_growth_year": -120.59,
            "eps_4q": 0.58,
            "eps_4q_growth_year": -20.87,
            "roe": -0.63,
            "roe_4q": 5.06,
            "gross_profit": 46862,
            "gross_margin": 22.39,
            "gross_margin_4q_avg": 22.94,
            "net_income": -6059,
            "revenue": 209306,
            "common_shares": 857670,
            "book_valuer_per_share": 11.18,
            "book_valuer_per_share_4q_avg": 11.43,
            "equity": 958554,
            "current_ratio": 307.76,
            "debt_ratio": 20.79,
            "inventory_turnover_ratio": 0.76,
            "account_receivable_turnover_ratio": 1.55,
            "reinvestment_rate": -9.76,
            "research_to_sale_ratio": null,
            "price_fair": 29.72,
            "eps_avg_yearly": 0.85,
            "eps_latest_yearly": 1.24,
            "eps_growth_yearly": 157.75
        },
        "20223": {
            "year_quarter": 20223,
            "year": 2022,
            "quarter": 3,
            "eps": 0.15,
            "eps_growth_year": 0,
            "eps_4q": 0.58,
            "eps_4q_growth_year": -24.96,
            "roe": 1.31,
            "roe_4q": 5.07,
            "gross_profit": 45536,
            "gross_margin": 20.12,
            "gross_margin_4q_avg": 22.17,
            "net_income": 12606,
            "revenue": 226368,
            "common_shares": 857670,
            "book_valuer_per_share": 11.32,
            "book_valuer_per_share_4q_avg": 11.37,
            "equity": 970919,
            "current_ratio": 403.11,
            "debt_ratio": 15.73,
            "inventory_turnover_ratio": 0.95,
            "account_receivable_turnover_ratio": 2.23,
            "reinvestment_rate": -15.74,
            "research_to_sale_ratio": null,
            "price_fair": 29.98,
            "eps_avg_yearly": 0.86,
            "eps_latest_yearly": 1.24,
            "eps_growth_yearly": 133.86
        },
        "20224": {
            "year_quarter": 20224,
            "year": 2022,
            "quarter": 4,
            "eps": -0.01,
            "eps_growth_year": -103.57,
            "eps_4q": 0.38,
            "eps_4q_growth_year": -49.63,
            "roe": -0.06,
            "roe_4q": 3.35,
            "gross_profit": 8480,
            "gross_margin": 7.74,
            "gross_margin_4q_avg": 18.69,
            "net_income": -590,
            "revenue": 109554,
            "common_shares": 857670,
            "book_valuer_per_share": 11.34,
            "book_valuer_per_share_4q_avg": 11.27,
            "equity": 972984,
            "current_ratio": 422.63,
            "debt_ratio": 15.01,
            "inventory_turnover_ratio": 0.56,
            "account_receivable_turnover_ratio": 1.31,
            "reinvestment_rate": -16.72,
            "research_to_sale_ratio": null,
            "price_fair": 30.16,
            "eps_avg_yearly": 0.86,
            "eps_latest_yearly": 1.24,
            "eps_growth_yearly": 144.11
        },
        "20231": {
            "year_quarter": 20231,
            "year": 2023,
            "quarter": 1,
            "eps": 0.41,
            "eps_growth_year": 32.26,
            "eps_4q": 0.48,
            "eps_4q_growth_year": -51.84,
            "roe": 3.63,
            "roe_4q": 4.25,
            "gross_profit": 52382,
            "gross_margin": 22.58,
            "gross_margin_4q_avg": 18.21,
            "net_income": 35274,
            "revenue": 232008,
            "common_shares": 857670,
            "book_valuer_per_share": 11.32,
            "book_valuer_per_share_4q_avg": 11.29,
            "equity": 970514,
            "current_ratio": 355.75,
            "debt_ratio": 17.82,
            "inventory_turnover_ratio": 1.08,
            "account_receivable_turnover_ratio": 2.59,
            "reinvestment_rate": -9.09,
            "research_to_sale_ratio": null,
            "price_fair": 29.68,
            "eps_avg_yearly": 0.85,
            "eps_latest_yearly": 1.24,
            "eps_growth_yearly": 148.53
        }
    },
    "months": {
        "2001-06": {
            "month": "2001-06",
            "price": "6.54",
            "revenue": 59120
        },
        "2001-07": {
            "month": "2001-07",
            "price": "5.80",
            "revenue": 58421
        },
        "2001-08": {
            "month": "2001-08",
            "price": "6.62",
            "revenue": 77231
        },
        "2001-09": {
            "month": "2001-09",
            "price": "6.67",
            "revenue": 57554
        },
        "2001-10": {
            "month": "2001-10",
            "price": "6.54",
            "revenue": 56641
        },
        "2001-11": {
            "month": "2001-11",
            "price": "6.08",
            "revenue": 56494
        },
        "2001-12": {
            "month": "2001-12",
            "price": "7.36",
            "revenue": 47756
        },
        "2002-01": {
            "month": "2002-01",
            "price": "7.08",
            "revenue": 56845
        },
        "2002-02": {
            "month": "2002-02",
            "price": "6.47",
            "revenue": 47739
        },
        "2002-03": {
            "month": "2002-03",
            "price": "7.15",
            "revenue": 80488
        },
        "2002-04": {
            "month": "2002-04",
            "price": "8.62",
            "revenue": 82301
        },
        "2002-05": {
            "month": "2002-05",
            "price": "7.83",
            "revenue": 83935
        },
        "2002-06": {
            "month": "2002-06",
            "price": "7.97",
            "revenue": 67430
        },
        "2002-07": {
            "month": "2002-07",
            "price": "7.30",
            "revenue": 68931
        },
        "2002-08": {
            "month": "2002-08",
            "price": "6.57",
            "revenue": 70016
        },
        "2002-09": {
            "month": "2002-09",
            "price": "6.46",
            "revenue": 63304
        },
        "2002-10": {
            "month": "2002-10",
            "price": "7.04",
            "revenue": 72154
        },
        "2002-11": {
            "month": "2002-11",
            "price": "6.51",
            "revenue": 53426
        },
        "2002-12": {
            "month": "2002-12",
            "price": "6.94",
            "revenue": 61626
        },
        "2003-01": {
            "month": "2003-01",
            "price": "7.34",
            "revenue": 74980
        },
        "2003-02": {
            "month": "2003-02",
            "price": "8.41",
            "revenue": 64745
        },
        "2003-03": {
            "month": "2003-03",
            "price": "7.22",
            "revenue": 73150
        },
        "2003-04": {
            "month": "2003-04",
            "price": "6.57",
            "revenue": 65156
        },
        "2003-05": {
            "month": "2003-05",
            "price": "5.52",
            "revenue": 66610
        },
        "2003-06": {
            "month": "2003-06",
            "price": "6.43",
            "revenue": 79723
        },
        "2003-07": {
            "month": "2003-07",
            "price": "6.17",
            "revenue": 52654
        },
        "2003-08": {
            "month": "2003-08",
            "price": "5.72",
            "revenue": 61835
        },
        "2003-09": {
            "month": "2003-09",
            "price": "5.46",
            "revenue": 51583
        },
        "2003-10": {
            "month": "2003-10",
            "price": "5.94",
            "revenue": 50112
        },
        "2003-11": {
            "month": "2003-11",
            "price": "5.90",
            "revenue": 62422
        },
        "2003-12": {
            "month": "2003-12",
            "price": "5.64",
            "revenue": 81032
        },
        "2004-01": {
            "month": "2004-01",
            "price": "5.84",
            "revenue": 42939
        },
        "2004-02": {
            "month": "2004-02",
            "price": "7.16",
            "revenue": 60698
        },
        "2004-03": {
            "month": "2004-03",
            "price": "6.46",
            "revenue": 87082
        },
        "2004-04": {
            "month": "2004-04",
            "price": "6.59",
            "revenue": 64877
        },
        "2004-05": {
            "month": "2004-05",
            "price": "5.97",
            "revenue": 65261
        },
        "2004-06": {
            "month": "2004-06",
            "price": "5.69",
            "revenue": 52415
        },
        "2004-07": {
            "month": "2004-07",
            "price": "5.32",
            "revenue": 41509
        },
        "2004-08": {
            "month": "2004-08",
            "price": "4.82",
            "revenue": 48006
        },
        "2004-09": {
            "month": "2004-09",
            "price": "5.04",
            "revenue": 56245
        },
        "2004-10": {
            "month": "2004-10",
            "price": "5.14",
            "revenue": 61884
        },
        "2004-11": {
            "month": "2004-11",
            "price": "5.10",
            "revenue": 55762
        },
        "2004-12": {
            "month": "2004-12",
            "price": "4.61",
            "revenue": 63974
        },
        "2005-01": {
            "month": "2005-01",
            "price": "4.42",
            "revenue": 54760
        },
        "2005-02": {
            "month": "2005-02",
            "price": "4.05",
            "revenue": 53936
        },
        "2005-03": {
            "month": "2005-03",
            "price": "3.81",
            "revenue": 83943
        },
        "2005-04": {
            "month": "2005-04",
            "price": "3.63",
            "revenue": 77396
        },
        "2005-05": {
            "month": "2005-05",
            "price": "3.82",
            "revenue": 72877
        },
        "2005-06": {
            "month": "2005-06",
            "price": "3.85",
            "revenue": 62038
        },
        "2005-07": {
            "month": "2005-07",
            "price": "3.89",
            "revenue": 42935
        },
        "2005-08": {
            "month": "2005-08",
            "price": "3.68",
            "revenue": 52745
        },
        "2005-09": {
            "month": "2005-09",
            "price": "3.67",
            "revenue": 58846
        },
        "2005-10": {
            "month": "2005-10",
            "price": "3.38",
            "revenue": 47215
        },
        "2005-11": {
            "month": "2005-11",
            "price": "3.26",
            "revenue": 72535
        },
        "2005-12": {
            "month": "2005-12",
            "price": "3.79",
            "revenue": 86428
        },
        "2006-01": {
            "month": "2006-01",
            "price": "3.99",
            "revenue": 55431
        },
        "2006-02": {
            "month": "2006-02",
            "price": "4.43",
            "revenue": 53988
        },
        "2006-03": {
            "month": "2006-03",
            "price": "3.99",
            "revenue": 83702
        },
        "2006-04": {
            "month": "2006-04",
            "price": "4.27",
            "revenue": 68330
        },
        "2006-05": {
            "month": "2006-05",
            "price": "4.73",
            "revenue": 66643
        },
        "2006-06": {
            "month": "2006-06",
            "price": "4.32",
            "revenue": 43588
        },
        "2006-07": {
            "month": "2006-07",
            "price": "4.30",
            "revenue": 36763
        },
        "2006-08": {
            "month": "2006-08",
            "price": "4.21",
            "revenue": 44248
        },
        "2006-09": {
            "month": "2006-09",
            "price": "4.25",
            "revenue": 42557
        },
        "2006-10": {
            "month": "2006-10",
            "price": "3.97",
            "revenue": 45261
        },
        "2006-11": {
            "month": "2006-11",
            "price": "4.03",
            "revenue": 54552
        },
        "2006-12": {
            "month": "2006-12",
            "price": "4.86",
            "revenue": 45676
        },
        "2007-01": {
            "month": "2007-01",
            "price": "4.91",
            "revenue": 60162
        },
        "2007-02": {
            "month": "2007-02",
            "price": "4.74",
            "revenue": 43060
        },
        "2007-03": {
            "month": "2007-03",
            "price": "4.75",
            "revenue": 66294
        },
        "2007-04": {
            "month": "2007-04",
            "price": "5.78",
            "revenue": 66957
        },
        "2007-05": {
            "month": "2007-05",
            "price": "5.46",
            "revenue": 64321
        },
        "2007-06": {
            "month": "2007-06",
            "price": "5.42",
            "revenue": 42927
        },
        "2007-07": {
            "month": "2007-07",
            "price": "6.48",
            "revenue": 47496
        },
        "2007-08": {
            "month": "2007-08",
            "price": "6.39",
            "revenue": 52057
        },
        "2007-09": {
            "month": "2007-09",
            "price": "6.04",
            "revenue": 38875
        },
        "2007-10": {
            "month": "2007-10",
            "price": "5.96",
            "revenue": 59033
        },
        "2007-11": {
            "month": "2007-11",
            "price": "5.33",
            "revenue": 59813
        },
        "2007-12": {
            "month": "2007-12",
            "price": "4.94",
            "revenue": 61112
        },
        "2008-01": {
            "month": "2008-01",
            "price": "4.81",
            "revenue": 64585
        },
        "2008-02": {
            "month": "2008-02",
            "price": "4.99",
            "revenue": 57829
        },
        "2008-03": {
            "month": "2008-03",
            "price": "5.78",
            "revenue": 75624
        },
        "2008-04": {
            "month": "2008-04",
            "price": "6.36",
            "revenue": 59958
        },
        "2008-05": {
            "month": "2008-05",
            "price": "6.49",
            "revenue": 68163
        },
        "2008-06": {
            "month": "2008-06",
            "price": "6.57",
            "revenue": 56316
        },
        "2008-07": {
            "month": "2008-07",
            "price": "6.96",
            "revenue": 61121
        },
        "2008-08": {
            "month": "2008-08",
            "price": "7.21",
            "revenue": 61593
        },
        "2008-09": {
            "month": "2008-09",
            "price": "7.29",
            "revenue": 68724
        },
        "2008-10": {
            "month": "2008-10",
            "price": "7.32",
            "revenue": 64143
        },
        "2008-11": {
            "month": "2008-11",
            "price": "7.41",
            "revenue": 58499
        },
        "2008-12": {
            "month": "2008-12",
            "price": "8.47",
            "revenue": 57009
        },
        "2009-01": {
            "month": "2009-01",
            "price": "9.20",
            "revenue": 39046
        },
        "2009-02": {
            "month": "2009-02",
            "price": "7.91",
            "revenue": 50149
        },
        "2009-03": {
            "month": "2009-03",
            "price": "8.42",
            "revenue": 74999
        },
        "2009-04": {
            "month": "2009-04",
            "price": "8.83",
            "revenue": 79040
        },
        "2009-05": {
            "month": "2009-05",
            "price": "8.32",
            "revenue": 60798
        },
        "2009-06": {
            "month": "2009-06",
            "price": "6.59",
            "revenue": 46758
        },
        "2009-07": {
            "month": "2009-07",
            "price": "6.35",
            "revenue": 51886
        },
        "2009-08": {
            "month": "2009-08",
            "price": "6.51",
            "revenue": 61734
        },
        "2009-09": {
            "month": "2009-09",
            "price": "7.07",
            "revenue": 52690
        },
        "2009-10": {
            "month": "2009-10",
            "price": "7.34",
            "revenue": 61866
        },
        "2009-11": {
            "month": "2009-11",
            "price": "8.33",
            "revenue": 59566
        },
        "2009-12": {
            "month": "2009-12",
            "price": "9.86",
            "revenue": 68079
        },
        "2010-01": {
            "month": "2010-01",
            "price": "9.66",
            "revenue": 64695
        },
        "2010-02": {
            "month": "2010-02",
            "price": "9.31",
            "revenue": 39460
        },
        "2010-03": {
            "month": "2010-03",
            "price": "9.37",
            "revenue": 82612
        },
        "2010-04": {
            "month": "2010-04",
            "price": "10.33",
            "revenue": 80964
        },
        "2010-05": {
            "month": "2010-05",
            "price": "10.64",
            "revenue": 59046
        },
        "2010-06": {
            "month": "2010-06",
            "price": "9.54",
            "revenue": 73182
        },
        "2010-07": {
            "month": "2010-07",
            "price": "9.34",
            "revenue": 63253
        },
        "2010-08": {
            "month": "2010-08",
            "price": "10.83",
            "revenue": 56262
        },
        "2010-09": {
            "month": "2010-09",
            "price": "10.79",
            "revenue": 64158
        },
        "2010-10": {
            "month": "2010-10",
            "price": "11.11",
            "revenue": 66600
        },
        "2010-11": {
            "month": "2010-11",
            "price": "10.91",
            "revenue": 77556
        },
        "2010-12": {
            "month": "2010-12",
            "price": "11.14",
            "revenue": 83248
        },
        "2011-01": {
            "month": "2011-01",
            "price": "11.31",
            "revenue": 78607
        },
        "2011-02": {
            "month": "2011-02",
            "price": "11.64",
            "revenue": 54897
        },
        "2011-03": {
            "month": "2011-03",
            "price": "12.02",
            "revenue": 82875
        },
        "2011-04": {
            "month": "2011-04",
            "price": "12.48",
            "revenue": 94162
        },
        "2011-05": {
            "month": "2011-05",
            "price": "14.16",
            "revenue": 84060
        },
        "2011-06": {
            "month": "2011-06",
            "price": "12.05",
            "revenue": 63178
        },
        "2011-07": {
            "month": "2011-07",
            "price": "11.88",
            "revenue": 47810
        },
        "2011-08": {
            "month": "2011-08",
            "price": "12.03",
            "revenue": 53308
        },
        "2011-09": {
            "month": "2011-09",
            "price": "11.76",
            "revenue": 58778
        },
        "2011-10": {
            "month": "2011-10",
            "price": "11.98",
            "revenue": 63282
        },
        "2011-11": {
            "month": "2011-11",
            "price": "12.73",
            "revenue": 58530
        },
        "2011-12": {
            "month": "2011-12",
            "price": "13.27",
            "revenue": 49542
        },
        "2012-01": {
            "month": "2012-01",
            "price": "13.41",
            "revenue": 46574
        },
        "2012-02": {
            "month": "2012-02",
            "price": "13.41",
            "revenue": 63872
        },
        "2012-03": {
            "month": "2012-03",
            "price": "13.58",
            "revenue": 71525
        },
        "2012-04": {
            "month": "2012-04",
            "price": "12.43",
            "revenue": 65078
        },
        "2012-05": {
            "month": "2012-05",
            "price": "11.88",
            "revenue": 64582
        },
        "2012-06": {
            "month": "2012-06",
            "price": "11.78",
            "revenue": 50918
        },
        "2012-07": {
            "month": "2012-07",
            "price": "11.78",
            "revenue": 44884
        },
        "2012-08": {
            "month": "2012-08",
            "price": "11.86",
            "revenue": 49032
        },
        "2012-09": {
            "month": "2012-09",
            "price": "12.15",
            "revenue": 55224
        },
        "2012-10": {
            "month": "2012-10",
            "price": "11.81",
            "revenue": 62049
        },
        "2012-11": {
            "month": "2012-11",
            "price": "11.91",
            "revenue": 62338
        },
        "2012-12": {
            "month": "2012-12",
            "price": "12.91",
            "revenue": 60636
        },
        "2013-01": {
            "month": "2013-01",
            "price": "12.77",
            "revenue": 61107
        },
        "2013-02": {
            "month": "2013-02",
            "price": "12.41",
            "revenue": 30388
        },
        "2013-03": {
            "month": "2013-03",
            "price": "11.88",
            "revenue": 70929
        },
        "2013-04": {
            "month": "2013-04",
            "price": "12.47",
            "revenue": 56204
        },
        "2013-05": {
            "month": "2013-05",
            "price": "13.32",
            "revenue": 52788
        },
        "2013-06": {
            "month": "2013-06",
            "price": "14.00",
            "revenue": 43096
        },
        "2013-07": {
            "month": "2013-07",
            "price": "14.68",
            "revenue": 59446
        },
        "2013-08": {
            "month": "2013-08",
            "price": "14.42",
            "revenue": 58162
        },
        "2013-09": {
            "month": "2013-09",
            "price": "14.50",
            "revenue": 50320
        },
        "2013-10": {
            "month": "2013-10",
            "price": "15.99",
            "revenue": 63051
        },
        "2013-11": {
            "month": "2013-11",
            "price": "16.36",
            "revenue": 57098
        },
        "2013-12": {
            "month": "2013-12",
            "price": "16.46",
            "revenue": 65629
        },
        "2014-01": {
            "month": "2014-01",
            "price": "16.70",
            "revenue": 73520
        },
        "2014-02": {
            "month": "2014-02",
            "price": "16.34",
            "revenue": 49010
        },
        "2014-03": {
            "month": "2014-03",
            "price": "16.80",
            "revenue": 78882
        },
        "2014-04": {
            "month": "2014-04",
            "price": "17.15",
            "revenue": 77912
        },
        "2014-05": {
            "month": "2014-05",
            "price": "17.23",
            "revenue": 71764
        },
        "2014-06": {
            "month": "2014-06",
            "price": "17.82",
            "revenue": 44045
        },
        "2014-07": {
            "month": "2014-07",
            "price": "18.30",
            "revenue": 47269
        },
        "2014-08": {
            "month": "2014-08",
            "price": "18.85",
            "revenue": 51457
        },
        "2014-09": {
            "month": "2014-09",
            "price": "19.15",
            "revenue": 58800
        },
        "2014-10": {
            "month": "2014-10",
            "price": "18.63",
            "revenue": 68036
        },
        "2014-11": {
            "month": "2014-11",
            "price": "17.87",
            "revenue": 57023
        },
        "2014-12": {
            "month": "2014-12",
            "price": "18.65",
            "revenue": 66592
        },
        "2015-01": {
            "month": "2015-01",
            "price": "18.34",
            "revenue": 76915
        },
        "2015-02": {
            "month": "2015-02",
            "price": "18.79",
            "revenue": 53444
        },
        "2015-03": {
            "month": "2015-03",
            "price": "19.46",
            "revenue": 69301
        },
        "2015-04": {
            "month": "2015-04",
            "price": "19.84",
            "revenue": 83035
        },
        "2015-05": {
            "month": "2015-05",
            "price": "19.86",
            "revenue": 54781
        },
        "2015-06": {
            "month": "2015-06",
            "price": "17.35",
            "revenue": 60719
        },
        "2015-07": {
            "month": "2015-07",
            "price": "17.64",
            "revenue": 54083
        },
        "2015-08": {
            "month": "2015-08",
            "price": "17.46",
            "revenue": 59967
        },
        "2015-09": {
            "month": "2015-09",
            "price": "16.71",
            "revenue": 65760
        },
        "2015-10": {
            "month": "2015-10",
            "price": "17.99",
            "revenue": 67714
        },
        "2015-11": {
            "month": "2015-11",
            "price": "18.34",
            "revenue": 56850
        },
        "2015-12": {
            "month": "2015-12",
            "price": "18.56",
            "revenue": 57673
        },
        "2016-01": {
            "month": "2016-01",
            "price": "18.59",
            "revenue": 59073
        },
        "2016-02": {
            "month": "2016-02",
            "price": "18.34",
            "revenue": 50908
        },
        "2016-03": {
            "month": "2016-03",
            "price": "18.47",
            "revenue": 72318
        },
        "2016-04": {
            "month": "2016-04",
            "price": "19.05",
            "revenue": 71231
        },
        "2016-05": {
            "month": "2016-05",
            "price": "18.09",
            "revenue": 51491
        },
        "2016-06": {
            "month": "2016-06",
            "price": "18.18",
            "revenue": 44457
        },
        "2016-07": {
            "month": "2016-07",
            "price": "19.23",
            "revenue": 48813
        },
        "2016-08": {
            "month": "2016-08",
            "price": "19.40",
            "revenue": 53271
        },
        "2016-09": {
            "month": "2016-09",
            "price": "18.86",
            "revenue": 51960
        },
        "2016-10": {
            "month": "2016-10",
            "price": "18.72",
            "revenue": 53835
        },
        "2016-11": {
            "month": "2016-11",
            "price": "18.79",
            "revenue": 66662
        },
        "2016-12": {
            "month": "2016-12",
            "price": "19.31",
            "revenue": 61758
        },
        "2017-01": {
            "month": "2017-01",
            "price": "19.20",
            "revenue": 47341
        },
        "2017-02": {
            "month": "2017-02",
            "price": "19.31",
            "revenue": 58106
        },
        "2017-03": {
            "month": "2017-03",
            "price": "19.28",
            "revenue": 74187
        },
        "2017-04": {
            "month": "2017-04",
            "price": "19.20",
            "revenue": 62373
        },
        "2017-05": {
            "month": "2017-05",
            "price": "18.97",
            "revenue": 63816
        },
        "2017-06": {
            "month": "2017-06",
            "price": "17.98",
            "revenue": 61050
        },
        "2017-07": {
            "month": "2017-07",
            "price": "18.11",
            "revenue": 50763
        },
        "2017-08": {
            "month": "2017-08",
            "price": "17.70",
            "revenue": 49661
        },
        "2017-09": {
            "month": "2017-09",
            "price": "18.30",
            "revenue": 61865
        },
        "2017-10": {
            "month": "2017-10",
            "price": "18.10",
            "revenue": 59114
        },
        "2017-11": {
            "month": "2017-11",
            "price": "18.45",
            "revenue": 60629
        },
        "2017-12": {
            "month": "2017-12",
            "price": "18.55",
            "revenue": 52154
        },
        "2018-01": {
            "month": "2018-01",
            "price": "17.36",
            "revenue": 52771
        },
        "2018-02": {
            "month": "2018-02",
            "price": "17.55",
            "revenue": 47585
        },
        "2018-03": {
            "month": "2018-03",
            "price": "17.71",
            "revenue": 71641
        },
        "2018-04": {
            "month": "2018-04",
            "price": "17.91",
            "revenue": 59850
        },
        "2018-05": {
            "month": "2018-05",
            "price": "18.45",
            "revenue": 68686
        },
        "2018-06": {
            "month": "2018-06",
            "price": "18.77",
            "revenue": 69161
        },
        "2018-07": {
            "month": "2018-07",
            "price": "18.32",
            "revenue": 63227
        },
        "2018-08": {
            "month": "2018-08",
            "price": "17.75",
            "revenue": 66916
        },
        "2018-09": {
            "month": "2018-09",
            "price": "18.48",
            "revenue": 63650
        },
        "2018-10": {
            "month": "2018-10",
            "price": "17.21",
            "revenue": 71905
        },
        "2018-11": {
            "month": "2018-11",
            "price": "18.28",
            "revenue": 53164
        },
        "2018-12": {
            "month": "2018-12",
            "price": "17.73",
            "revenue": 65907
        },
        "2019-01": {
            "month": "2019-01",
            "price": "17.72",
            "revenue": 62082
        },
        "2019-02": {
            "month": "2019-02",
            "price": "20.45",
            "revenue": 61913
        },
        "2019-03": {
            "month": "2019-03",
            "price": "21.14",
            "revenue": 85503
        },
        "2019-04": {
            "month": "2019-04",
            "price": "21.41",
            "revenue": 73403
        },
        "2019-05": {
            "month": "2019-05",
            "price": "21.98",
            "revenue": 72063
        },
        "2019-06": {
            "month": "2019-06",
            "price": "22.55",
            "revenue": 62551
        },
        "2019-07": {
            "month": "2019-07",
            "price": "21.98",
            "revenue": 54019
        },
        "2019-08": {
            "month": "2019-08",
            "price": "21.98",
            "revenue": 88088
        },
        "2019-09": {
            "month": "2019-09",
            "price": "21.94",
            "revenue": 63773
        },
        "2019-10": {
            "month": "2019-10",
            "price": "21.50",
            "revenue": 62129
        },
        "2019-11": {
            "month": "2019-11",
            "price": "21.46",
            "revenue": 66015
        },
        "2019-12": {
            "month": "2019-12",
            "price": "21.23",
            "revenue": 66628
        },
        "2020-01": {
            "month": "2020-01",
            "price": "21.79",
            "revenue": 53667
        },
        "2020-02": {
            "month": "2020-02",
            "price": "20.82",
            "revenue": 69363
        },
        "2020-03": {
            "month": "2020-03",
            "price": "19.35",
            "revenue": 83204
        },
        "2020-04": {
            "month": "2020-04",
            "price": "19.64",
            "revenue": 39589
        },
        "2020-05": {
            "month": "2020-05",
            "price": "19.00",
            "revenue": 22179
        },
        "2020-06": {
            "month": "2020-06",
            "price": "19.02",
            "revenue": 25867
        },
        "2020-07": {
            "month": "2020-07",
            "price": "18.91",
            "revenue": 35419
        },
        "2020-08": {
            "month": "2020-08",
            "price": "18.04",
            "revenue": 51766
        },
        "2020-09": {
            "month": "2020-09",
            "price": "18.05",
            "revenue": 71277
        },
        "2020-10": {
            "month": "2020-10",
            "price": "18.15",
            "revenue": 54421
        },
        "2020-11": {
            "month": "2020-11",
            "price": "17.98",
            "revenue": 59081
        },
        "2020-12": {
            "month": "2020-12",
            "price": "18.15",
            "revenue": 64923
        },
        "2021-01": {
            "month": "2021-01",
            "price": "17.83",
            "revenue": 65206
        },
        "2021-02": {
            "month": "2021-02",
            "price": "17.85",
            "revenue": 55216
        },
        "2021-03": {
            "month": "2021-03",
            "price": "18.09",
            "revenue": 81307
        },
        "2021-04": {
            "month": "2021-04",
            "price": "18.06",
            "revenue": 76700
        },
        "2021-05": {
            "month": "2021-05",
            "price": "16.78",
            "revenue": 73372
        },
        "2021-06": {
            "month": "2021-06",
            "price": "16.16",
            "revenue": 84433
        },
        "2021-07": {
            "month": "2021-07",
            "price": "16.33",
            "revenue": 65108
        },
        "2021-08": {
            "month": "2021-08",
            "price": "16.39",
            "revenue": 87710
        },
        "2021-09": {
            "month": "2021-09",
            "price": "17.57",
            "revenue": 90731
        },
        "2021-10": {
            "month": "2021-10",
            "price": "17.99",
            "revenue": 76250
        },
        "2021-11": {
            "month": "2021-11",
            "price": "18.15",
            "revenue": 70285
        },
        "2021-12": {
            "month": "2021-12",
            "price": "18.06",
            "revenue": 68472
        },
        "2022-01": {
            "month": "2022-01",
            "price": "17.57",
            "revenue": 92169
        },
        "2022-02": {
            "month": "2022-02",
            "price": "18.44",
            "revenue": 77522
        },
        "2022-03": {
            "month": "2022-03",
            "price": "21.83",
            "revenue": 130233
        },
        "2022-04": {
            "month": "2022-04",
            "price": "24.29",
            "revenue": 72305
        },
        "2022-05": {
            "month": "2022-05",
            "price": "25.18",
            "revenue": 68024
        },
        "2022-06": {
            "month": "2022-06",
            "price": "22.46",
            "revenue": 68978
        },
        "2022-07": {
            "month": "2022-07",
            "price": "20.05",
            "revenue": 70402
        },
        "2022-08": {
            "month": "2022-08",
            "price": "19.31",
            "revenue": 84491
        },
        "2022-09": {
            "month": "2022-09",
            "price": "18.92",
            "revenue": 71475
        },
        "2022-10": {
            "month": "2022-10",
            "price": "18.43",
            "revenue": 47546
        },
        "2022-11": {
            "month": "2022-11",
            "price": "18.85",
            "revenue": 31526
        },
        "2022-12": {
            "month": "2022-12",
            "price": "18.52",
            "revenue": 30482
        },
        "2023-01": {
            "month": "2023-01",
            "price": "18.19",
            "revenue": 57982
        },
        "2023-02": {
            "month": "2023-02",
            "price": "18.85",
            "revenue": 87006
        },
        "2023-03": {
            "month": "2023-03",
            "price": "19.34",
            "revenue": 87019
        },
        "2023-04": {
            "month": "2023-04",
            "price": "19.16",
            "revenue": 44690
        }
    }
}
