{
    "summary": {
        "stock_name": "首利",
        "stock_id": "1471",
        "category": "電子零組件",
        "main_business": "加工絲<br>電子<br>交織布",
        "website_url": "http://www.soly-tech.com",
        "ceo": "鄭翔",
        "pe_ratio": -57,
        "report_year_from": 2001,
        "report_year_to": 2023,
        "age": 23,
        "eps_negative_percentage": 65,
        "eps_growth_avg": {
            "last_all": -29.51,
            "last_2y": -100,
            "last_4y": -100,
            "last_8y": -100,
            "last_12y": -100,
            "last_16y": -100,
            "last_20y": -29.51,
            "at_2006_last_3y": 40.98,
            "at_2007_last_3y": 21.31,
            "at_2008_last_3y": -33.33,
            "at_2009_last_3y": -100,
            "at_2010_last_3y": -100,
            "at_2011_last_3y": -100,
            "at_2012_last_3y": -100,
            "at_2013_last_3y": -100,
            "at_2014_last_3y": -100,
            "at_2015_last_3y": -100,
            "at_2016_last_3y": -100,
            "at_2017_last_3y": -100,
            "at_2018_last_3y": null,
            "at_2019_last_3y": null,
            "at_2020_last_3y": null,
            "at_2021_last_3y": -100,
            "at_2022_last_3y": -100,
            "at_2023_last_3y": -100,
            "at_2024_last_3y": -100,
            "at_2006_last_all": 40.98,
            "at_2007_last_all": 40.98,
            "at_2008_last_all": 12.79,
            "at_2009_last_all": 12.79,
            "at_2010_last_all": -6.01,
            "at_2011_last_all": -6.01,
            "at_2012_last_all": -6.01,
            "at_2013_last_all": -6.01,
            "at_2014_last_all": -19.44,
            "at_2015_last_all": -19.44,
            "at_2016_last_all": -19.44,
            "at_2017_last_all": -19.44,
            "at_2018_last_all": -19.44,
            "at_2019_last_all": -19.44,
            "at_2020_last_all": -19.44,
            "at_2021_last_all": -29.51,
            "at_2022_last_all": -29.51,
            "at_2023_last_all": -29.51,
            "at_2024_last_all": -29.51
        },
        "latest_eps": -0.29,
        "latest_price": 16.65,
        "latest_roe": -2.8,
        "latest_gross_margin": 23.8,
        "latest_equity": 1502711,
        "latest_revenue": 68829,
        "latest_gross_profit": 16378,
        "latest_net_income": -14894,
        "latest_debt_ratio": 9.23,
        "latest_current_ratio": 1212.92,
        "latest_account_receivable_turnover_ratio": 1.21,
        "latest_inventory_turnover_ratio": 1,
        "latest_reinvestment_rate": -223.35,
        "latest_research_to_sale_ratio": 2.65
    },
    "eps_dividends": {
        "2000": {
            "cash": 0,
            "stock": 1,
            "eps": 0
        },
        "2001": {
            "cash": 0,
            "stock": 0,
            "eps": -0.8
        },
        "2002": {
            "cash": 0,
            "stock": 0,
            "eps": 0.17
        },
        "2003": {
            "cash": 0,
            "stock": 0,
            "eps": 0.61
        },
        "2004": {
            "cash": 0,
            "stock": 0,
            "eps": 1
        },
        "2005": {
            "cash": 0,
            "stock": 0.85,
            "eps": 2.14
        },
        "2006": {
            "cash": 0,
            "stock": 1,
            "eps": -0.91
        },
        "2007": {
            "cash": 0,
            "stock": 0,
            "eps": 0.16
        },
        "2008": {
            "cash": 0,
            "stock": 0.1,
            "eps": -1.91
        },
        "2009": {
            "cash": 0,
            "stock": 0,
            "eps": 1.24
        },
        "2010": {
            "cash": 0,
            "stock": 0.27,
            "eps": -0.6
        },
        "2011": {
            "cash": 0,
            "stock": 0,
            "eps": -0.48
        },
        "2012": {
            "cash": 0,
            "stock": 0,
            "eps": -1.46
        },
        "2013": {
            "cash": 0,
            "stock": 0,
            "eps": 0.16
        },
        "2014": {
            "cash": 0,
            "stock": 0,
            "eps": -0.4
        },
        "2015": {
            "cash": 0,
            "stock": 0,
            "eps": -1.78
        },
        "2016": {
            "cash": 0,
            "stock": 0,
            "eps": -1.91
        },
        "2017": {
            "cash": 0,
            "stock": 0,
            "eps": -2.51
        },
        "2018": {
            "cash": 0,
            "stock": 0,
            "eps": -2.12
        },
        "2019": {
            "cash": 0,
            "stock": 0,
            "eps": -2.37
        },
        "2020": {
            "cash": 0,
            "stock": 0,
            "eps": 2.63
        },
        "2021": {
            "cash": 0,
            "stock": 0,
            "eps": -0.13
        },
        "2022": {
            "cash": 0,
            "stock": 0,
            "eps": -1.04
        },
        "2023": {
            "cash": 0,
            "stock": 0,
            "eps": -0.29
        }
    },
    "dividends": {
        "2000-04-26": {
            "cash": 0,
            "stock": 1
        },
        "2005-04-29": {
            "cash": 0,
            "stock": 0.85
        },
        "2006-03-20": {
            "cash": 0,
            "stock": 1
        },
        "2008-04-25": {
            "cash": 0,
            "stock": 0.1
        },
        "2010-06-17": {
            "cash": 0,
            "stock": 0.27
        }
    },
    "prices": {
        "200101": "5.43",
        "200102": "5.63",
        "200103": "5.56",
        "200104": "5.90",
        "200105": "4.50",
        "200106": "4.44",
        "200107": "3.70",
        "200108": "3.90",
        "200109": "3.66",
        "200110": "3.05",
        "200111": "2.80",
        "200112": "3.26",
        "200201": "3.36",
        "200202": "3.88",
        "200203": "5.35",
        "200204": "8.46",
        "200205": "11.17",
        "200206": "9.54",
        "200207": "8.85",
        "200208": "7.59",
        "200209": "8.82",
        "200210": "7.39",
        "200211": "7.68",
        "200212": "7.26",
        "200301": "10.36",
        "200302": "11.34",
        "200303": "10.61",
        "200304": "10.56",
        "200305": "11.05",
        "200306": "11.92",
        "200307": "14.51",
        "200308": "14.56",
        "200309": "14.99",
        "200310": "16.64",
        "200311": "19.88",
        "200312": "19.16",
        "200401": "20.35",
        "200402": "27.39",
        "200403": "27.28",
        "200404": "27.40",
        "200405": "23.72",
        "200406": "22.52",
        "200407": "20.96",
        "200408": "18.54",
        "200409": "21.17",
        "200410": "21.74",
        "200411": "19.88",
        "200412": "19.95",
        "200501": "18.99",
        "200502": "16.89",
        "200503": "18.84",
        "200504": "18.17",
        "200505": "19.84",
        "200506": "34.30",
        "200507": "41.28",
        "200508": "33.73",
        "200509": "30.77",
        "200510": "35.36",
        "200511": "37.71",
        "200512": "43.46",
        "200601": "48.36",
        "200602": "44.13",
        "200603": "44.74",
        "200604": "43.25",
        "200605": "33.94",
        "200606": "26.80",
        "200607": "26.60",
        "200608": "31.85",
        "200609": "29.35",
        "200610": "28.06",
        "200611": "29.85",
        "200612": "34.63",
        "200701": "31.65",
        "200702": "31.06",
        "200703": "43.08",
        "200704": "42.32",
        "200705": "39.73",
        "200706": "41.82",
        "200707": "53.13",
        "200708": "55.65",
        "200709": "57.88",
        "200710": "50.34",
        "200711": "33.41",
        "200712": "26.69",
        "200801": "23.20",
        "200802": "21.66",
        "200803": "22.36",
        "200804": "28.68",
        "200805": "26.76",
        "200806": "23.10",
        "200807": "18.31",
        "200808": "17.93",
        "200809": "15.75",
        "200810": "12.22",
        "200811": "9.80",
        "200812": "8.87",
        "200901": "8.58",
        "200902": "9.01",
        "200903": "10.63",
        "200904": "14.17",
        "200905": "17.03",
        "200906": "15.58",
        "200907": "17.80",
        "200908": "21.90",
        "200909": "22.99",
        "200910": "27.97",
        "200911": "30.97",
        "200912": "35.55",
        "201001": "37.95",
        "201002": "32.54",
        "201003": "33.93",
        "201004": "34.84",
        "201005": "27.28",
        "201006": "24.96",
        "201007": "25.61",
        "201008": "25.60",
        "201009": "22.30",
        "201010": "22.27",
        "201011": "18.58",
        "201012": "20.85",
        "201101": "19.62",
        "201102": "18.88",
        "201103": "18.26",
        "201104": "17.60",
        "201105": "16.63",
        "201106": "14.91",
        "201107": "13.35",
        "201108": "11.39",
        "201109": "10.39",
        "201110": "10.18",
        "201111": "11.35",
        "201112": "10.49",
        "201201": "10.53",
        "201202": "13.78",
        "201203": "13.87",
        "201204": "11.90",
        "201205": "11.48",
        "201206": "10.53",
        "201207": "10.31",
        "201208": "10.62",
        "201209": "10.88",
        "201210": "9.89",
        "201211": "8.75",
        "201212": "9.70",
        "201301": "9.73",
        "201302": "9.18",
        "201303": "9.37",
        "201304": "9.25",
        "201305": "9.93",
        "201306": "10.06",
        "201307": "10.08",
        "201308": "10.91",
        "201309": "11.79",
        "201310": "10.89",
        "201311": "10.27",
        "201312": "10.36",
        "201401": "11.73",
        "201402": "12.44",
        "201403": "11.72",
        "201404": "11.29",
        "201405": "10.35",
        "201406": "10.42",
        "201407": "10.52",
        "201408": "10.19",
        "201409": "9.97",
        "201410": "8.51",
        "201411": "8.02",
        "201412": "8.46",
        "201501": "9.03",
        "201502": "8.67",
        "201503": "8.71",
        "201504": "8.51",
        "201505": "8.02",
        "201506": "6.26",
        "201507": "4.90",
        "201508": "3.98",
        "201509": "4.41",
        "201510": "4.65",
        "201511": "4.52",
        "201512": "4.48",
        "201601": "4.56",
        "201602": "5.18",
        "201603": "5.92",
        "201604": "5.65",
        "201605": "5.26",
        "201606": "6.00",
        "201607": "5.71",
        "201608": "5.58",
        "201609": "5.25",
        "201610": "5.28",
        "201611": "4.55",
        "201612": "4.44",
        "201701": "4.66",
        "201702": "5.03",
        "201703": "5.27",
        "201704": "5.16",
        "201705": "5.16",
        "201706": "5.23",
        "201707": "5.39",
        "201708": "5.17",
        "201709": "5.24",
        "201710": "5.02",
        "201711": "5.03",
        "201712": "5.12",
        "201801": "6.86",
        "201802": "7.48",
        "201803": "7.44",
        "201804": "6.88",
        "201805": "6.03",
        "201806": "7.04",
        "201807": "6.84",
        "201808": "6.04",
        "201809": "6.09",
        "201810": "4.91",
        "201811": "4.43",
        "201812": "5.33",
        "201901": "5.09",
        "201902": "5.92",
        "201903": "5.77",
        "201904": "5.19",
        "201905": "4.77",
        "201906": "4.43",
        "201907": "4.30",
        "201908": "3.95",
        "201909": "3.82",
        "201910": "3.57",
        "201911": "3.32",
        "201912": "2.19",
        "202001": "2.80",
        "202002": "2.55",
        "202003": "1.81",
        "202004": "1.92",
        "202005": "2.19",
        "202006": "2.34",
        "202007": "3.33",
        "202008": "4.19",
        "202009": "5.60",
        "202010": "5.50",
        "202011": "5.40",
        "202012": "5.62",
        "202101": "5.46",
        "202102": "5.52",
        "202103": "6.49",
        "202104": "12.32",
        "202105": "10.31",
        "202106": "10.39",
        "202107": "9.91",
        "202108": "8.12",
        "202109": "6.96",
        "202110": "7.14",
        "202111": "7.57",
        "202112": "8.26",
        "202201": "8.44",
        "202202": "8.14",
        "202203": "7.45",
        "202204": "7.05",
        "202205": "6.74",
        "202206": "7.91",
        "202207": "8.40",
        "202208": "9.66",
        "202209": "8.57",
        "202210": "7.20",
        "202211": "7.67",
        "202212": "7.91",
        "202301": "7.68",
        "202302": "7.83",
        "202303": "7.97",
        "202304": "9.01",
        "202305": "9.26",
        "202306": "10.99",
        "202307": "16.09",
        "202308": "16.22",
        "202309": "19.84",
        "202310": "19.19",
        "202311": "18.25",
        "202312": "17.69"
    },
    "quarters": {
        "20011": {
            "year_quarter": 20011,
            "year": 2001,
            "quarter": 1,
            "eps": 0.02,
            "eps_growth_year": -93.75,
            "eps_4q": -1.06,
            "eps_4q_growth_year": -191.13,
            "roe": 0.19,
            "roe_4q": 0.19,
            "gross_profit": 69557,
            "gross_margin": 10.94,
            "gross_margin_4q_avg": 10.94,
            "net_income": 2469,
            "net_income_4q": null,
            "revenue": 635624,
            "revenue_4q": null,
            "common_shares": 1171280,
            "book_valuer_per_share": 11.2,
            "book_valuer_per_share_4q_avg": 11.2,
            "equity": 1311443,
            "current_ratio": 101.94,
            "debt_ratio": 57.94,
            "inventory_turnover_ratio": 1.68,
            "account_receivable_turnover_ratio": null,
            "reinvestment_rate": null,
            "research_to_sale_ratio": null,
            "price_fair": 0,
            "eps_avg_yearly": 0,
            "eps_latest_yearly": 0,
            "eps_growth_yearly": 0
        },
        "20012": {
            "year_quarter": 20012,
            "year": 2001,
            "quarter": 2,
            "eps": -0.07,
            "eps_growth_year": null,
            "eps_4q": -1.11,
            "eps_4q_growth_year": -271.91,
            "roe": -0.64,
            "roe_4q": -0.45,
            "gross_profit": 66525,
            "gross_margin": 8.95,
            "gross_margin_4q_avg": 9.95,
            "net_income": -8457,
            "net_income_4q": null,
            "revenue": 743088,
            "revenue_4q": null,
            "common_shares": 1171280,
            "book_valuer_per_share": 11.21,
            "book_valuer_per_share_4q_avg": 11.21,
            "equity": 1312930,
            "current_ratio": 102.99,
            "debt_ratio": 54.8,
            "inventory_turnover_ratio": 1.91,
            "account_receivable_turnover_ratio": null,
            "reinvestment_rate": null,
            "research_to_sale_ratio": null,
            "price_fair": 0,
            "eps_avg_yearly": 0,
            "eps_latest_yearly": 0,
            "eps_growth_yearly": 0
        },
        "20013": {
            "year_quarter": 20013,
            "year": 2001,
            "quarter": 3,
            "eps": -0.03,
            "eps_growth_year": null,
            "eps_4q": -0.63,
            "eps_4q_growth_year": null,
            "roe": -0.27,
            "roe_4q": -0.72,
            "gross_profit": 65133,
            "gross_margin": 9.61,
            "gross_margin_4q_avg": 9.83,
            "net_income": -3595,
            "net_income_4q": null,
            "revenue": 677834,
            "revenue_4q": null,
            "common_shares": 1171280,
            "book_valuer_per_share": 11.18,
            "book_valuer_per_share_4q_avg": 11.2,
            "equity": 1309334,
            "current_ratio": 104,
            "debt_ratio": 55.95,
            "inventory_turnover_ratio": 2.1,
            "account_receivable_turnover_ratio": null,
            "reinvestment_rate": null,
            "research_to_sale_ratio": null,
            "price_fair": 0,
            "eps_avg_yearly": 0,
            "eps_latest_yearly": 0,
            "eps_growth_yearly": 0
        },
        "20014": {
            "year_quarter": 20014,
            "year": 2001,
            "quarter": 4,
            "eps": -0.72,
            "eps_growth_year": null,
            "eps_4q": -0.8,
            "eps_4q_growth_year": null,
            "roe": -6.54,
            "roe_4q": -7.26,
            "gross_profit": -4228,
            "gross_margin": -1,
            "gross_margin_4q_avg": 7.13,
            "net_income": -82946,
            "net_income_4q": null,
            "revenue": 424725,
            "revenue_4q": null,
            "common_shares": 1171280,
            "book_valuer_per_share": 10.47,
            "book_valuer_per_share_4q_avg": 11.02,
            "equity": 1226389,
            "current_ratio": 101.79,
            "debt_ratio": 47.34,
            "inventory_turnover_ratio": 1.83,
            "account_receivable_turnover_ratio": null,
            "reinvestment_rate": null,
            "research_to_sale_ratio": null,
            "price_fair": 0,
            "eps_avg_yearly": 0,
            "eps_latest_yearly": 0,
            "eps_growth_yearly": 0
        },
        "20021": {
            "year_quarter": 20021,
            "year": 2002,
            "quarter": 1,
            "eps": 0.01,
            "eps_growth_year": -50,
            "eps_4q": -1.17,
            "eps_4q_growth_year": null,
            "roe": 0.07,
            "roe_4q": -7.38,
            "gross_profit": 2690,
            "gross_margin": 0.66,
            "gross_margin_4q_avg": 4.56,
            "net_income": 804,
            "net_income_4q": null,
            "revenue": 407300,
            "revenue_4q": null,
            "common_shares": 1171280,
            "book_valuer_per_share": 10.48,
            "book_valuer_per_share_4q_avg": 10.84,
            "equity": 1227193,
            "current_ratio": 103.18,
            "debt_ratio": 42.34,
            "inventory_turnover_ratio": 1.97,
            "account_receivable_turnover_ratio": null,
            "reinvestment_rate": null,
            "research_to_sale_ratio": null,
            "price_fair": 0,
            "eps_avg_yearly": 0,
            "eps_latest_yearly": 0,
            "eps_growth_yearly": 0
        },
        "20022": {
            "year_quarter": 20022,
            "year": 2002,
            "quarter": 2,
            "eps": 0.09,
            "eps_growth_year": null,
            "eps_4q": -0.64,
            "eps_4q_growth_year": null,
            "roe": 0.85,
            "roe_4q": -5.890000000000001,
            "gross_profit": 44817,
            "gross_margin": 10.39,
            "gross_margin_4q_avg": 4.92,
            "net_income": 10525,
            "net_income_4q": null,
            "revenue": 431446,
            "revenue_4q": null,
            "common_shares": 1171280,
            "book_valuer_per_share": 10.59,
            "book_valuer_per_share_4q_avg": 10.68,
            "equity": 1240631,
            "current_ratio": 104.54,
            "debt_ratio": 43.96,
            "inventory_turnover_ratio": 1.8,
            "account_receivable_turnover_ratio": null,
            "reinvestment_rate": null,
            "research_to_sale_ratio": null,
            "price_fair": 12.6,
            "eps_avg_yearly": 0.36,
            "eps_latest_yearly": 0.36,
            "eps_growth_yearly": 3200
        },
        "20023": {
            "year_quarter": 20023,
            "year": 2002,
            "quarter": 3,
            "eps": -0.05,
            "eps_growth_year": null,
            "eps_4q": -0.66,
            "eps_4q_growth_year": null,
            "roe": -0.48,
            "roe_4q": -6.1,
            "gross_profit": 5596,
            "gross_margin": 1.13,
            "gross_margin_4q_avg": 2.8,
            "net_income": -5894,
            "net_income_4q": null,
            "revenue": 494144,
            "revenue_4q": null,
            "common_shares": 1171280,
            "book_valuer_per_share": 10.54,
            "book_valuer_per_share_4q_avg": 10.52,
            "equity": 1234737,
            "current_ratio": 96.78,
            "debt_ratio": 39.79,
            "inventory_turnover_ratio": 2.32,
            "account_receivable_turnover_ratio": null,
            "reinvestment_rate": null,
            "research_to_sale_ratio": null,
            "price_fair": 12.6,
            "eps_avg_yearly": 0.36,
            "eps_latest_yearly": 0.36,
            "eps_growth_yearly": 3200
        },
        "20024": {
            "year_quarter": 20024,
            "year": 2002,
            "quarter": 4,
            "eps": 0.12,
            "eps_growth_year": null,
            "eps_4q": 0.17,
            "eps_4q_growth_year": null,
            "roe": 1.1,
            "roe_4q": 1.5400000000000003,
            "gross_profit": 36689,
            "gross_margin": 6.84,
            "gross_margin_4q_avg": 4.76,
            "net_income": 13716,
            "net_income_4q": null,
            "revenue": 536412,
            "revenue_4q": null,
            "common_shares": 1171280,
            "book_valuer_per_share": 10.66,
            "book_valuer_per_share_4q_avg": 10.57,
            "equity": 1248453,
            "current_ratio": 74.36,
            "debt_ratio": 45.21,
            "inventory_turnover_ratio": 2.34,
            "account_receivable_turnover_ratio": null,
            "reinvestment_rate": null,
            "research_to_sale_ratio": null,
            "price_fair": 12.6,
            "eps_avg_yearly": 0.36,
            "eps_latest_yearly": 0.36,
            "eps_growth_yearly": 3200
        },
        "20031": {
            "year_quarter": 20031,
            "year": 2003,
            "quarter": 1,
            "eps": 0.54,
            "eps_growth_year": 5300,
            "eps_4q": 0.7,
            "eps_4q_growth_year": null,
            "roe": 4.93,
            "roe_4q": 6.399999999999999,
            "gross_profit": 38069,
            "gross_margin": 7.41,
            "gross_margin_4q_avg": 6.44,
            "net_income": 63215,
            "net_income_4q": null,
            "revenue": 513802,
            "revenue_4q": null,
            "common_shares": 1171280,
            "book_valuer_per_share": 11.23,
            "book_valuer_per_share_4q_avg": 10.76,
            "equity": 1315431,
            "current_ratio": 117.05,
            "debt_ratio": 38.19,
            "inventory_turnover_ratio": 1.94,
            "account_receivable_turnover_ratio": null,
            "reinvestment_rate": null,
            "research_to_sale_ratio": null,
            "price_fair": 44.1,
            "eps_avg_yearly": 1.26,
            "eps_latest_yearly": 2.16,
            "eps_growth_yearly": 2300
        },
        "20032": {
            "year_quarter": 20032,
            "year": 2003,
            "quarter": 2,
            "eps": -0.1,
            "eps_growth_year": -211.11,
            "eps_4q": 0.51,
            "eps_4q_growth_year": null,
            "roe": -0.89,
            "roe_4q": 4.66,
            "gross_profit": 8283,
            "gross_margin": 1.6,
            "gross_margin_4q_avg": 4.25,
            "net_income": -11636,
            "net_income_4q": null,
            "revenue": 518576,
            "revenue_4q": null,
            "common_shares": 1171280,
            "book_valuer_per_share": 11.13,
            "book_valuer_per_share_4q_avg": 10.89,
            "equity": 1303795,
            "current_ratio": 99.97,
            "debt_ratio": 45.17,
            "inventory_turnover_ratio": 2.27,
            "account_receivable_turnover_ratio": null,
            "reinvestment_rate": null,
            "research_to_sale_ratio": null,
            "price_fair": 44.1,
            "eps_avg_yearly": 1.26,
            "eps_latest_yearly": 2.16,
            "eps_growth_yearly": 2300
        },
        "20033": {
            "year_quarter": 20033,
            "year": 2003,
            "quarter": 3,
            "eps": 0.06,
            "eps_growth_year": null,
            "eps_4q": 0.58,
            "eps_4q_growth_year": null,
            "roe": 0.57,
            "roe_4q": 5.709999999999999,
            "gross_profit": 29874,
            "gross_margin": 4.15,
            "gross_margin_4q_avg": 5,
            "net_income": 7506,
            "net_income_4q": null,
            "revenue": 719705,
            "revenue_4q": null,
            "common_shares": 1171280,
            "book_valuer_per_share": 11.2,
            "book_valuer_per_share_4q_avg": 11.06,
            "equity": 1311301,
            "current_ratio": 343.74,
            "debt_ratio": 24.51,
            "inventory_turnover_ratio": 7.17,
            "account_receivable_turnover_ratio": null,
            "reinvestment_rate": null,
            "research_to_sale_ratio": null,
            "price_fair": 44.1,
            "eps_avg_yearly": 1.26,
            "eps_latest_yearly": 2.16,
            "eps_growth_yearly": 2300
        },
        "20034": {
            "year_quarter": 20034,
            "year": 2003,
            "quarter": 4,
            "eps": 0.11,
            "eps_growth_year": -8.33,
            "eps_4q": 0.63,
            "eps_4q_growth_year": 275.55,
            "roe": 0.95,
            "roe_4q": 5.56,
            "gross_profit": 46474,
            "gross_margin": 5.51,
            "gross_margin_4q_avg": 4.67,
            "net_income": 12517,
            "net_income_4q": null,
            "revenue": 843920,
            "revenue_4q": null,
            "common_shares": 1171280,
            "book_valuer_per_share": 11.3,
            "book_valuer_per_share_4q_avg": 11.22,
            "equity": 1323818,
            "current_ratio": 280.97,
            "debt_ratio": 30.5,
            "inventory_turnover_ratio": null,
            "account_receivable_turnover_ratio": null,
            "reinvestment_rate": null,
            "research_to_sale_ratio": null,
            "price_fair": 34.53,
            "eps_avg_yearly": 0.99,
            "eps_latest_yearly": 0.44,
            "eps_growth_yearly": 1644.44
        },
        "20041": {
            "year_quarter": 20041,
            "year": 2004,
            "quarter": 1,
            "eps": 0.13,
            "eps_growth_year": -75.93,
            "eps_4q": 0.2,
            "eps_4q_growth_year": -71.05,
            "roe": 1.14,
            "roe_4q": 1.7699999999999996,
            "gross_profit": 38859,
            "gross_margin": 4.68,
            "gross_margin_4q_avg": 3.99,
            "net_income": 15199,
            "net_income_4q": null,
            "revenue": 830159,
            "revenue_4q": null,
            "common_shares": 1171280,
            "book_valuer_per_share": 11.43,
            "book_valuer_per_share_4q_avg": 11.27,
            "equity": 1339017,
            "current_ratio": 211.76,
            "debt_ratio": 39.98,
            "inventory_turnover_ratio": 6.7,
            "account_receivable_turnover_ratio": null,
            "reinvestment_rate": null,
            "research_to_sale_ratio": null,
            "price_fair": 30.45,
            "eps_avg_yearly": 0.87,
            "eps_latest_yearly": 0.52,
            "eps_growth_yearly": 1251.52
        },
        "20042": {
            "year_quarter": 20042,
            "year": 2004,
            "quarter": 2,
            "eps": 0.57,
            "eps_growth_year": null,
            "eps_4q": 0.87,
            "eps_4q_growth_year": 71.22,
            "roe": 4.9,
            "roe_4q": 7.5600000000000005,
            "gross_profit": 101708,
            "gross_margin": 11.01,
            "gross_margin_4q_avg": 6.34,
            "net_income": 67293,
            "net_income_4q": null,
            "revenue": 924162,
            "revenue_4q": null,
            "common_shares": 1171280,
            "book_valuer_per_share": 12.01,
            "book_valuer_per_share_4q_avg": 11.49,
            "equity": 1406310,
            "current_ratio": 239.56,
            "debt_ratio": 35.33,
            "inventory_turnover_ratio": 4.09,
            "account_receivable_turnover_ratio": null,
            "reinvestment_rate": null,
            "research_to_sale_ratio": null,
            "price_fair": 40.32,
            "eps_avg_yearly": 1.15,
            "eps_latest_yearly": 2.28,
            "eps_growth_yearly": 1271.98
        },
        "20043": {
            "year_quarter": 20043,
            "year": 2004,
            "quarter": 3,
            "eps": 0.47,
            "eps_growth_year": 683.33,
            "eps_4q": 1.28,
            "eps_4q_growth_year": 120.04,
            "roe": 3.84,
            "roe_4q": 10.83,
            "gross_profit": 115188,
            "gross_margin": 12.9,
            "gross_margin_4q_avg": 8.53,
            "net_income": 55093,
            "net_income_4q": null,
            "revenue": 892732,
            "revenue_4q": null,
            "common_shares": 1171280,
            "book_valuer_per_share": 12.48,
            "book_valuer_per_share_4q_avg": 11.81,
            "equity": 1461403,
            "current_ratio": 246.72,
            "debt_ratio": 34.78,
            "inventory_turnover_ratio": 4.15,
            "account_receivable_turnover_ratio": null,
            "reinvestment_rate": -1692.03,
            "research_to_sale_ratio": null,
            "price_fair": 44.57,
            "eps_avg_yearly": 1.27,
            "eps_latest_yearly": 1.88,
            "eps_growth_yearly": 1048.29
        },
        "20044": {
            "year_quarter": 20044,
            "year": 2004,
            "quarter": 4,
            "eps": -0.17,
            "eps_growth_year": -254.55,
            "eps_4q": 1.01,
            "eps_4q_growth_year": 60.51,
            "roe": -1.34,
            "roe_4q": 8.540000000000001,
            "gross_profit": 90290,
            "gross_margin": 9.44,
            "gross_margin_4q_avg": 9.51,
            "net_income": -19514,
            "net_income_4q": null,
            "revenue": 956866,
            "revenue_4q": null,
            "common_shares": 1171280,
            "book_valuer_per_share": 12.31,
            "book_valuer_per_share_4q_avg": 12.06,
            "equity": 1441889,
            "current_ratio": 181.03,
            "debt_ratio": 40.47,
            "inventory_turnover_ratio": 3.94,
            "account_receivable_turnover_ratio": null,
            "reinvestment_rate": -898.65,
            "research_to_sale_ratio": null,
            "price_fair": 44.57,
            "eps_avg_yearly": 1.27,
            "eps_latest_yearly": 1.88,
            "eps_growth_yearly": 1048.29
        },
        "20051": {
            "year_quarter": 20051,
            "year": 2005,
            "quarter": 1,
            "eps": 0.2,
            "eps_growth_year": 53.85,
            "eps_4q": 1.09,
            "eps_4q_growth_year": 440.28,
            "roe": 1.59,
            "roe_4q": 8.99,
            "gross_profit": 52320,
            "gross_margin": 5.54,
            "gross_margin_4q_avg": 9.72,
            "net_income": 23119,
            "net_income_4q": null,
            "revenue": 944352,
            "revenue_4q": null,
            "common_shares": 1171280,
            "book_valuer_per_share": 12.51,
            "book_valuer_per_share_4q_avg": 12.33,
            "equity": 1465008,
            "current_ratio": 177.97,
            "debt_ratio": 40.31,
            "inventory_turnover_ratio": 3.64,
            "account_receivable_turnover_ratio": null,
            "reinvestment_rate": -719.86,
            "research_to_sale_ratio": null,
            "price_fair": 44.57,
            "eps_avg_yearly": 1.27,
            "eps_latest_yearly": 1.88,
            "eps_growth_yearly": 1048.29
        },
        "20052": {
            "year_quarter": 20052,
            "year": 2005,
            "quarter": 2,
            "eps": 0.61,
            "eps_growth_year": 7.02,
            "eps_4q": 1.07,
            "eps_4q_growth_year": 23.33,
            "roe": 5.17,
            "roe_4q": 9.26,
            "gross_profit": 127710,
            "gross_margin": 10.77,
            "gross_margin_4q_avg": 9.66,
            "net_income": 77683,
            "net_income_4q": null,
            "revenue": 1186123,
            "revenue_4q": null,
            "common_shares": 1171280,
            "book_valuer_per_share": 13.13,
            "book_valuer_per_share_4q_avg": 12.61,
            "equity": 1538119,
            "current_ratio": 163.15,
            "debt_ratio": 43.13,
            "inventory_turnover_ratio": 4.09,
            "account_receivable_turnover_ratio": null,
            "reinvestment_rate": -435.12,
            "research_to_sale_ratio": null,
            "price_fair": 50.4,
            "eps_avg_yearly": 1.44,
            "eps_latest_yearly": 2.44,
            "eps_growth_yearly": 1015.68
        },
        "20053": {
            "year_quarter": 20053,
            "year": 2005,
            "quarter": 3,
            "eps": 0.98,
            "eps_growth_year": 108.51,
            "eps_4q": 1.61,
            "eps_4q_growth_year": 26.04,
            "roe": 7.79,
            "roe_4q": 13.21,
            "gross_profit": 102702,
            "gross_margin": 7.72,
            "gross_margin_4q_avg": 8.37,
            "net_income": 125645,
            "net_income_4q": null,
            "revenue": 1330075,
            "revenue_4q": null,
            "common_shares": 1276239,
            "book_valuer_per_share": 13.22,
            "book_valuer_per_share_4q_avg": 12.79,
            "equity": 1687033,
            "current_ratio": 161.1,
            "debt_ratio": 42.78,
            "inventory_turnover_ratio": 4.77,
            "account_receivable_turnover_ratio": null,
            "reinvestment_rate": -265.74,
            "research_to_sale_ratio": null,
            "price_fair": 61.25,
            "eps_avg_yearly": 1.75,
            "eps_latest_yearly": 3.92,
            "eps_growth_yearly": 919.04
        },
        "20054": {
            "year_quarter": 20054,
            "year": 2005,
            "quarter": 4,
            "eps": 0.35,
            "eps_growth_year": null,
            "eps_4q": 2.11,
            "eps_4q_growth_year": 109.06,
            "roe": 2.63,
            "roe_4q": 17.18,
            "gross_profit": 123632,
            "gross_margin": 8.31,
            "gross_margin_4q_avg": 8.09,
            "net_income": 44993,
            "net_income_4q": null,
            "revenue": 1488414,
            "revenue_4q": null,
            "common_shares": 1276239,
            "book_valuer_per_share": 13.55,
            "book_valuer_per_share_4q_avg": 13.1,
            "equity": 1729014,
            "current_ratio": 136.57,
            "debt_ratio": 50.03,
            "inventory_turnover_ratio": 4.66,
            "account_receivable_turnover_ratio": null,
            "reinvestment_rate": -65.96,
            "research_to_sale_ratio": null,
            "price_fair": 59.89,
            "eps_avg_yearly": 1.71,
            "eps_latest_yearly": 1.4,
            "eps_growth_yearly": 788.36
        },
        "20061": {
            "year_quarter": 20061,
            "year": 2006,
            "quarter": 1,
            "eps": 0.02,
            "eps_growth_year": -90,
            "eps_4q": 1.88,
            "eps_4q_growth_year": 72.11,
            "roe": 0.15,
            "roe_4q": 15.74,
            "gross_profit": 56051,
            "gross_margin": 4.46,
            "gross_margin_4q_avg": 7.82,
            "net_income": 2676,
            "net_income_4q": null,
            "revenue": 1258160,
            "revenue_4q": null,
            "common_shares": 1276239,
            "book_valuer_per_share": 13.71,
            "book_valuer_per_share_4q_avg": 13.4,
            "equity": 1750184,
            "current_ratio": 165.85,
            "debt_ratio": 42.95,
            "inventory_turnover_ratio": 4.14,
            "account_receivable_turnover_ratio": null,
            "reinvestment_rate": -189.15,
            "research_to_sale_ratio": null,
            "price_fair": 54.18,
            "eps_avg_yearly": 1.55,
            "eps_latest_yearly": 0.08,
            "eps_growth_yearly": 671.81
        },
        "20062": {
            "year_quarter": 20062,
            "year": 2006,
            "quarter": 2,
            "eps": -0.16,
            "eps_growth_year": -126.23,
            "eps_4q": 1.17,
            "eps_4q_growth_year": 9.64,
            "roe": -1.29,
            "roe_4q": 9.28,
            "gross_profit": 55359,
            "gross_margin": 5.08,
            "gross_margin_4q_avg": 6.39,
            "net_income": -22424,
            "net_income_4q": null,
            "revenue": 1089663,
            "revenue_4q": null,
            "common_shares": 1285079,
            "book_valuer_per_share": 13.41,
            "book_valuer_per_share_4q_avg": 13.47,
            "equity": 1722820,
            "current_ratio": 166.49,
            "debt_ratio": 42.81,
            "inventory_turnover_ratio": 3.84,
            "account_receivable_turnover_ratio": null,
            "reinvestment_rate": -202.74,
            "research_to_sale_ratio": null,
            "price_fair": 58.8,
            "eps_avg_yearly": 1.68,
            "eps_latest_yearly": 0.08,
            "eps_growth_yearly": 390.9
        },
        "20063": {
            "year_quarter": 20063,
            "year": 2006,
            "quarter": 3,
            "eps": -0.19,
            "eps_growth_year": -119.39,
            "eps_4q": -0.01,
            "eps_4q_growth_year": -100.55,
            "roe": -1.54,
            "roe_4q": -0.050000000000000266,
            "gross_profit": 53624,
            "gross_margin": 4.04,
            "gross_margin_4q_avg": 5.47,
            "net_income": -26516,
            "net_income_4q": null,
            "revenue": 1328423,
            "revenue_4q": null,
            "common_shares": 1425867,
            "book_valuer_per_share": 12,
            "book_valuer_per_share_4q_avg": 13.17,
            "equity": 1711180,
            "current_ratio": 150.28,
            "debt_ratio": 48.14,
            "inventory_turnover_ratio": 4.42,
            "account_receivable_turnover_ratio": null,
            "reinvestment_rate": -220.1,
            "research_to_sale_ratio": null,
            "price_fair": 58.8,
            "eps_avg_yearly": 1.68,
            "eps_latest_yearly": 0.08,
            "eps_growth_yearly": 390.9
        },
        "20064": {
            "year_quarter": 20064,
            "year": 2006,
            "quarter": 4,
            "eps": -0.58,
            "eps_growth_year": -265.71,
            "eps_4q": -0.91,
            "eps_4q_growth_year": -143.1,
            "roe": -4.99,
            "roe_4q": -7.67,
            "gross_profit": 39407,
            "gross_margin": 2.9,
            "gross_margin_4q_avg": 4.12,
            "net_income": -83287,
            "net_income_4q": null,
            "revenue": 1360439,
            "revenue_4q": null,
            "common_shares": 1425967,
            "book_valuer_per_share": 11.41,
            "book_valuer_per_share_4q_avg": 12.63,
            "equity": 1626673,
            "current_ratio": 129.93,
            "debt_ratio": 54.33,
            "inventory_turnover_ratio": 3.92,
            "account_receivable_turnover_ratio": null,
            "reinvestment_rate": -154.43,
            "research_to_sale_ratio": null,
            "price_fair": 58.8,
            "eps_avg_yearly": 1.68,
            "eps_latest_yearly": 0.08,
            "eps_growth_yearly": 390.9
        },
        "20071": {
            "year_quarter": 20071,
            "year": 2007,
            "quarter": 1,
            "eps": 0.01,
            "eps_growth_year": -50,
            "eps_4q": -0.82,
            "eps_4q_growth_year": -143.6,
            "roe": 0.1,
            "roe_4q": -7.720000000000001,
            "gross_profit": 46970,
            "gross_margin": 3.49,
            "gross_margin_4q_avg": 3.88,
            "net_income": 1597,
            "net_income_4q": null,
            "revenue": 1344136,
            "revenue_4q": null,
            "common_shares": 1429507,
            "book_valuer_per_share": 11.52,
            "book_valuer_per_share_4q_avg": 12.09,
            "equity": 1647322,
            "current_ratio": 141.61,
            "debt_ratio": 52.26,
            "inventory_turnover_ratio": 3.82,
            "account_receivable_turnover_ratio": null,
            "reinvestment_rate": -297.45,
            "research_to_sale_ratio": null,
            "price_fair": 56.7,
            "eps_avg_yearly": 1.62,
            "eps_latest_yearly": 0.08,
            "eps_growth_yearly": 264.76
        },
        "20072": {
            "year_quarter": 20072,
            "year": 2007,
            "quarter": 2,
            "eps": 0.07,
            "eps_growth_year": null,
            "eps_4q": -0.72,
            "eps_4q_growth_year": -161.33,
            "roe": 0.58,
            "roe_4q": -5.8500000000000005,
            "gross_profit": 53893,
            "gross_margin": 3.54,
            "gross_margin_4q_avg": 3.49,
            "net_income": 9586,
            "net_income_4q": null,
            "revenue": 1523681,
            "revenue_4q": null,
            "common_shares": 1429507,
            "book_valuer_per_share": 11.62,
            "book_valuer_per_share_4q_avg": 11.64,
            "equity": 1661018,
            "current_ratio": 143.07,
            "debt_ratio": 50.6,
            "inventory_turnover_ratio": 6.46,
            "account_receivable_turnover_ratio": null,
            "reinvestment_rate": -275.21,
            "research_to_sale_ratio": null,
            "price_fair": 51.49,
            "eps_avg_yearly": 1.47,
            "eps_latest_yearly": 0.28,
            "eps_growth_yearly": 502.01
        },
        "20073": {
            "year_quarter": 20073,
            "year": 2007,
            "quarter": 3,
            "eps": -0.07,
            "eps_growth_year": null,
            "eps_4q": -0.54,
            "eps_4q_growth_year": null,
            "roe": -0.54,
            "roe_4q": -4.8500000000000005,
            "gross_profit": 54178,
            "gross_margin": 3.45,
            "gross_margin_4q_avg": 3.35,
            "net_income": -10424,
            "net_income_4q": null,
            "revenue": 1569773,
            "revenue_4q": null,
            "common_shares": 1535727,
            "book_valuer_per_share": 14.44,
            "book_valuer_per_share_4q_avg": 12.25,
            "equity": 2217131,
            "current_ratio": 156.93,
            "debt_ratio": 50.2,
            "inventory_turnover_ratio": 6.56,
            "account_receivable_turnover_ratio": null,
            "reinvestment_rate": 94.98,
            "research_to_sale_ratio": null,
            "price_fair": 51.49,
            "eps_avg_yearly": 1.47,
            "eps_latest_yearly": 0.28,
            "eps_growth_yearly": 502.01
        },
        "20074": {
            "year_quarter": 20074,
            "year": 2007,
            "quarter": 4,
            "eps": 0.15,
            "eps_growth_year": null,
            "eps_4q": 0.16,
            "eps_4q_growth_year": null,
            "roe": 0.99,
            "roe_4q": 1.13,
            "gross_profit": 32955,
            "gross_margin": 1.62,
            "gross_margin_4q_avg": 3.03,
            "net_income": 21981,
            "net_income_4q": null,
            "revenue": 2032545,
            "revenue_4q": null,
            "common_shares": 1535777,
            "book_valuer_per_share": 14.6,
            "book_valuer_per_share_4q_avg": 13.05,
            "equity": 2242974,
            "current_ratio": 122,
            "debt_ratio": 57.56,
            "inventory_turnover_ratio": 3.78,
            "account_receivable_turnover_ratio": null,
            "reinvestment_rate": 499.26,
            "research_to_sale_ratio": null,
            "price_fair": 56,
            "eps_avg_yearly": 1.6,
            "eps_latest_yearly": 0.28,
            "eps_growth_yearly": 523.09
        },
        "20081": {
            "year_quarter": 20081,
            "year": 2008,
            "quarter": 1,
            "eps": -0.63,
            "eps_growth_year": -6400,
            "eps_4q": -0.49,
            "eps_4q_growth_year": null,
            "roe": -4.42,
            "roe_4q": -3.3899999999999997,
            "gross_profit": 99124,
            "gross_margin": 4.93,
            "gross_margin_4q_avg": 3.39,
            "net_income": -96079,
            "net_income_4q": null,
            "revenue": 2010176,
            "revenue_4q": null,
            "common_shares": 1535777,
            "book_valuer_per_share": 13.69,
            "book_valuer_per_share_4q_avg": 13.59,
            "equity": 2102511,
            "current_ratio": 106.07,
            "debt_ratio": 58.54,
            "inventory_turnover_ratio": 2.67,
            "account_receivable_turnover_ratio": null,
            "reinvestment_rate": 924.53,
            "research_to_sale_ratio": null,
            "price_fair": 61.4,
            "eps_avg_yearly": 1.75,
            "eps_latest_yearly": 0.28,
            "eps_growth_yearly": 587.43
        },
        "20082": {
            "year_quarter": 20082,
            "year": 2008,
            "quarter": 2,
            "eps": -0.15,
            "eps_growth_year": -314.29,
            "eps_4q": -0.7,
            "eps_4q_growth_year": null,
            "roe": -1.08,
            "roe_4q": -5.05,
            "gross_profit": 44914,
            "gross_margin": 2.46,
            "gross_margin_4q_avg": 3.12,
            "net_income": -22663,
            "net_income_4q": null,
            "revenue": 1822272,
            "revenue_4q": null,
            "common_shares": 1535817,
            "book_valuer_per_share": 13.66,
            "book_valuer_per_share_4q_avg": 14.1,
            "equity": 2098492,
            "current_ratio": 112.87,
            "debt_ratio": 54.02,
            "inventory_turnover_ratio": 2.85,
            "account_receivable_turnover_ratio": null,
            "reinvestment_rate": 1786.9,
            "research_to_sale_ratio": null,
            "price_fair": 58.33,
            "eps_avg_yearly": 1.67,
            "eps_latest_yearly": 0.28,
            "eps_growth_yearly": 459.69
        },
        "20083": {
            "year_quarter": 20083,
            "year": 2008,
            "quarter": 3,
            "eps": 0.58,
            "eps_growth_year": null,
            "eps_4q": -0.05,
            "eps_4q_growth_year": null,
            "roe": 4.1,
            "roe_4q": -0.41000000000000036,
            "gross_profit": 123593,
            "gross_margin": 5.91,
            "gross_margin_4q_avg": 3.73,
            "net_income": 88925,
            "net_income_4q": null,
            "revenue": 2089773,
            "revenue_4q": null,
            "common_shares": 1554520,
            "book_valuer_per_share": 14.38,
            "book_valuer_per_share_4q_avg": 14.08,
            "equity": 2234713,
            "current_ratio": 114.68,
            "debt_ratio": 53.73,
            "inventory_turnover_ratio": 3.41,
            "account_receivable_turnover_ratio": null,
            "reinvestment_rate": 1310.33,
            "research_to_sale_ratio": null,
            "price_fair": 56.84,
            "eps_avg_yearly": 1.62,
            "eps_latest_yearly": 0.28,
            "eps_growth_yearly": 565.67
        },
        "20084": {
            "year_quarter": 20084,
            "year": 2008,
            "quarter": 4,
            "eps": -1.71,
            "eps_growth_year": -1240,
            "eps_4q": -1.9,
            "eps_4q_growth_year": -1324.39,
            "roe": -12.48,
            "roe_4q": -13.88,
            "gross_profit": -62834,
            "gross_margin": -5.33,
            "gross_margin_4q_avg": 1.99,
            "net_income": -263278,
            "net_income_4q": null,
            "revenue": 1178915,
            "revenue_4q": null,
            "common_shares": 1554520,
            "book_valuer_per_share": 12.77,
            "book_valuer_per_share_4q_avg": 13.63,
            "equity": 1985280,
            "current_ratio": 115.25,
            "debt_ratio": 45.87,
            "inventory_turnover_ratio": 2.69,
            "account_receivable_turnover_ratio": 2.23,
            "reinvestment_rate": null,
            "research_to_sale_ratio": null,
            "price_fair": 56.84,
            "eps_avg_yearly": 1.62,
            "eps_latest_yearly": 0.28,
            "eps_growth_yearly": 565.67
        },
        "20091": {
            "year_quarter": 20091,
            "year": 2009,
            "quarter": 1,
            "eps": 0.17,
            "eps_growth_year": null,
            "eps_4q": -1.11,
            "eps_4q_growth_year": null,
            "roe": 1.3,
            "roe_4q": -8.16,
            "gross_profit": 111583,
            "gross_margin": 7.22,
            "gross_margin_4q_avg": 2.57,
            "net_income": 26227,
            "net_income_4q": null,
            "revenue": 1545129,
            "revenue_4q": null,
            "common_shares": 1554520,
            "book_valuer_per_share": 13.12,
            "book_valuer_per_share_4q_avg": 13.48,
            "equity": 2039598,
            "current_ratio": 115.96,
            "debt_ratio": 49.52,
            "inventory_turnover_ratio": 3.66,
            "account_receivable_turnover_ratio": 1.2,
            "reinvestment_rate": null,
            "research_to_sale_ratio": null,
            "price_fair": 56.84,
            "eps_avg_yearly": 1.62,
            "eps_latest_yearly": 0.28,
            "eps_growth_yearly": 565.67
        },
        "20092": {
            "year_quarter": 20092,
            "year": 2009,
            "quarter": 2,
            "eps": -0.01,
            "eps_growth_year": null,
            "eps_4q": -0.97,
            "eps_4q_growth_year": null,
            "roe": -0.1,
            "roe_4q": -7.1800000000000015,
            "gross_profit": 156550,
            "gross_margin": 7.62,
            "gross_margin_4q_avg": 3.86,
            "net_income": -1979,
            "net_income_4q": null,
            "revenue": 2054811,
            "revenue_4q": null,
            "common_shares": 1554520,
            "book_valuer_per_share": 12.91,
            "book_valuer_per_share_4q_avg": 13.3,
            "equity": 2007020,
            "current_ratio": 116.85,
            "debt_ratio": 51.46,
            "inventory_turnover_ratio": 4.61,
            "account_receivable_turnover_ratio": 1.33,
            "reinvestment_rate": null,
            "research_to_sale_ratio": null,
            "price_fair": 49.7,
            "eps_avg_yearly": 1.42,
            "eps_latest_yearly": 0.28,
            "eps_growth_yearly": 502.08
        },
        "20093": {
            "year_quarter": 20093,
            "year": 2009,
            "quarter": 3,
            "eps": 0.74,
            "eps_growth_year": 27.59,
            "eps_4q": -0.81,
            "eps_4q_growth_year": null,
            "roe": 5.57,
            "roe_4q": -5.71,
            "gross_profit": 190434,
            "gross_margin": 7.51,
            "gross_margin_4q_avg": 4.26,
            "net_income": 114365,
            "net_income_4q": null,
            "revenue": 2534407,
            "revenue_4q": null,
            "common_shares": 1554520,
            "book_valuer_per_share": 13.5,
            "book_valuer_per_share_4q_avg": 13.08,
            "equity": 2098016,
            "current_ratio": 121.38,
            "debt_ratio": 55.11,
            "inventory_turnover_ratio": 4.96,
            "account_receivable_turnover_ratio": 1.56,
            "reinvestment_rate": null,
            "research_to_sale_ratio": null,
            "price_fair": 20.53,
            "eps_avg_yearly": 0.59,
            "eps_latest_yearly": 0.28,
            "eps_growth_yearly": 588.57
        },
        "20094": {
            "year_quarter": 20094,
            "year": 2009,
            "quarter": 4,
            "eps": 0.34,
            "eps_growth_year": null,
            "eps_4q": 1.09,
            "eps_4q_growth_year": null,
            "roe": 2.29,
            "roe_4q": 9.06,
            "gross_profit": 164510,
            "gross_margin": 6.84,
            "gross_margin_4q_avg": 7.3,
            "net_income": 53989,
            "net_income_4q": null,
            "revenue": 2406430,
            "revenue_4q": null,
            "common_shares": 1754520,
            "book_valuer_per_share": 15.01,
            "book_valuer_per_share_4q_avg": 13.64,
            "equity": 2622310,
            "current_ratio": 148.25,
            "debt_ratio": 45.71,
            "inventory_turnover_ratio": 4.46,
            "account_receivable_turnover_ratio": 2.66,
            "reinvestment_rate": null,
            "research_to_sale_ratio": null,
            "price_fair": 20.07,
            "eps_avg_yearly": 0.57,
            "eps_latest_yearly": 1.36,
            "eps_growth_yearly": 602.21
        },
        "20101": {
            "year_quarter": 20101,
            "year": 2010,
            "quarter": 1,
            "eps": 0.18,
            "eps_growth_year": 5.88,
            "eps_4q": 1.12,
            "eps_4q_growth_year": null,
            "roe": 1.2,
            "roe_4q": 8.96,
            "gross_profit": 69471,
            "gross_margin": 3.93,
            "gross_margin_4q_avg": 6.48,
            "net_income": 31558,
            "net_income_4q": null,
            "revenue": 1768603,
            "revenue_4q": null,
            "common_shares": 1754520,
            "book_valuer_per_share": 15.16,
            "book_valuer_per_share_4q_avg": 14.15,
            "equity": 2653940,
            "current_ratio": 139.18,
            "debt_ratio": 40.4,
            "inventory_turnover_ratio": 3.13,
            "account_receivable_turnover_ratio": 1.1,
            "reinvestment_rate": null,
            "research_to_sale_ratio": 0.27,
            "price_fair": 27.53,
            "eps_avg_yearly": 0.79,
            "eps_latest_yearly": 0.72,
            "eps_growth_yearly": 665.18
        },
        "20102": {
            "year_quarter": 20102,
            "year": 2010,
            "quarter": 2,
            "eps": 0.08,
            "eps_growth_year": null,
            "eps_4q": 1.19,
            "eps_4q_growth_year": null,
            "roe": 0.51,
            "roe_4q": 9.57,
            "gross_profit": 112036,
            "gross_margin": 4.52,
            "gross_margin_4q_avg": 5.7,
            "net_income": 13588,
            "net_income_4q": null,
            "revenue": 2476383,
            "revenue_4q": null,
            "common_shares": 1767010,
            "book_valuer_per_share": 15.44,
            "book_valuer_per_share_4q_avg": 14.78,
            "equity": 2703798,
            "current_ratio": 130.44,
            "debt_ratio": 46.98,
            "inventory_turnover_ratio": 3.55,
            "account_receivable_turnover_ratio": 1.44,
            "reinvestment_rate": null,
            "research_to_sale_ratio": 0.2,
            "price_fair": 23.45,
            "eps_avg_yearly": 0.67,
            "eps_latest_yearly": 0.32,
            "eps_growth_yearly": 443.33
        },
        "20103": {
            "year_quarter": 20103,
            "year": 2010,
            "quarter": 3,
            "eps": -0.14,
            "eps_growth_year": -118.43,
            "eps_4q": 0.36,
            "eps_4q_growth_year": null,
            "roe": -0.95,
            "roe_4q": 3.05,
            "gross_profit": 89871,
            "gross_margin": 3.98,
            "gross_margin_4q_avg": 4.82,
            "net_income": -27475,
            "net_income_4q": null,
            "revenue": 2259624,
            "revenue_4q": null,
            "common_shares": 2014677,
            "book_valuer_per_share": 15.33,
            "book_valuer_per_share_4q_avg": 15.24,
            "equity": 3087700,
            "current_ratio": 168.71,
            "debt_ratio": 33.43,
            "inventory_turnover_ratio": 3.44,
            "account_receivable_turnover_ratio": 1.27,
            "reinvestment_rate": null,
            "research_to_sale_ratio": 0.22,
            "price_fair": 23.45,
            "eps_avg_yearly": 0.67,
            "eps_latest_yearly": 0.32,
            "eps_growth_yearly": 443.33
        },
        "20104": {
            "year_quarter": 20104,
            "year": 2010,
            "quarter": 4,
            "eps": -0.72,
            "eps_growth_year": -312.58,
            "eps_4q": -0.64,
            "eps_4q_growth_year": -158.03,
            "roe": -4.9,
            "roe_4q": -4.140000000000001,
            "gross_profit": 41493,
            "gross_margin": 2.42,
            "gross_margin_4q_avg": 3.71,
            "net_income": -145615,
            "net_income_4q": null,
            "revenue": 1713481,
            "revenue_4q": null,
            "common_shares": 2014677,
            "book_valuer_per_share": 14.15,
            "book_valuer_per_share_4q_avg": 15.02,
            "equity": 2850036,
            "current_ratio": 174.94,
            "debt_ratio": 33.01,
            "inventory_turnover_ratio": 3.25,
            "account_receivable_turnover_ratio": 1.23,
            "reinvestment_rate": null,
            "research_to_sale_ratio": 0.42,
            "price_fair": 23.45,
            "eps_avg_yearly": 0.67,
            "eps_latest_yearly": 0.32,
            "eps_growth_yearly": 443.33
        },
        "20111": {
            "year_quarter": 20111,
            "year": 2011,
            "quarter": 1,
            "eps": 0.01,
            "eps_growth_year": -94.44,
            "eps_4q": -0.78,
            "eps_4q_growth_year": -169.61,
            "roe": 0.09,
            "roe_4q": -5.250000000000001,
            "gross_profit": 64270,
            "gross_margin": 3.99,
            "gross_margin_4q_avg": 3.73,
            "net_income": 2524,
            "net_income_4q": null,
            "revenue": 1611138,
            "revenue_4q": null,
            "common_shares": 2014677,
            "book_valuer_per_share": 14.28,
            "book_valuer_per_share_4q_avg": 14.8,
            "equity": 2877278,
            "current_ratio": 179.87,
            "debt_ratio": 31.91,
            "inventory_turnover_ratio": 3,
            "account_receivable_turnover_ratio": 1.27,
            "reinvestment_rate": null,
            "research_to_sale_ratio": 0.37,
            "price_fair": 23.45,
            "eps_avg_yearly": 0.67,
            "eps_latest_yearly": 0.32,
            "eps_growth_yearly": 443.33
        },
        "20112": {
            "year_quarter": 20112,
            "year": 2011,
            "quarter": 2,
            "eps": -0.19,
            "eps_growth_year": -353.64,
            "eps_4q": -1.04,
            "eps_4q_growth_year": -187.5,
            "roe": -1.35,
            "roe_4q": -7.11,
            "gross_profit": 52550,
            "gross_margin": 3.2,
            "gross_margin_4q_avg": 3.4,
            "net_income": -38588,
            "net_income_4q": null,
            "revenue": 1644409,
            "revenue_4q": null,
            "common_shares": 2014677,
            "book_valuer_per_share": 14.01,
            "book_valuer_per_share_4q_avg": 14.44,
            "equity": 2821724,
            "current_ratio": 188.17,
            "debt_ratio": 29.89,
            "inventory_turnover_ratio": 2.88,
            "account_receivable_turnover_ratio": 1.27,
            "reinvestment_rate": null,
            "research_to_sale_ratio": 0.34,
            "price_fair": 2.4,
            "eps_avg_yearly": 0.8,
            "eps_latest_yearly": 0.32,
            "eps_growth_yearly": -208.89
        },
        "20113": {
            "year_quarter": 20113,
            "year": 2011,
            "quarter": 3,
            "eps": 0.07,
            "eps_growth_year": null,
            "eps_4q": -0.83,
            "eps_4q_growth_year": -332.6,
            "roe": 0.52,
            "roe_4q": -5.640000000000001,
            "gross_profit": 72662,
            "gross_margin": 4.05,
            "gross_margin_4q_avg": 3.42,
            "net_income": 14996,
            "net_income_4q": null,
            "revenue": 1793922,
            "revenue_4q": null,
            "common_shares": 2014677,
            "book_valuer_per_share": 14.64,
            "book_valuer_per_share_4q_avg": 14.27,
            "equity": 2950012,
            "current_ratio": 172.19,
            "debt_ratio": 35.07,
            "inventory_turnover_ratio": 2.99,
            "account_receivable_turnover_ratio": 1.22,
            "reinvestment_rate": null,
            "research_to_sale_ratio": 0.31,
            "price_fair": 2.4,
            "eps_avg_yearly": 0.8,
            "eps_latest_yearly": 0.32,
            "eps_growth_yearly": -208.89
        },
        "20114": {
            "year_quarter": 20114,
            "year": 2011,
            "quarter": 4,
            "eps": -0.37,
            "eps_growth_year": null,
            "eps_4q": -0.47,
            "eps_4q_growth_year": null,
            "roe": -2.55,
            "roe_4q": -3.29,
            "gross_profit": 81692,
            "gross_margin": 4.13,
            "gross_margin_4q_avg": 3.84,
            "net_income": -74335,
            "net_income_4q": null,
            "revenue": 1977024,
            "revenue_4q": null,
            "common_shares": 2014677,
            "book_valuer_per_share": 14.33,
            "book_valuer_per_share_4q_avg": 14.32,
            "equity": 2887337,
            "current_ratio": 164.51,
            "debt_ratio": 37.1,
            "inventory_turnover_ratio": 2.89,
            "account_receivable_turnover_ratio": 1.28,
            "reinvestment_rate": null,
            "research_to_sale_ratio": 0.39,
            "price_fair": 2.4,
            "eps_avg_yearly": 0.8,
            "eps_latest_yearly": 0.32,
            "eps_growth_yearly": -208.89
        },
        "20121": {
            "year_quarter": 20121,
            "year": 2012,
            "quarter": 1,
            "eps": -0.27,
            "eps_growth_year": -2800,
            "eps_4q": -0.76,
            "eps_4q_growth_year": null,
            "roe": -1.93,
            "roe_4q": -5.31,
            "gross_profit": 39809,
            "gross_margin": 2.5,
            "gross_margin_4q_avg": 3.47,
            "net_income": -54817,
            "net_income_4q": null,
            "revenue": 1591804,
            "revenue_4q": null,
            "common_shares": 2014677,
            "book_valuer_per_share": 13.86,
            "book_valuer_per_share_4q_avg": 14.21,
            "equity": 2791421,
            "current_ratio": 174,
            "debt_ratio": 34.1,
            "inventory_turnover_ratio": 2.33,
            "account_receivable_turnover_ratio": 1.11,
            "reinvestment_rate": null,
            "research_to_sale_ratio": 0.34,
            "price_fair": 2.4,
            "eps_avg_yearly": 0.8,
            "eps_latest_yearly": 0.32,
            "eps_growth_yearly": -208.89
        },
        "20122": {
            "year_quarter": 20122,
            "year": 2012,
            "quarter": 2,
            "eps": -0.56,
            "eps_growth_year": null,
            "eps_4q": -1.13,
            "eps_4q_growth_year": null,
            "roe": -4.14,
            "roe_4q": -8.1,
            "gross_profit": 32640,
            "gross_margin": 2.08,
            "gross_margin_4q_avg": 3.19,
            "net_income": -113372,
            "net_income_4q": null,
            "revenue": 1565586,
            "revenue_4q": null,
            "common_shares": 2014677,
            "book_valuer_per_share": 13.31,
            "book_valuer_per_share_4q_avg": 14.04,
            "equity": 2682491,
            "current_ratio": 167.03,
            "debt_ratio": 35.26,
            "inventory_turnover_ratio": 2.45,
            "account_receivable_turnover_ratio": 1.11,
            "reinvestment_rate": null,
            "research_to_sale_ratio": 0.33,
            "price_fair": 2.4,
            "eps_avg_yearly": 0.8,
            "eps_latest_yearly": 0.32,
            "eps_growth_yearly": -208.89
        },
        "20123": {
            "year_quarter": 20123,
            "year": 2012,
            "quarter": 3,
            "eps": 0,
            "eps_growth_year": -94.67,
            "eps_4q": -1.2,
            "eps_4q_growth_year": null,
            "roe": 0.03,
            "roe_4q": -8.59,
            "gross_profit": 52215,
            "gross_margin": 2.99,
            "gross_margin_4q_avg": 2.93,
            "net_income": 799,
            "net_income_4q": null,
            "revenue": 1748474,
            "revenue_4q": null,
            "common_shares": 2014677,
            "book_valuer_per_share": 13.27,
            "book_valuer_per_share_4q_avg": 13.69,
            "equity": 2673005,
            "current_ratio": 154.11,
            "debt_ratio": 38.33,
            "inventory_turnover_ratio": 2.96,
            "account_receivable_turnover_ratio": 1.19,
            "reinvestment_rate": null,
            "research_to_sale_ratio": 0.27,
            "price_fair": 2.4,
            "eps_avg_yearly": 0.8,
            "eps_latest_yearly": 0.32,
            "eps_growth_yearly": -208.89
        },
        "20124": {
            "year_quarter": 20124,
            "year": 2012,
            "quarter": 4,
            "eps": -0.63,
            "eps_growth_year": null,
            "eps_4q": -1.46,
            "eps_4q_growth_year": null,
            "roe": -4.84,
            "roe_4q": -10.879999999999999,
            "gross_profit": 27992,
            "gross_margin": 1.82,
            "gross_margin_4q_avg": 2.35,
            "net_income": -126202,
            "net_income_4q": null,
            "revenue": 1540155,
            "revenue_4q": null,
            "common_shares": 2014677,
            "book_valuer_per_share": 12.63,
            "book_valuer_per_share_4q_avg": 13.27,
            "equity": 2544815,
            "current_ratio": 154.53,
            "debt_ratio": 37.69,
            "inventory_turnover_ratio": 2.92,
            "account_receivable_turnover_ratio": 1.08,
            "reinvestment_rate": null,
            "research_to_sale_ratio": 0.41,
            "price_fair": 2.4,
            "eps_avg_yearly": 0.8,
            "eps_latest_yearly": 0.32,
            "eps_growth_yearly": -208.89
        },
        "20131": {
            "year_quarter": 20131,
            "year": 2013,
            "quarter": 1,
            "eps": -0.08,
            "eps_growth_year": null,
            "eps_4q": -1.27,
            "eps_4q_growth_year": null,
            "roe": -0.64,
            "roe_4q": -9.59,
            "gross_profit": 47932,
            "gross_margin": 3.23,
            "gross_margin_4q_avg": 2.53,
            "net_income": -16303,
            "net_income_4q": null,
            "revenue": 1483645,
            "revenue_4q": null,
            "common_shares": 2014677,
            "book_valuer_per_share": 12.74,
            "book_valuer_per_share_4q_avg": 12.99,
            "equity": 2565693,
            "current_ratio": 141.96,
            "debt_ratio": 41.97,
            "inventory_turnover_ratio": 2.71,
            "account_receivable_turnover_ratio": 1.08,
            "reinvestment_rate": null,
            "research_to_sale_ratio": 0.32,
            "price_fair": 2.4,
            "eps_avg_yearly": 0.8,
            "eps_latest_yearly": 0.32,
            "eps_growth_yearly": -208.89
        },
        "20132": {
            "year_quarter": 20132,
            "year": 2013,
            "quarter": 2,
            "eps": 0.17,
            "eps_growth_year": null,
            "eps_4q": -0.53,
            "eps_4q_growth_year": null,
            "roe": 1.33,
            "roe_4q": -4.119999999999999,
            "gross_profit": 108518,
            "gross_margin": 5.98,
            "gross_margin_4q_avg": 3.51,
            "net_income": 34531,
            "net_income_4q": null,
            "revenue": 1813991,
            "revenue_4q": null,
            "common_shares": 2014677,
            "book_valuer_per_share": 13.02,
            "book_valuer_per_share_4q_avg": 12.92,
            "equity": 2622965,
            "current_ratio": 153.41,
            "debt_ratio": 38.28,
            "inventory_turnover_ratio": 3.24,
            "account_receivable_turnover_ratio": 1.22,
            "reinvestment_rate": null,
            "research_to_sale_ratio": 0.21,
            "price_fair": 2.4,
            "eps_avg_yearly": 0.8,
            "eps_latest_yearly": 0.32,
            "eps_growth_yearly": -208.89
        },
        "20133": {
            "year_quarter": 20133,
            "year": 2013,
            "quarter": 3,
            "eps": -0.1,
            "eps_growth_year": -2621.43,
            "eps_4q": -0.64,
            "eps_4q_growth_year": null,
            "roe": -0.8,
            "roe_4q": -4.95,
            "gross_profit": 77987,
            "gross_margin": 5.78,
            "gross_margin_4q_avg": 4.2,
            "net_income": -20779,
            "net_income_4q": null,
            "revenue": 1349719,
            "revenue_4q": null,
            "common_shares": 2014677,
            "book_valuer_per_share": 12.84,
            "book_valuer_per_share_4q_avg": 12.81,
            "equity": 2587569,
            "current_ratio": 172.83,
            "debt_ratio": 32.13,
            "inventory_turnover_ratio": 2.84,
            "account_receivable_turnover_ratio": 1.02,
            "reinvestment_rate": null,
            "research_to_sale_ratio": 0.26,
            "price_fair": 2.4,
            "eps_avg_yearly": 0.8,
            "eps_latest_yearly": 0.32,
            "eps_growth_yearly": -208.89
        },
        "20134": {
            "year_quarter": 20134,
            "year": 2013,
            "quarter": 4,
            "eps": 0.17,
            "eps_growth_year": null,
            "eps_4q": 0.15,
            "eps_4q_growth_year": null,
            "roe": 1.29,
            "roe_4q": 1.1800000000000002,
            "gross_profit": 87022,
            "gross_margin": 8.63,
            "gross_margin_4q_avg": 5.91,
            "net_income": 33713,
            "net_income_4q": null,
            "revenue": 1008600,
            "revenue_4q": null,
            "common_shares": 2014677,
            "book_valuer_per_share": 13.16,
            "book_valuer_per_share_4q_avg": 12.94,
            "equity": 2651207,
            "current_ratio": 191.3,
            "debt_ratio": 28.28,
            "inventory_turnover_ratio": 2.42,
            "account_receivable_turnover_ratio": 1.06,
            "reinvestment_rate": null,
            "research_to_sale_ratio": 0.13,
            "price_fair": 1.56,
            "eps_avg_yearly": 0.52,
            "eps_latest_yearly": 0.32,
            "eps_growth_yearly": -205.23
        },
        "20141": {
            "year_quarter": 20141,
            "year": 2014,
            "quarter": 1,
            "eps": -0.23,
            "eps_growth_year": null,
            "eps_4q": 0,
            "eps_4q_growth_year": null,
            "roe": -1.78,
            "roe_4q": 0.040000000000000036,
            "gross_profit": 9573,
            "gross_margin": 1.13,
            "gross_margin_4q_avg": 5.38,
            "net_income": -46732,
            "net_income_4q": null,
            "revenue": 848608,
            "revenue_4q": null,
            "common_shares": 2014677,
            "book_valuer_per_share": 12.88,
            "book_valuer_per_share_4q_avg": 12.98,
            "equity": 2595823,
            "current_ratio": 179.98,
            "debt_ratio": 31.13,
            "inventory_turnover_ratio": 2.26,
            "account_receivable_turnover_ratio": 1.08,
            "reinvestment_rate": null,
            "research_to_sale_ratio": 0.2,
            "price_fair": 0.96,
            "eps_avg_yearly": 0.32,
            "eps_latest_yearly": 0.32,
            "eps_growth_yearly": -222.22
        },
        "20142": {
            "year_quarter": 20142,
            "year": 2014,
            "quarter": 2,
            "eps": -0.1,
            "eps_growth_year": -158.82,
            "eps_4q": -0.26,
            "eps_4q_growth_year": null,
            "roe": -0.75,
            "roe_4q": -2.04,
            "gross_profit": 62924,
            "gross_margin": 5.58,
            "gross_margin_4q_avg": 5.28,
            "net_income": -19230,
            "net_income_4q": null,
            "revenue": 1128075,
            "revenue_4q": null,
            "common_shares": 2014677,
            "book_valuer_per_share": 12.65,
            "book_valuer_per_share_4q_avg": 12.88,
            "equity": 2547696,
            "current_ratio": 198.33,
            "debt_ratio": 27.26,
            "inventory_turnover_ratio": 2.9,
            "account_receivable_turnover_ratio": 1.32,
            "reinvestment_rate": null,
            "research_to_sale_ratio": 0.03,
            "price_fair": 0,
            "eps_avg_yearly": 0,
            "eps_latest_yearly": 0,
            "eps_growth_yearly": 0
        },
        "20143": {
            "year_quarter": 20143,
            "year": 2014,
            "quarter": 3,
            "eps": 0.02,
            "eps_growth_year": null,
            "eps_4q": -0.14,
            "eps_4q_growth_year": null,
            "roe": 0.18,
            "roe_4q": -1.06,
            "gross_profit": 30784,
            "gross_margin": 2.85,
            "gross_margin_4q_avg": 4.55,
            "net_income": 4586,
            "net_income_4q": null,
            "revenue": 1081162,
            "revenue_4q": null,
            "common_shares": 2014677,
            "book_valuer_per_share": 13.06,
            "book_valuer_per_share_4q_avg": 12.94,
            "equity": 2630985,
            "current_ratio": 181.5,
            "debt_ratio": 31.19,
            "inventory_turnover_ratio": 3.11,
            "account_receivable_turnover_ratio": 1.14,
            "reinvestment_rate": null,
            "research_to_sale_ratio": 0.02,
            "price_fair": 0,
            "eps_avg_yearly": 0,
            "eps_latest_yearly": 0,
            "eps_growth_yearly": 0
        },
        "20144": {
            "year_quarter": 20144,
            "year": 2014,
            "quarter": 4,
            "eps": -0.09,
            "eps_growth_year": -151.21,
            "eps_4q": -0.39,
            "eps_4q_growth_year": -352.36,
            "roe": -0.65,
            "roe_4q": -3,
            "gross_profit": -5493,
            "gross_margin": -0.69,
            "gross_margin_4q_avg": 2.22,
            "net_income": -17264,
            "net_income_4q": null,
            "revenue": 799316,
            "revenue_4q": null,
            "common_shares": 2014677,
            "book_valuer_per_share": 13.19,
            "book_valuer_per_share_4q_avg": 12.95,
            "equity": 2657283,
            "current_ratio": 219.97,
            "debt_ratio": 23.7,
            "inventory_turnover_ratio": 2.77,
            "account_receivable_turnover_ratio": 0.98,
            "reinvestment_rate": null,
            "research_to_sale_ratio": 0.05,
            "price_fair": 0,
            "eps_avg_yearly": 0,
            "eps_latest_yearly": 0,
            "eps_growth_yearly": 0
        },
        "20151": {
            "year_quarter": 20151,
            "year": 2015,
            "quarter": 1,
            "eps": -0.42,
            "eps_growth_year": null,
            "eps_4q": -0.58,
            "eps_4q_growth_year": -15962.01,
            "roe": -3.23,
            "roe_4q": -4.449999999999999,
            "gross_profit": -25337,
            "gross_margin": -4.86,
            "gross_margin_4q_avg": 0.72,
            "net_income": -84351,
            "net_income_4q": null,
            "revenue": 521544,
            "revenue_4q": null,
            "common_shares": 2014677,
            "book_valuer_per_share": 12.76,
            "book_valuer_per_share_4q_avg": 12.92,
            "equity": 2570855,
            "current_ratio": 230.83,
            "debt_ratio": 21.91,
            "inventory_turnover_ratio": 2.2,
            "account_receivable_turnover_ratio": 0.91,
            "reinvestment_rate": null,
            "research_to_sale_ratio": 0.1,
            "price_fair": 0,
            "eps_avg_yearly": 0,
            "eps_latest_yearly": 0,
            "eps_growth_yearly": 0
        },
        "20152": {
            "year_quarter": 20152,
            "year": 2015,
            "quarter": 2,
            "eps": -0.53,
            "eps_growth_year": null,
            "eps_4q": -1.01,
            "eps_4q_growth_year": null,
            "roe": -4.27,
            "roe_4q": -7.970000000000001,
            "gross_profit": -48669,
            "gross_margin": -11.02,
            "gross_margin_4q_avg": -3.43,
            "net_income": -106615,
            "net_income_4q": null,
            "revenue": 441698,
            "revenue_4q": null,
            "common_shares": 2014677,
            "book_valuer_per_share": 12.05,
            "book_valuer_per_share_4q_avg": 12.77,
            "equity": 2428302,
            "current_ratio": 278.89,
            "debt_ratio": 16.77,
            "inventory_turnover_ratio": 2.36,
            "account_receivable_turnover_ratio": 1.02,
            "reinvestment_rate": null,
            "research_to_sale_ratio": 0.09,
            "price_fair": 0,
            "eps_avg_yearly": 0,
            "eps_latest_yearly": 0,
            "eps_growth_yearly": 0
        },
        "20153": {
            "year_quarter": 20153,
            "year": 2015,
            "quarter": 3,
            "eps": -0.22,
            "eps_growth_year": -1200,
            "eps_4q": -1.25,
            "eps_4q_growth_year": null,
            "roe": -1.84,
            "roe_4q": -9.99,
            "gross_profit": -27341,
            "gross_margin": -6.3,
            "gross_margin_4q_avg": -5.72,
            "net_income": -44326,
            "net_income_4q": null,
            "revenue": 434072,
            "revenue_4q": null,
            "common_shares": 2014677,
            "book_valuer_per_share": 11.9,
            "book_valuer_per_share_4q_avg": 12.48,
            "equity": 2397649,
            "current_ratio": 286.54,
            "debt_ratio": 16.54,
            "inventory_turnover_ratio": 2.78,
            "account_receivable_turnover_ratio": 1.03,
            "reinvestment_rate": null,
            "research_to_sale_ratio": 0.06,
            "price_fair": 0,
            "eps_avg_yearly": 0,
            "eps_latest_yearly": 0,
            "eps_growth_yearly": 0
        },
        "20154": {
            "year_quarter": 20154,
            "year": 2015,
            "quarter": 4,
            "eps": -0.61,
            "eps_growth_year": null,
            "eps_4q": -1.78,
            "eps_4q_growth_year": null,
            "roe": -5.27,
            "roe_4q": -14.61,
            "gross_profit": -39637,
            "gross_margin": -11.55,
            "gross_margin_4q_avg": -8.43,
            "net_income": -123292,
            "net_income_4q": null,
            "revenue": 343202,
            "revenue_4q": null,
            "common_shares": 2014677,
            "book_valuer_per_share": 11.34,
            "book_valuer_per_share_4q_avg": 12.01,
            "equity": 2284361,
            "current_ratio": 273.18,
            "debt_ratio": 17.35,
            "inventory_turnover_ratio": 2.87,
            "account_receivable_turnover_ratio": 0.85,
            "reinvestment_rate": null,
            "research_to_sale_ratio": 0.03,
            "price_fair": 0,
            "eps_avg_yearly": 0,
            "eps_latest_yearly": 0,
            "eps_growth_yearly": 0
        },
        "20161": {
            "year_quarter": 20161,
            "year": 2016,
            "quarter": 1,
            "eps": -0.44,
            "eps_growth_year": null,
            "eps_4q": -1.8,
            "eps_4q_growth_year": null,
            "roe": -4.01,
            "roe_4q": -15.389999999999999,
            "gross_profit": -11812,
            "gross_margin": -4.14,
            "gross_margin_4q_avg": -8.25,
            "net_income": -88675,
            "net_income_4q": null,
            "revenue": 285303,
            "revenue_4q": null,
            "common_shares": 2014677,
            "book_valuer_per_share": 10.62,
            "book_valuer_per_share_4q_avg": 11.48,
            "equity": 2139009,
            "current_ratio": 282.66,
            "debt_ratio": 15.88,
            "inventory_turnover_ratio": 2.53,
            "account_receivable_turnover_ratio": 0.8,
            "reinvestment_rate": null,
            "research_to_sale_ratio": 0.47,
            "price_fair": 0,
            "eps_avg_yearly": 0,
            "eps_latest_yearly": 0,
            "eps_growth_yearly": 0
        },
        "20162": {
            "year_quarter": 20162,
            "year": 2016,
            "quarter": 2,
            "eps": -0.35,
            "eps_growth_year": null,
            "eps_4q": -1.62,
            "eps_4q_growth_year": null,
            "roe": -3.4,
            "roe_4q": -14.52,
            "gross_profit": -21651,
            "gross_margin": -7.49,
            "gross_margin_4q_avg": -7.37,
            "net_income": -70892,
            "net_income_4q": null,
            "revenue": 289009,
            "revenue_4q": null,
            "common_shares": 2014677,
            "book_valuer_per_share": 10.07,
            "book_valuer_per_share_4q_avg": 10.98,
            "equity": 2028954,
            "current_ratio": 243.56,
            "debt_ratio": 18.02,
            "inventory_turnover_ratio": 2.45,
            "account_receivable_turnover_ratio": 0.82,
            "reinvestment_rate": null,
            "research_to_sale_ratio": 1.69,
            "price_fair": 0,
            "eps_avg_yearly": 0,
            "eps_latest_yearly": 0,
            "eps_growth_yearly": 0
        },
        "20163": {
            "year_quarter": 20163,
            "year": 2016,
            "quarter": 3,
            "eps": -0.44,
            "eps_growth_year": null,
            "eps_4q": -1.85,
            "eps_4q_growth_year": null,
            "roe": -4.55,
            "roe_4q": -17.229999999999997,
            "gross_profit": -18605,
            "gross_margin": -5.59,
            "gross_margin_4q_avg": -7.19,
            "net_income": -89425,
            "net_income_4q": null,
            "revenue": 332632,
            "revenue_4q": null,
            "common_shares": 2014677,
            "book_valuer_per_share": 9.45,
            "book_valuer_per_share_4q_avg": 10.37,
            "equity": 1904082,
            "current_ratio": 232.26,
            "debt_ratio": 18.37,
            "inventory_turnover_ratio": 2.94,
            "account_receivable_turnover_ratio": 0.87,
            "reinvestment_rate": null,
            "research_to_sale_ratio": 2.34,
            "price_fair": 0,
            "eps_avg_yearly": 0,
            "eps_latest_yearly": 0,
            "eps_growth_yearly": 0
        },
        "20164": {
            "year_quarter": 20164,
            "year": 2016,
            "quarter": 4,
            "eps": -0.68,
            "eps_growth_year": null,
            "eps_4q": -1.91,
            "eps_4q_growth_year": null,
            "roe": -7.39,
            "roe_4q": -19.35,
            "gross_profit": -6232,
            "gross_margin": -2.22,
            "gross_margin_4q_avg": -4.86,
            "net_income": -136067,
            "net_income_4q": null,
            "revenue": 280194,
            "revenue_4q": null,
            "common_shares": 2014677,
            "book_valuer_per_share": 8.7,
            "book_valuer_per_share_4q_avg": 9.71,
            "equity": 1776364,
            "current_ratio": 161.11,
            "debt_ratio": 26.7,
            "inventory_turnover_ratio": 2.36,
            "account_receivable_turnover_ratio": 0.71,
            "reinvestment_rate": null,
            "research_to_sale_ratio": 3.09,
            "price_fair": 0,
            "eps_avg_yearly": 0,
            "eps_latest_yearly": 0,
            "eps_growth_yearly": 0
        },
        "20171": {
            "year_quarter": 20171,
            "year": 2017,
            "quarter": 1,
            "eps": -0.54,
            "eps_growth_year": null,
            "eps_4q": -2.01,
            "eps_4q_growth_year": null,
            "roe": -6.54,
            "roe_4q": -21.88,
            "gross_profit": -22308,
            "gross_margin": -8.38,
            "gross_margin_4q_avg": -5.92,
            "net_income": -111943,
            "net_income_4q": null,
            "revenue": 266084,
            "revenue_4q": null,
            "common_shares": 2014677,
            "book_valuer_per_share": 8.09,
            "book_valuer_per_share_4q_avg": 9.08,
            "equity": 1648747,
            "current_ratio": 191.68,
            "debt_ratio": 24,
            "inventory_turnover_ratio": 2.48,
            "account_receivable_turnover_ratio": 0.71,
            "reinvestment_rate": null,
            "research_to_sale_ratio": 3.43,
            "price_fair": 0,
            "eps_avg_yearly": 0,
            "eps_latest_yearly": 0,
            "eps_growth_yearly": 0
        },
        "20172": {
            "year_quarter": 20172,
            "year": 2017,
            "quarter": 2,
            "eps": -0.55,
            "eps_growth_year": null,
            "eps_4q": -2.21,
            "eps_4q_growth_year": null,
            "roe": -7.36,
            "roe_4q": -25.84,
            "gross_profit": -14294,
            "gross_margin": -5.96,
            "gross_margin_4q_avg": -5.54,
            "net_income": -117262,
            "net_income_4q": null,
            "revenue": 239975,
            "revenue_4q": null,
            "common_shares": 2014677,
            "book_valuer_per_share": 7.57,
            "book_valuer_per_share_4q_avg": 8.45,
            "equity": 1538365,
            "current_ratio": 177.38,
            "debt_ratio": 26.17,
            "inventory_turnover_ratio": 2.89,
            "account_receivable_turnover_ratio": 0.7,
            "reinvestment_rate": null,
            "research_to_sale_ratio": 3.28,
            "price_fair": 0,
            "eps_avg_yearly": 0,
            "eps_latest_yearly": 0,
            "eps_growth_yearly": 0
        },
        "20173": {
            "year_quarter": 20173,
            "year": 2017,
            "quarter": 3,
            "eps": -0.35,
            "eps_growth_year": null,
            "eps_4q": -2.11,
            "eps_4q_growth_year": null,
            "roe": -5.02,
            "roe_4q": -26.31,
            "gross_profit": -9757,
            "gross_margin": -3.16,
            "gross_margin_4q_avg": -4.93,
            "net_income": -75522,
            "net_income_4q": null,
            "revenue": 308321,
            "revenue_4q": null,
            "common_shares": 2014677,
            "book_valuer_per_share": 7.25,
            "book_valuer_per_share_4q_avg": 7.9,
            "equity": 1467819,
            "current_ratio": 157.81,
            "debt_ratio": 30.87,
            "inventory_turnover_ratio": 3.79,
            "account_receivable_turnover_ratio": 0.86,
            "reinvestment_rate": null,
            "research_to_sale_ratio": 2.42,
            "price_fair": 0,
            "eps_avg_yearly": 0,
            "eps_latest_yearly": 0,
            "eps_growth_yearly": 0
        },
        "20174": {
            "year_quarter": 20174,
            "year": 2017,
            "quarter": 4,
            "eps": -1.07,
            "eps_growth_year": null,
            "eps_4q": -3,
            "eps_4q_growth_year": null,
            "roe": -11.8,
            "roe_4q": -30.72,
            "gross_profit": -26733,
            "gross_margin": -5.86,
            "gross_margin_4q_avg": -5.84,
            "net_income": -165562,
            "net_income_4q": null,
            "revenue": 456083,
            "revenue_4q": null,
            "common_shares": 1504145,
            "book_valuer_per_share": 8.86,
            "book_valuer_per_share_4q_avg": 7.94,
            "equity": 1338243,
            "current_ratio": 142.12,
            "debt_ratio": 39.44,
            "inventory_turnover_ratio": 4.93,
            "account_receivable_turnover_ratio": 1.01,
            "reinvestment_rate": null,
            "research_to_sale_ratio": 1.47,
            "price_fair": 0,
            "eps_avg_yearly": 0,
            "eps_latest_yearly": 0,
            "eps_growth_yearly": 0
        },
        "20181": {
            "year_quarter": 20181,
            "year": 2018,
            "quarter": 1,
            "eps": -0.59,
            "eps_growth_year": null,
            "eps_4q": -2.86,
            "eps_4q_growth_year": null,
            "roe": -7.16,
            "roe_4q": -31.34,
            "gross_profit": -20053,
            "gross_margin": -5.54,
            "gross_margin_4q_avg": -5.13,
            "net_income": -92760,
            "net_income_4q": null,
            "revenue": 361895,
            "revenue_4q": null,
            "common_shares": 1504145,
            "book_valuer_per_share": 8.32,
            "book_valuer_per_share_4q_avg": 8,
            "equity": 1251762,
            "current_ratio": 131.22,
            "debt_ratio": 40.96,
            "inventory_turnover_ratio": 3.2,
            "account_receivable_turnover_ratio": 0.8,
            "reinvestment_rate": null,
            "research_to_sale_ratio": 1.74,
            "price_fair": 0,
            "eps_avg_yearly": 0,
            "eps_latest_yearly": 0,
            "eps_growth_yearly": 0
        },
        "20182": {
            "year_quarter": 20182,
            "year": 2018,
            "quarter": 2,
            "eps": -0.5,
            "eps_growth_year": null,
            "eps_4q": -2.63,
            "eps_4q_growth_year": null,
            "roe": -5.89,
            "roe_4q": -29.87,
            "gross_profit": -25208,
            "gross_margin": -10.35,
            "gross_margin_4q_avg": -6.23,
            "net_income": -71535,
            "net_income_4q": null,
            "revenue": 243495,
            "revenue_4q": null,
            "common_shares": 1504145,
            "book_valuer_per_share": 7.79,
            "book_valuer_per_share_4q_avg": 8.06,
            "equity": 1176827,
            "current_ratio": 130.34,
            "debt_ratio": 35.25,
            "inventory_turnover_ratio": 2.1,
            "account_receivable_turnover_ratio": 0.68,
            "reinvestment_rate": null,
            "research_to_sale_ratio": 1.96,
            "price_fair": 0,
            "eps_avg_yearly": 0,
            "eps_latest_yearly": 0,
            "eps_growth_yearly": 0
        },
        "20183": {
            "year_quarter": 20183,
            "year": 2018,
            "quarter": 3,
            "eps": -0.02,
            "eps_growth_year": null,
            "eps_4q": -2.18,
            "eps_4q_growth_year": null,
            "roe": -0.37,
            "roe_4q": -25.22,
            "gross_profit": -12912,
            "gross_margin": -4.24,
            "gross_margin_4q_avg": -6.5,
            "net_income": -4295,
            "net_income_4q": null,
            "revenue": 304863,
            "revenue_4q": null,
            "common_shares": 1504145,
            "book_valuer_per_share": 7.68,
            "book_valuer_per_share_4q_avg": 8.16,
            "equity": 1158140,
            "current_ratio": 119.99,
            "debt_ratio": 38.4,
            "inventory_turnover_ratio": 2.92,
            "account_receivable_turnover_ratio": 0.87,
            "reinvestment_rate": null,
            "research_to_sale_ratio": 1.61,
            "price_fair": 0,
            "eps_avg_yearly": 0,
            "eps_latest_yearly": 0,
            "eps_growth_yearly": 0
        },
        "20184": {
            "year_quarter": 20184,
            "year": 2018,
            "quarter": 4,
            "eps": -1.01,
            "eps_growth_year": null,
            "eps_4q": -2.13,
            "eps_4q_growth_year": null,
            "roe": -14.41,
            "roe_4q": -27.83,
            "gross_profit": -26178,
            "gross_margin": -7.04,
            "gross_margin_4q_avg": -6.79,
            "net_income": -155876,
            "net_income_4q": null,
            "revenue": 372049,
            "revenue_4q": null,
            "common_shares": 1504145,
            "book_valuer_per_share": 6.68,
            "book_valuer_per_share_4q_avg": 7.62,
            "equity": 1004916,
            "current_ratio": 112.02,
            "debt_ratio": 40.51,
            "inventory_turnover_ratio": 4.52,
            "account_receivable_turnover_ratio": 1.04,
            "reinvestment_rate": null,
            "research_to_sale_ratio": 1.15,
            "price_fair": 0,
            "eps_avg_yearly": 0,
            "eps_latest_yearly": 0,
            "eps_growth_yearly": 0
        },
        "20191": {
            "year_quarter": 20191,
            "year": 2019,
            "quarter": 1,
            "eps": -0.51,
            "eps_growth_year": null,
            "eps_4q": -2.05,
            "eps_4q_growth_year": null,
            "roe": -7.94,
            "roe_4q": -28.610000000000003,
            "gross_profit": -12274,
            "gross_margin": -3.98,
            "gross_margin_4q_avg": -6.4,
            "net_income": -76980,
            "net_income_4q": null,
            "revenue": 308145,
            "revenue_4q": null,
            "common_shares": 1504145,
            "book_valuer_per_share": 6.2,
            "book_valuer_per_share_4q_avg": 7.09,
            "equity": 933199,
            "current_ratio": 117.87,
            "debt_ratio": 36.12,
            "inventory_turnover_ratio": 3.97,
            "account_receivable_turnover_ratio": 1.08,
            "reinvestment_rate": null,
            "research_to_sale_ratio": 1.37,
            "price_fair": 0,
            "eps_avg_yearly": 0,
            "eps_latest_yearly": 0,
            "eps_growth_yearly": 0
        },
        "20192": {
            "year_quarter": 20192,
            "year": 2019,
            "quarter": 2,
            "eps": -0.71,
            "eps_growth_year": null,
            "eps_4q": -2.25,
            "eps_4q_growth_year": null,
            "roe": -12.06,
            "roe_4q": -34.779999999999994,
            "gross_profit": -40750,
            "gross_margin": -20.99,
            "gross_margin_4q_avg": -9.06,
            "net_income": -106013,
            "net_income_4q": null,
            "revenue": 194167,
            "revenue_4q": null,
            "common_shares": 1504145,
            "book_valuer_per_share": 5.49,
            "book_valuer_per_share_4q_avg": 6.51,
            "equity": 825022,
            "current_ratio": 106.31,
            "debt_ratio": 40.1,
            "inventory_turnover_ratio": 2.87,
            "account_receivable_turnover_ratio": 0.87,
            "reinvestment_rate": null,
            "research_to_sale_ratio": 2.31,
            "price_fair": 0,
            "eps_avg_yearly": 0,
            "eps_latest_yearly": 0,
            "eps_growth_yearly": 0
        },
        "20193": {
            "year_quarter": 20193,
            "year": 2019,
            "quarter": 3,
            "eps": -0.78,
            "eps_growth_year": null,
            "eps_4q": -3.02,
            "eps_4q_growth_year": null,
            "roe": -15.5,
            "roe_4q": -49.91,
            "gross_profit": -1949,
            "gross_margin": -1,
            "gross_margin_4q_avg": -8.25,
            "net_income": -118471,
            "net_income_4q": null,
            "revenue": 194234,
            "revenue_4q": null,
            "common_shares": 1504145,
            "book_valuer_per_share": 4.68,
            "book_valuer_per_share_4q_avg": 5.76,
            "equity": 703422,
            "current_ratio": 93.72,
            "debt_ratio": 44.77,
            "inventory_turnover_ratio": 2.46,
            "account_receivable_turnover_ratio": 0.93,
            "reinvestment_rate": null,
            "research_to_sale_ratio": 2.23,
            "price_fair": 0,
            "eps_avg_yearly": 0,
            "eps_latest_yearly": 0,
            "eps_growth_yearly": 0
        },
        "20194": {
            "year_quarter": 20194,
            "year": 2019,
            "quarter": 4,
            "eps": -0.37,
            "eps_growth_year": null,
            "eps_4q": -2.37,
            "eps_4q_growth_year": null,
            "roe": -8.15,
            "roe_4q": -43.65,
            "gross_profit": -3831,
            "gross_margin": -1.64,
            "gross_margin_4q_avg": -6.9,
            "net_income": -55075,
            "net_income_4q": null,
            "revenue": 233643,
            "revenue_4q": null,
            "common_shares": 1504145,
            "book_valuer_per_share": 4.31,
            "book_valuer_per_share_4q_avg": 5.17,
            "equity": 648758,
            "current_ratio": 97.48,
            "debt_ratio": 48.75,
            "inventory_turnover_ratio": 3.21,
            "account_receivable_turnover_ratio": 1.12,
            "reinvestment_rate": null,
            "research_to_sale_ratio": 1.56,
            "price_fair": 0,
            "eps_avg_yearly": 0,
            "eps_latest_yearly": 0,
            "eps_growth_yearly": 0
        },
        "20201": {
            "year_quarter": 20201,
            "year": 2020,
            "quarter": 1,
            "eps": -0.44,
            "eps_growth_year": null,
            "eps_4q": -2.29,
            "eps_4q_growth_year": null,
            "roe": -10.65,
            "roe_4q": -46.36,
            "gross_profit": 3195,
            "gross_margin": 2.62,
            "gross_margin_4q_avg": -5.25,
            "net_income": -65601,
            "net_income_4q": null,
            "revenue": 121792,
            "revenue_4q": null,
            "common_shares": 1504145,
            "book_valuer_per_share": 3.88,
            "book_valuer_per_share_4q_avg": 4.59,
            "equity": 583414,
            "current_ratio": 91.25,
            "debt_ratio": 48.6,
            "inventory_turnover_ratio": 1.62,
            "account_receivable_turnover_ratio": 0.71,
            "reinvestment_rate": null,
            "research_to_sale_ratio": 2.05,
            "price_fair": 0,
            "eps_avg_yearly": 0,
            "eps_latest_yearly": 0,
            "eps_growth_yearly": 0
        },
        "20202": {
            "year_quarter": 20202,
            "year": 2020,
            "quarter": 2,
            "eps": -0.23,
            "eps_growth_year": null,
            "eps_4q": -1.82,
            "eps_4q_growth_year": null,
            "roe": -6.23,
            "roe_4q": -40.53,
            "gross_profit": -3290,
            "gross_margin": -1.13,
            "gross_margin_4q_avg": -0.29,
            "net_income": -35278,
            "net_income_4q": null,
            "revenue": 290238,
            "revenue_4q": null,
            "common_shares": 1504145,
            "book_valuer_per_share": 3.65,
            "book_valuer_per_share_4q_avg": 4.13,
            "equity": 548742,
            "current_ratio": 90.37,
            "debt_ratio": 58.78,
            "inventory_turnover_ratio": 4.23,
            "account_receivable_turnover_ratio": 1.36,
            "reinvestment_rate": null,
            "research_to_sale_ratio": 0.85,
            "price_fair": 0,
            "eps_avg_yearly": 0,
            "eps_latest_yearly": 0,
            "eps_growth_yearly": 0
        },
        "20203": {
            "year_quarter": 20203,
            "year": 2020,
            "quarter": 3,
            "eps": 2.75,
            "eps_growth_year": null,
            "eps_4q": 1.71,
            "eps_4q_growth_year": null,
            "roe": 54.69,
            "roe_4q": 29.659999999999997,
            "gross_profit": 78946,
            "gross_margin": 18.3,
            "gross_margin_4q_avg": 4.54,
            "net_income": 413833,
            "net_income_4q": null,
            "revenue": 431387,
            "revenue_4q": null,
            "common_shares": 1504145,
            "book_valuer_per_share": 6.41,
            "book_valuer_per_share_4q_avg": 4.56,
            "equity": 964511,
            "current_ratio": 155.06,
            "debt_ratio": 49.95,
            "inventory_turnover_ratio": 4.96,
            "account_receivable_turnover_ratio": 1.33,
            "reinvestment_rate": null,
            "research_to_sale_ratio": 0.57,
            "price_fair": 0,
            "eps_avg_yearly": 0,
            "eps_latest_yearly": 0,
            "eps_growth_yearly": 0
        },
        "20204": {
            "year_quarter": 20204,
            "year": 2020,
            "quarter": 4,
            "eps": 0.55,
            "eps_growth_year": null,
            "eps_4q": 2.63,
            "eps_4q_growth_year": null,
            "roe": 8.28,
            "roe_4q": 46.089999999999996,
            "gross_profit": 29616,
            "gross_margin": 12.24,
            "gross_margin_4q_avg": 8.01,
            "net_income": 83139,
            "net_income_4q": null,
            "revenue": 241949,
            "revenue_4q": null,
            "common_shares": 1504145,
            "book_valuer_per_share": 6.94,
            "book_valuer_per_share_4q_avg": 5.22,
            "equity": 1043367,
            "current_ratio": 215.09,
            "debt_ratio": 34.59,
            "inventory_turnover_ratio": 2.41,
            "account_receivable_turnover_ratio": 0.8,
            "reinvestment_rate": null,
            "research_to_sale_ratio": 0.96,
            "price_fair": 6.6,
            "eps_avg_yearly": 2.2,
            "eps_latest_yearly": 2.2,
            "eps_growth_yearly": -320
        },
        "20211": {
            "year_quarter": 20211,
            "year": 2021,
            "quarter": 1,
            "eps": 0.01,
            "eps_growth_year": null,
            "eps_4q": 3.08,
            "eps_4q_growth_year": null,
            "roe": 0.14,
            "roe_4q": 56.879999999999995,
            "gross_profit": 8377,
            "gross_margin": 6.36,
            "gross_margin_4q_avg": 8.94,
            "net_income": 1511,
            "net_income_4q": null,
            "revenue": 131613,
            "revenue_4q": null,
            "common_shares": 1504145,
            "book_valuer_per_share": 6.95,
            "book_valuer_per_share_4q_avg": 5.99,
            "equity": 1045254,
            "current_ratio": 251.36,
            "debt_ratio": 27.28,
            "inventory_turnover_ratio": 1.16,
            "account_receivable_turnover_ratio": 0.73,
            "reinvestment_rate": null,
            "research_to_sale_ratio": 1.56,
            "price_fair": 3.36,
            "eps_avg_yearly": 1.12,
            "eps_latest_yearly": 0.04,
            "eps_growth_yearly": -356.36
        },
        "20212": {
            "year_quarter": 20212,
            "year": 2021,
            "quarter": 2,
            "eps": -0.62,
            "eps_growth_year": null,
            "eps_4q": 2.69,
            "eps_4q_growth_year": null,
            "roe": -9.34,
            "roe_4q": 53.769999999999996,
            "gross_profit": 4443,
            "gross_margin": 4.76,
            "gross_margin_4q_avg": 10.42,
            "net_income": -93334,
            "net_income_4q": null,
            "revenue": 93321,
            "revenue_4q": null,
            "common_shares": 1504145,
            "book_valuer_per_share": 6.34,
            "book_valuer_per_share_4q_avg": 6.66,
            "equity": 953717,
            "current_ratio": 256.72,
            "debt_ratio": 27.19,
            "inventory_turnover_ratio": 0.7,
            "account_receivable_turnover_ratio": 0.91,
            "reinvestment_rate": null,
            "research_to_sale_ratio": 3.54,
            "price_fair": 3.36,
            "eps_avg_yearly": 1.12,
            "eps_latest_yearly": 0.04,
            "eps_growth_yearly": -356.36
        },
        "20213": {
            "year_quarter": 20213,
            "year": 2021,
            "quarter": 3,
            "eps": 0.22,
            "eps_growth_year": -92,
            "eps_4q": 0.17,
            "eps_4q_growth_year": -90.33,
            "roe": 3.46,
            "roe_4q": 2.539999999999999,
            "gross_profit": -5380,
            "gross_margin": -9.81,
            "gross_margin_4q_avg": 3.39,
            "net_income": 33611,
            "net_income_4q": null,
            "revenue": 54837,
            "revenue_4q": null,
            "common_shares": 1504145,
            "book_valuer_per_share": 6.57,
            "book_valuer_per_share_4q_avg": 6.7,
            "equity": 987677,
            "current_ratio": 279.01,
            "debt_ratio": 23.37,
            "inventory_turnover_ratio": 0.42,
            "account_receivable_turnover_ratio": 0.67,
            "reinvestment_rate": null,
            "research_to_sale_ratio": 5.38,
            "price_fair": 3.36,
            "eps_avg_yearly": 1.12,
            "eps_latest_yearly": 0.04,
            "eps_growth_yearly": -356.36
        },
        "20214": {
            "year_quarter": 20214,
            "year": 2021,
            "quarter": 4,
            "eps": 0.26,
            "eps_growth_year": -52.28,
            "eps_4q": -0.12,
            "eps_4q_growth_year": -104.68,
            "roe": 3.94,
            "roe_4q": -1.7999999999999994,
            "gross_profit": 354,
            "gross_margin": 0.47,
            "gross_margin_4q_avg": 0.45,
            "net_income": 39674,
            "net_income_4q": null,
            "revenue": 76045,
            "revenue_4q": null,
            "common_shares": 1504145,
            "book_valuer_per_share": 6.82,
            "book_valuer_per_share_4q_avg": 6.67,
            "equity": 1026304,
            "current_ratio": 500.22,
            "debt_ratio": 13.64,
            "inventory_turnover_ratio": 0.55,
            "account_receivable_turnover_ratio": 1.1,
            "reinvestment_rate": null,
            "research_to_sale_ratio": 3.63,
            "price_fair": 3.28,
            "eps_avg_yearly": 1.09,
            "eps_latest_yearly": 1.04,
            "eps_growth_yearly": -213.33
        },
        "20221": {
            "year_quarter": 20221,
            "year": 2022,
            "quarter": 1,
            "eps": 0.05,
            "eps_growth_year": 400,
            "eps_4q": -0.09,
            "eps_4q_growth_year": -102.85,
            "roe": 0.66,
            "roe_4q": -1.2800000000000011,
            "gross_profit": 663,
            "gross_margin": 1.22,
            "gross_margin_4q_avg": -0.84,
            "net_income": 6846,
            "net_income_4q": null,
            "revenue": 54136,
            "revenue_4q": null,
            "common_shares": 1504145,
            "book_valuer_per_share": 6.92,
            "book_valuer_per_share_4q_avg": 6.66,
            "equity": 1040705,
            "current_ratio": 418.03,
            "debt_ratio": 16.23,
            "inventory_turnover_ratio": 0.41,
            "account_receivable_turnover_ratio": 0.84,
            "reinvestment_rate": null,
            "research_to_sale_ratio": 5.39,
            "price_fair": 2.61,
            "eps_avg_yearly": 0.87,
            "eps_latest_yearly": 0.2,
            "eps_growth_yearly": -240.77
        },
        "20222": {
            "year_quarter": 20222,
            "year": 2022,
            "quarter": 2,
            "eps": -0.77,
            "eps_growth_year": null,
            "eps_4q": -0.24,
            "eps_4q_growth_year": -108.81,
            "roe": -11.62,
            "roe_4q": -3.5599999999999996,
            "gross_profit": -10051,
            "gross_margin": -13.43,
            "gross_margin_4q_avg": -5.39,
            "net_income": -115827,
            "net_income_4q": null,
            "revenue": 74858,
            "revenue_4q": null,
            "common_shares": 1504145,
            "book_valuer_per_share": 6.33,
            "book_valuer_per_share_4q_avg": 6.66,
            "equity": 952027,
            "current_ratio": 417.81,
            "debt_ratio": 16.81,
            "inventory_turnover_ratio": 0.74,
            "account_receivable_turnover_ratio": 1.11,
            "reinvestment_rate": null,
            "research_to_sale_ratio": 3.81,
            "price_fair": 2.61,
            "eps_avg_yearly": 0.87,
            "eps_latest_yearly": 0.2,
            "eps_growth_yearly": -240.77
        },
        "20223": {
            "year_quarter": 20223,
            "year": 2022,
            "quarter": 3,
            "eps": -0.13,
            "eps_growth_year": -159.09,
            "eps_4q": -0.59,
            "eps_4q_growth_year": -455.49,
            "roe": -2.01,
            "roe_4q": -9.03,
            "gross_profit": 608,
            "gross_margin": 1.36,
            "gross_margin_4q_avg": -2.6,
            "net_income": -19362,
            "net_income_4q": null,
            "revenue": 44630,
            "revenue_4q": null,
            "common_shares": 1504145,
            "book_valuer_per_share": 6.46,
            "book_valuer_per_share_4q_avg": 6.63,
            "equity": 972154,
            "current_ratio": 835.24,
            "debt_ratio": 11.05,
            "inventory_turnover_ratio": 0.48,
            "account_receivable_turnover_ratio": 0.72,
            "reinvestment_rate": null,
            "research_to_sale_ratio": 4.86,
            "price_fair": 2.61,
            "eps_avg_yearly": 0.87,
            "eps_latest_yearly": 0.2,
            "eps_growth_yearly": -240.77
        },
        "20224": {
            "year_quarter": 20224,
            "year": 2022,
            "quarter": 4,
            "eps": -0.19,
            "eps_growth_year": -172.98,
            "eps_4q": -1.05,
            "eps_4q_growth_year": null,
            "roe": -2.26,
            "roe_4q": -15.229999999999999,
            "gross_profit": 6225,
            "gross_margin": 9.67,
            "gross_margin_4q_avg": -0.3,
            "net_income": -28956,
            "net_income_4q": null,
            "revenue": 64365,
            "revenue_4q": null,
            "common_shares": 1504145,
            "book_valuer_per_share": 10.04,
            "book_valuer_per_share_4q_avg": 7.44,
            "equity": 1585511,
            "current_ratio": 1314.23,
            "debt_ratio": 8.7,
            "inventory_turnover_ratio": 0.75,
            "account_receivable_turnover_ratio": 1.16,
            "reinvestment_rate": null,
            "research_to_sale_ratio": 3.64,
            "price_fair": 2.61,
            "eps_avg_yearly": 0.87,
            "eps_latest_yearly": 0.2,
            "eps_growth_yearly": -240.77
        },
        "20231": {
            "year_quarter": 20231,
            "year": 2023,
            "quarter": 1,
            "eps": -0.02,
            "eps_growth_year": -140,
            "eps_4q": -1.11,
            "eps_4q_growth_year": null,
            "roe": -0.2,
            "roe_4q": -16.09,
            "gross_profit": 5546,
            "gross_margin": 10.8,
            "gross_margin_4q_avg": 2.1,
            "net_income": -3133,
            "net_income_4q": null,
            "revenue": 51332,
            "revenue_4q": null,
            "common_shares": 1504145,
            "book_valuer_per_share": 9.97,
            "book_valuer_per_share_4q_avg": 8.2,
            "equity": 1574956,
            "current_ratio": 1342.9,
            "debt_ratio": 8.51,
            "inventory_turnover_ratio": 0.7,
            "account_receivable_turnover_ratio": 0.94,
            "reinvestment_rate": null,
            "research_to_sale_ratio": 3.46,
            "price_fair": 2.61,
            "eps_avg_yearly": 0.87,
            "eps_latest_yearly": 0.2,
            "eps_growth_yearly": -240.77
        },
        "20232": {
            "year_quarter": 20232,
            "year": 2023,
            "quarter": 2,
            "eps": -0.23,
            "eps_growth_year": null,
            "eps_4q": -0.57,
            "eps_4q_growth_year": null,
            "roe": -2.21,
            "roe_4q": -6.68,
            "gross_profit": -1769,
            "gross_margin": -2.65,
            "gross_margin_4q_avg": 4.8,
            "net_income": -34093,
            "net_income_4q": null,
            "revenue": 66695,
            "revenue_4q": null,
            "common_shares": 1504145,
            "book_valuer_per_share": 9.6,
            "book_valuer_per_share_4q_avg": 9.02,
            "equity": 1516135,
            "current_ratio": 1399.34,
            "debt_ratio": 8.29,
            "inventory_turnover_ratio": 1.27,
            "account_receivable_turnover_ratio": 1.21,
            "reinvestment_rate": -5301.24,
            "research_to_sale_ratio": 4.3,
            "price_fair": 2.61,
            "eps_avg_yearly": 0.87,
            "eps_latest_yearly": 0.2,
            "eps_growth_yearly": -240.77
        },
        "20233": {
            "year_quarter": 20233,
            "year": 2023,
            "quarter": 3,
            "eps": 0.06,
            "eps_growth_year": null,
            "eps_4q": -0.38,
            "eps_4q_growth_year": null,
            "roe": 0.59,
            "roe_4q": -4.08,
            "gross_profit": 11157,
            "gross_margin": 15.99,
            "gross_margin_4q_avg": 8.45,
            "net_income": 8947,
            "net_income_4q": null,
            "revenue": 69786,
            "revenue_4q": null,
            "common_shares": 1504145,
            "book_valuer_per_share": 9.72,
            "book_valuer_per_share_4q_avg": 9.83,
            "equity": 1536490,
            "current_ratio": 1425.97,
            "debt_ratio": 8.18,
            "inventory_turnover_ratio": 1.4,
            "account_receivable_turnover_ratio": 1.13,
            "reinvestment_rate": -339.23,
            "research_to_sale_ratio": 1.83,
            "price_fair": 2.61,
            "eps_avg_yearly": 0.87,
            "eps_latest_yearly": 0.2,
            "eps_growth_yearly": -240.77
        },
        "20234": {
            "year_quarter": 20234,
            "year": 2023,
            "quarter": 4,
            "eps": -0.1,
            "eps_growth_year": null,
            "eps_4q": -0.29,
            "eps_4q_growth_year": null,
            "roe": -0.98,
            "roe_4q": -2.8000000000000003,
            "gross_profit": 16378,
            "gross_margin": 23.8,
            "gross_margin_4q_avg": 11.99,
            "net_income": -14894,
            "net_income_4q": null,
            "revenue": 68829,
            "revenue_4q": null,
            "common_shares": 1504145,
            "book_valuer_per_share": 9.5,
            "book_valuer_per_share_4q_avg": 9.7,
            "equity": 1502711,
            "current_ratio": 1212.92,
            "debt_ratio": 9.23,
            "inventory_turnover_ratio": 1,
            "account_receivable_turnover_ratio": 1.21,
            "reinvestment_rate": -223.35,
            "research_to_sale_ratio": 2.65,
            "price_fair": 2.61,
            "eps_avg_yearly": 0.87,
            "eps_latest_yearly": 0.2,
            "eps_growth_yearly": -240.77
        }
    },
    "months": {
        "2001-06": {
            "month": "2001-06",
            "price": "4.44",
            "revenue": 247973
        },
        "2001-07": {
            "month": "2001-07",
            "price": "3.70",
            "revenue": 247927
        },
        "2001-08": {
            "month": "2001-08",
            "price": "3.90",
            "revenue": 257437
        },
        "2001-09": {
            "month": "2001-09",
            "price": "3.66",
            "revenue": 172470
        },
        "2001-10": {
            "month": "2001-10",
            "price": "3.05",
            "revenue": 129081
        },
        "2001-11": {
            "month": "2001-11",
            "price": "2.80",
            "revenue": 164678
        },
        "2001-12": {
            "month": "2001-12",
            "price": "3.26",
            "revenue": 130965
        },
        "2002-01": {
            "month": "2002-01",
            "price": "3.36",
            "revenue": 138734
        },
        "2002-02": {
            "month": "2002-02",
            "price": "3.88",
            "revenue": 113332
        },
        "2002-03": {
            "month": "2002-03",
            "price": "5.35",
            "revenue": 155234
        },
        "2002-04": {
            "month": "2002-04",
            "price": "8.46",
            "revenue": 156100
        },
        "2002-05": {
            "month": "2002-05",
            "price": "11.17",
            "revenue": 143945
        },
        "2002-06": {
            "month": "2002-06",
            "price": "9.54",
            "revenue": 131401
        },
        "2002-07": {
            "month": "2002-07",
            "price": "8.85",
            "revenue": 154926
        },
        "2002-08": {
            "month": "2002-08",
            "price": "7.59",
            "revenue": 171913
        },
        "2002-09": {
            "month": "2002-09",
            "price": "8.82",
            "revenue": 167306
        },
        "2002-10": {
            "month": "2002-10",
            "price": "7.39",
            "revenue": 204152
        },
        "2002-11": {
            "month": "2002-11",
            "price": "7.68",
            "revenue": 164658
        },
        "2002-12": {
            "month": "2002-12",
            "price": "7.26",
            "revenue": 167601
        },
        "2003-01": {
            "month": "2003-01",
            "price": "10.36",
            "revenue": 236326
        },
        "2003-02": {
            "month": "2003-02",
            "price": "11.34",
            "revenue": 153795
        },
        "2003-03": {
            "month": "2003-03",
            "price": "10.61",
            "revenue": 123681
        },
        "2003-04": {
            "month": "2003-04",
            "price": "10.56",
            "revenue": 153370
        },
        "2003-05": {
            "month": "2003-05",
            "price": "11.05",
            "revenue": 150178
        },
        "2003-06": {
            "month": "2003-06",
            "price": "11.92",
            "revenue": 215028
        },
        "2003-07": {
            "month": "2003-07",
            "price": "14.51",
            "revenue": 291457
        },
        "2003-08": {
            "month": "2003-08",
            "price": "14.56",
            "revenue": 199700
        },
        "2003-09": {
            "month": "2003-09",
            "price": "14.99",
            "revenue": 228549
        },
        "2003-10": {
            "month": "2003-10",
            "price": "16.64",
            "revenue": 271039
        },
        "2003-11": {
            "month": "2003-11",
            "price": "19.88",
            "revenue": 264892
        },
        "2003-12": {
            "month": "2003-12",
            "price": "19.16",
            "revenue": 228716
        },
        "2004-01": {
            "month": "2004-01",
            "price": "20.35",
            "revenue": 214350
        },
        "2004-02": {
            "month": "2004-02",
            "price": "27.39",
            "revenue": 282716
        },
        "2004-03": {
            "month": "2004-03",
            "price": "27.28",
            "revenue": 333109
        },
        "2004-04": {
            "month": "2004-04",
            "price": "27.40",
            "revenue": 323763
        },
        "2004-05": {
            "month": "2004-05",
            "price": "23.72",
            "revenue": 338897
        },
        "2004-06": {
            "month": "2004-06",
            "price": "22.52",
            "revenue": 261502
        },
        "2004-07": {
            "month": "2004-07",
            "price": "20.96",
            "revenue": 236024
        },
        "2004-08": {
            "month": "2004-08",
            "price": "18.54",
            "revenue": 275477
        },
        "2004-09": {
            "month": "2004-09",
            "price": "21.17",
            "revenue": 381231
        },
        "2004-10": {
            "month": "2004-10",
            "price": "21.74",
            "revenue": 376604
        },
        "2004-11": {
            "month": "2004-11",
            "price": "19.88",
            "revenue": 303214
        },
        "2004-12": {
            "month": "2004-12",
            "price": "19.95",
            "revenue": 277047
        },
        "2005-01": {
            "month": "2005-01",
            "price": "18.99",
            "revenue": 331990
        },
        "2005-02": {
            "month": "2005-02",
            "price": "16.89",
            "revenue": 234236
        },
        "2005-03": {
            "month": "2005-03",
            "price": "18.84",
            "revenue": 378127
        },
        "2005-04": {
            "month": "2005-04",
            "price": "18.17",
            "revenue": 410758
        },
        "2005-05": {
            "month": "2005-05",
            "price": "19.84",
            "revenue": 377797
        },
        "2005-06": {
            "month": "2005-06",
            "price": "34.30",
            "revenue": 397567
        },
        "2005-07": {
            "month": "2005-07",
            "price": "41.28",
            "revenue": 330253
        },
        "2005-08": {
            "month": "2005-08",
            "price": "33.73",
            "revenue": 464492
        },
        "2005-09": {
            "month": "2005-09",
            "price": "30.77",
            "revenue": 535330
        },
        "2005-10": {
            "month": "2005-10",
            "price": "35.36",
            "revenue": 603541
        },
        "2005-11": {
            "month": "2005-11",
            "price": "37.71",
            "revenue": 474858
        },
        "2005-12": {
            "month": "2005-12",
            "price": "43.46",
            "revenue": 410016
        },
        "2006-01": {
            "month": "2006-01",
            "price": "48.36",
            "revenue": 463370
        },
        "2006-02": {
            "month": "2006-02",
            "price": "44.13",
            "revenue": 354653
        },
        "2006-03": {
            "month": "2006-03",
            "price": "44.74",
            "revenue": 440137
        },
        "2006-04": {
            "month": "2006-04",
            "price": "43.25",
            "revenue": 443168
        },
        "2006-05": {
            "month": "2006-05",
            "price": "33.94",
            "revenue": 361448
        },
        "2006-06": {
            "month": "2006-06",
            "price": "26.80",
            "revenue": 285047
        },
        "2006-07": {
            "month": "2006-07",
            "price": "26.60",
            "revenue": 362293
        },
        "2006-08": {
            "month": "2006-08",
            "price": "31.85",
            "revenue": 424656
        },
        "2006-09": {
            "month": "2006-09",
            "price": "29.35",
            "revenue": 541474
        },
        "2006-10": {
            "month": "2006-10",
            "price": "28.06",
            "revenue": 509317
        },
        "2006-11": {
            "month": "2006-11",
            "price": "29.85",
            "revenue": 461306
        },
        "2006-12": {
            "month": "2006-12",
            "price": "34.63",
            "revenue": 389816
        },
        "2007-01": {
            "month": "2007-01",
            "price": "31.65",
            "revenue": 442501
        },
        "2007-02": {
            "month": "2007-02",
            "price": "31.06",
            "revenue": 403884
        },
        "2007-03": {
            "month": "2007-03",
            "price": "43.08",
            "revenue": 497750
        },
        "2007-04": {
            "month": "2007-04",
            "price": "42.32",
            "revenue": 532227
        },
        "2007-05": {
            "month": "2007-05",
            "price": "39.73",
            "revenue": 474126
        },
        "2007-06": {
            "month": "2007-06",
            "price": "41.82",
            "revenue": 517327
        },
        "2007-07": {
            "month": "2007-07",
            "price": "53.13",
            "revenue": 458242
        },
        "2007-08": {
            "month": "2007-08",
            "price": "55.65",
            "revenue": 549768
        },
        "2007-09": {
            "month": "2007-09",
            "price": "57.88",
            "revenue": 561764
        },
        "2007-10": {
            "month": "2007-10",
            "price": "50.34",
            "revenue": 727264
        },
        "2007-11": {
            "month": "2007-11",
            "price": "33.41",
            "revenue": 676999
        },
        "2007-12": {
            "month": "2007-12",
            "price": "26.69",
            "revenue": 628282
        },
        "2008-01": {
            "month": "2008-01",
            "price": "23.20",
            "revenue": 710412
        },
        "2008-02": {
            "month": "2008-02",
            "price": "21.66",
            "revenue": 469317
        },
        "2008-03": {
            "month": "2008-03",
            "price": "22.36",
            "revenue": 788680
        },
        "2008-04": {
            "month": "2008-04",
            "price": "28.68",
            "revenue": 698948
        },
        "2008-05": {
            "month": "2008-05",
            "price": "26.76",
            "revenue": 595442
        },
        "2008-06": {
            "month": "2008-06",
            "price": "23.10",
            "revenue": 492721
        },
        "2008-07": {
            "month": "2008-07",
            "price": "18.31",
            "revenue": 614757
        },
        "2008-08": {
            "month": "2008-08",
            "price": "17.93",
            "revenue": 713928
        },
        "2008-09": {
            "month": "2008-09",
            "price": "15.75",
            "revenue": 705548
        },
        "2008-10": {
            "month": "2008-10",
            "price": "12.22",
            "revenue": 530326
        },
        "2008-11": {
            "month": "2008-11",
            "price": "9.80",
            "revenue": 364577
        },
        "2008-12": {
            "month": "2008-12",
            "price": "8.87",
            "revenue": 277052
        },
        "2009-01": {
            "month": "2009-01",
            "price": "8.58",
            "revenue": 327550
        },
        "2009-02": {
            "month": "2009-02",
            "price": "9.01",
            "revenue": 477612
        },
        "2009-03": {
            "month": "2009-03",
            "price": "10.63",
            "revenue": 736044
        },
        "2009-04": {
            "month": "2009-04",
            "price": "14.17",
            "revenue": 840804
        },
        "2009-05": {
            "month": "2009-05",
            "price": "17.03",
            "revenue": 562491
        },
        "2009-06": {
            "month": "2009-06",
            "price": "15.58",
            "revenue": 648576
        },
        "2009-07": {
            "month": "2009-07",
            "price": "17.80",
            "revenue": 788284
        },
        "2009-08": {
            "month": "2009-08",
            "price": "21.90",
            "revenue": 857949
        },
        "2009-09": {
            "month": "2009-09",
            "price": "22.99",
            "revenue": 887689
        },
        "2009-10": {
            "month": "2009-10",
            "price": "27.97",
            "revenue": 896942
        },
        "2009-11": {
            "month": "2009-11",
            "price": "30.97",
            "revenue": 767034
        },
        "2009-12": {
            "month": "2009-12",
            "price": "35.55",
            "revenue": 742254
        },
        "2010-01": {
            "month": "2010-01",
            "price": "37.95",
            "revenue": 627166
        },
        "2010-02": {
            "month": "2010-02",
            "price": "32.54",
            "revenue": 408981
        },
        "2010-03": {
            "month": "2010-03",
            "price": "33.93",
            "revenue": 732456
        },
        "2010-04": {
            "month": "2010-04",
            "price": "34.84",
            "revenue": 852028
        },
        "2010-05": {
            "month": "2010-05",
            "price": "27.28",
            "revenue": 830096
        },
        "2010-06": {
            "month": "2010-06",
            "price": "24.96",
            "revenue": 793485
        },
        "2010-07": {
            "month": "2010-07",
            "price": "25.61",
            "revenue": 855829
        },
        "2010-08": {
            "month": "2010-08",
            "price": "25.60",
            "revenue": 721705
        },
        "2010-09": {
            "month": "2010-09",
            "price": "22.30",
            "revenue": 616863
        },
        "2010-10": {
            "month": "2010-10",
            "price": "22.27",
            "revenue": 540678
        },
        "2010-11": {
            "month": "2010-11",
            "price": "18.58",
            "revenue": 554549
        },
        "2010-12": {
            "month": "2010-12",
            "price": "20.85",
            "revenue": 589549
        },
        "2011-01": {
            "month": "2011-01",
            "price": "19.62",
            "revenue": 518317
        },
        "2011-02": {
            "month": "2011-02",
            "price": "18.88",
            "revenue": 364099
        },
        "2011-03": {
            "month": "2011-03",
            "price": "18.26",
            "revenue": 705189
        },
        "2011-04": {
            "month": "2011-04",
            "price": "17.60",
            "revenue": 645679
        },
        "2011-05": {
            "month": "2011-05",
            "price": "16.63",
            "revenue": 493746
        },
        "2011-06": {
            "month": "2011-06",
            "price": "14.91",
            "revenue": 475463
        },
        "2011-07": {
            "month": "2011-07",
            "price": "13.35",
            "revenue": 523104
        },
        "2011-08": {
            "month": "2011-08",
            "price": "11.39",
            "revenue": 609996
        },
        "2011-09": {
            "month": "2011-09",
            "price": "10.39",
            "revenue": 611541
        },
        "2011-10": {
            "month": "2011-10",
            "price": "10.18",
            "revenue": 682102
        },
        "2011-11": {
            "month": "2011-11",
            "price": "11.35",
            "revenue": 637113
        },
        "2011-12": {
            "month": "2011-12",
            "price": "10.49",
            "revenue": 582812
        },
        "2012-01": {
            "month": "2012-01",
            "price": "10.53",
            "revenue": 441803
        },
        "2012-02": {
            "month": "2012-02",
            "price": "13.78",
            "revenue": 469496
        },
        "2012-03": {
            "month": "2012-03",
            "price": "13.87",
            "revenue": 591782
        },
        "2012-04": {
            "month": "2012-04",
            "price": "11.90",
            "revenue": 505478
        },
        "2012-05": {
            "month": "2012-05",
            "price": "11.48",
            "revenue": 503491
        },
        "2012-06": {
            "month": "2012-06",
            "price": "10.53",
            "revenue": 482687
        },
        "2012-07": {
            "month": "2012-07",
            "price": "10.31",
            "revenue": 520813
        },
        "2012-08": {
            "month": "2012-08",
            "price": "10.62",
            "revenue": 625739
        },
        "2012-09": {
            "month": "2012-09",
            "price": "10.88",
            "revenue": 518739
        },
        "2012-10": {
            "month": "2012-10",
            "price": "9.89",
            "revenue": 458723
        },
        "2012-11": {
            "month": "2012-11",
            "price": "8.75",
            "revenue": 513831
        },
        "2012-12": {
            "month": "2012-12",
            "price": "9.70",
            "revenue": 463220
        },
        "2013-01": {
            "month": "2013-01",
            "price": "9.73",
            "revenue": 523066
        },
        "2013-02": {
            "month": "2013-02",
            "price": "9.18",
            "revenue": 362603
        },
        "2013-03": {
            "month": "2013-03",
            "price": "9.37",
            "revenue": 597976
        },
        "2013-04": {
            "month": "2013-04",
            "price": "9.25",
            "revenue": 708196
        },
        "2013-05": {
            "month": "2013-05",
            "price": "9.93",
            "revenue": 616972
        },
        "2013-06": {
            "month": "2013-06",
            "price": "10.06",
            "revenue": 488824
        },
        "2013-07": {
            "month": "2013-07",
            "price": "10.08",
            "revenue": 474315
        },
        "2013-08": {
            "month": "2013-08",
            "price": "10.91",
            "revenue": 452104
        },
        "2013-09": {
            "month": "2013-09",
            "price": "11.79",
            "revenue": 423299
        },
        "2013-10": {
            "month": "2013-10",
            "price": "10.89",
            "revenue": 373387
        },
        "2013-11": {
            "month": "2013-11",
            "price": "10.27",
            "revenue": 340332
        },
        "2013-12": {
            "month": "2013-12",
            "price": "10.36",
            "revenue": 294882
        },
        "2014-01": {
            "month": "2014-01",
            "price": "11.73",
            "revenue": 273179
        },
        "2014-02": {
            "month": "2014-02",
            "price": "12.44",
            "revenue": 202830
        },
        "2014-03": {
            "month": "2014-03",
            "price": "11.72",
            "revenue": 372599
        },
        "2014-04": {
            "month": "2014-04",
            "price": "11.29",
            "revenue": 446591
        },
        "2014-05": {
            "month": "2014-05",
            "price": "10.35",
            "revenue": 369858
        },
        "2014-06": {
            "month": "2014-06",
            "price": "10.42",
            "revenue": 311626
        },
        "2014-07": {
            "month": "2014-07",
            "price": "10.52",
            "revenue": 364568
        },
        "2014-08": {
            "month": "2014-08",
            "price": "10.19",
            "revenue": 396021
        },
        "2014-09": {
            "month": "2014-09",
            "price": "9.97",
            "revenue": 320573
        },
        "2014-10": {
            "month": "2014-10",
            "price": "8.51",
            "revenue": 281538
        },
        "2014-11": {
            "month": "2014-11",
            "price": "8.02",
            "revenue": 264165
        },
        "2014-12": {
            "month": "2014-12",
            "price": "8.46",
            "revenue": 253613
        },
        "2015-01": {
            "month": "2015-01",
            "price": "9.03",
            "revenue": 238532
        },
        "2015-02": {
            "month": "2015-02",
            "price": "8.67",
            "revenue": 112701
        },
        "2015-03": {
            "month": "2015-03",
            "price": "8.71",
            "revenue": 170311
        },
        "2015-04": {
            "month": "2015-04",
            "price": "8.51",
            "revenue": 172651
        },
        "2015-05": {
            "month": "2015-05",
            "price": "8.02",
            "revenue": 149233
        },
        "2015-06": {
            "month": "2015-06",
            "price": "6.26",
            "revenue": 119814
        },
        "2015-07": {
            "month": "2015-07",
            "price": "4.90",
            "revenue": 132227
        },
        "2015-08": {
            "month": "2015-08",
            "price": "3.98",
            "revenue": 142116
        },
        "2015-09": {
            "month": "2015-09",
            "price": "4.41",
            "revenue": 159729
        },
        "2015-10": {
            "month": "2015-10",
            "price": "4.65",
            "revenue": 135893
        },
        "2015-11": {
            "month": "2015-11",
            "price": "4.52",
            "revenue": 100903
        },
        "2015-12": {
            "month": "2015-12",
            "price": "4.48",
            "revenue": 106406
        },
        "2016-01": {
            "month": "2016-01",
            "price": "4.56",
            "revenue": 98598
        },
        "2016-02": {
            "month": "2016-02",
            "price": "5.18",
            "revenue": 58630
        },
        "2016-03": {
            "month": "2016-03",
            "price": "5.92",
            "revenue": 128075
        },
        "2016-04": {
            "month": "2016-04",
            "price": "5.65",
            "revenue": 96105
        },
        "2016-05": {
            "month": "2016-05",
            "price": "5.26",
            "revenue": 99891
        },
        "2016-06": {
            "month": "2016-06",
            "price": "6.00",
            "revenue": 93013
        },
        "2016-07": {
            "month": "2016-07",
            "price": "5.71",
            "revenue": 101894
        },
        "2016-08": {
            "month": "2016-08",
            "price": "5.58",
            "revenue": 97082
        },
        "2016-09": {
            "month": "2016-09",
            "price": "5.25",
            "revenue": 133656
        },
        "2016-10": {
            "month": "2016-10",
            "price": "5.28",
            "revenue": 97823
        },
        "2016-11": {
            "month": "2016-11",
            "price": "4.55",
            "revenue": 93851
        },
        "2016-12": {
            "month": "2016-12",
            "price": "4.44",
            "revenue": 88520
        },
        "2017-01": {
            "month": "2017-01",
            "price": "4.66",
            "revenue": 77782
        },
        "2017-02": {
            "month": "2017-02",
            "price": "5.03",
            "revenue": 85619
        },
        "2017-03": {
            "month": "2017-03",
            "price": "5.27",
            "revenue": 102683
        },
        "2017-04": {
            "month": "2017-04",
            "price": "5.16",
            "revenue": 93415
        },
        "2017-05": {
            "month": "2017-05",
            "price": "5.16",
            "revenue": 65295
        },
        "2017-06": {
            "month": "2017-06",
            "price": "5.23",
            "revenue": 81265
        },
        "2017-07": {
            "month": "2017-07",
            "price": "5.39",
            "revenue": 62805
        },
        "2017-08": {
            "month": "2017-08",
            "price": "5.17",
            "revenue": 112309
        },
        "2017-09": {
            "month": "2017-09",
            "price": "5.24",
            "revenue": 133207
        },
        "2017-10": {
            "month": "2017-10",
            "price": "5.02",
            "revenue": 113355
        },
        "2017-11": {
            "month": "2017-11",
            "price": "5.03",
            "revenue": 75215
        },
        "2017-12": {
            "month": "2017-12",
            "price": "5.12",
            "revenue": 267513
        },
        "2018-01": {
            "month": "2018-01",
            "price": "6.86",
            "revenue": 158548
        },
        "2018-02": {
            "month": "2018-02",
            "price": "7.48",
            "revenue": 61278
        },
        "2018-03": {
            "month": "2018-03",
            "price": "7.44",
            "revenue": 142069
        },
        "2018-04": {
            "month": "2018-04",
            "price": "6.88",
            "revenue": 88549
        },
        "2018-05": {
            "month": "2018-05",
            "price": "6.03",
            "revenue": 77820
        },
        "2018-06": {
            "month": "2018-06",
            "price": "7.04",
            "revenue": 77126
        },
        "2018-07": {
            "month": "2018-07",
            "price": "6.84",
            "revenue": 42178
        },
        "2018-08": {
            "month": "2018-08",
            "price": "6.04",
            "revenue": 151724
        },
        "2018-09": {
            "month": "2018-09",
            "price": "6.09",
            "revenue": 110961
        },
        "2018-10": {
            "month": "2018-10",
            "price": "4.91",
            "revenue": 159072
        },
        "2018-11": {
            "month": "2018-11",
            "price": "4.43",
            "revenue": 136137
        },
        "2018-12": {
            "month": "2018-12",
            "price": "5.33",
            "revenue": 76840
        },
        "2019-01": {
            "month": "2019-01",
            "price": "5.09",
            "revenue": 176356
        },
        "2019-02": {
            "month": "2019-02",
            "price": "5.92",
            "revenue": 41490
        },
        "2019-03": {
            "month": "2019-03",
            "price": "5.77",
            "revenue": 90299
        },
        "2019-04": {
            "month": "2019-04",
            "price": "5.19",
            "revenue": 53522
        },
        "2019-05": {
            "month": "2019-05",
            "price": "4.77",
            "revenue": 71597
        },
        "2019-06": {
            "month": "2019-06",
            "price": "4.43",
            "revenue": 69048
        },
        "2019-07": {
            "month": "2019-07",
            "price": "4.30",
            "revenue": 74262
        },
        "2019-08": {
            "month": "2019-08",
            "price": "3.95",
            "revenue": 57993
        },
        "2019-09": {
            "month": "2019-09",
            "price": "3.82",
            "revenue": 61979
        },
        "2019-10": {
            "month": "2019-10",
            "price": "3.57",
            "revenue": 85560
        },
        "2019-11": {
            "month": "2019-11",
            "price": "3.32",
            "revenue": 49309
        },
        "2019-12": {
            "month": "2019-12",
            "price": "2.19",
            "revenue": 98774
        },
        "2020-01": {
            "month": "2020-01",
            "price": "2.80",
            "revenue": 49182
        },
        "2020-02": {
            "month": "2020-02",
            "price": "2.55",
            "revenue": 9945
        },
        "2020-03": {
            "month": "2020-03",
            "price": "1.81",
            "revenue": 62665
        },
        "2020-04": {
            "month": "2020-04",
            "price": "1.92",
            "revenue": 64285
        },
        "2020-05": {
            "month": "2020-05",
            "price": "2.19",
            "revenue": 107993
        },
        "2020-06": {
            "month": "2020-06",
            "price": "2.34",
            "revenue": 117960
        },
        "2020-07": {
            "month": "2020-07",
            "price": "3.33",
            "revenue": 146551
        },
        "2020-08": {
            "month": "2020-08",
            "price": "4.19",
            "revenue": 165174
        },
        "2020-09": {
            "month": "2020-09",
            "price": "5.60",
            "revenue": 119662
        },
        "2020-10": {
            "month": "2020-10",
            "price": "5.50",
            "revenue": 68553
        },
        "2020-11": {
            "month": "2020-11",
            "price": "5.40",
            "revenue": 78991
        },
        "2020-12": {
            "month": "2020-12",
            "price": "5.62",
            "revenue": 94405
        },
        "2021-01": {
            "month": "2021-01",
            "price": "5.46",
            "revenue": 65492
        },
        "2021-02": {
            "month": "2021-02",
            "price": "5.52",
            "revenue": 13077
        },
        "2021-03": {
            "month": "2021-03",
            "price": "6.49",
            "revenue": 53044
        },
        "2021-04": {
            "month": "2021-04",
            "price": "12.32",
            "revenue": 40805
        },
        "2021-05": {
            "month": "2021-05",
            "price": "10.31",
            "revenue": 29005
        },
        "2021-06": {
            "month": "2021-06",
            "price": "10.39",
            "revenue": 23511
        },
        "2021-07": {
            "month": "2021-07",
            "price": "9.91",
            "revenue": 17251
        },
        "2021-08": {
            "month": "2021-08",
            "price": "8.12",
            "revenue": 22488
        },
        "2021-09": {
            "month": "2021-09",
            "price": "6.96",
            "revenue": 15098
        },
        "2021-10": {
            "month": "2021-10",
            "price": "7.14",
            "revenue": 23028
        },
        "2021-11": {
            "month": "2021-11",
            "price": "7.57",
            "revenue": 27034
        },
        "2021-12": {
            "month": "2021-12",
            "price": "8.26",
            "revenue": 25983
        },
        "2022-01": {
            "month": "2022-01",
            "price": "8.44",
            "revenue": 20861
        },
        "2022-02": {
            "month": "2022-02",
            "price": "8.14",
            "revenue": 12292
        },
        "2022-03": {
            "month": "2022-03",
            "price": "7.45",
            "revenue": 20983
        },
        "2022-04": {
            "month": "2022-04",
            "price": "7.05",
            "revenue": 30035
        },
        "2022-05": {
            "month": "2022-05",
            "price": "6.74",
            "revenue": 19012
        },
        "2022-06": {
            "month": "2022-06",
            "price": "7.91",
            "revenue": 25811
        },
        "2022-07": {
            "month": "2022-07",
            "price": "8.40",
            "revenue": 14981
        },
        "2022-08": {
            "month": "2022-08",
            "price": "9.66",
            "revenue": 16873
        },
        "2022-09": {
            "month": "2022-09",
            "price": "8.57",
            "revenue": 12776
        },
        "2022-10": {
            "month": "2022-10",
            "price": "7.20",
            "revenue": 17324
        },
        "2022-11": {
            "month": "2022-11",
            "price": "7.67",
            "revenue": 22945
        },
        "2022-12": {
            "month": "2022-12",
            "price": "7.91",
            "revenue": 24096
        },
        "2023-01": {
            "month": "2023-01",
            "price": "7.68",
            "revenue": 13175
        },
        "2023-02": {
            "month": "2023-02",
            "price": "7.83",
            "revenue": 15693
        },
        "2023-03": {
            "month": "2023-03",
            "price": "7.97",
            "revenue": 22464
        },
        "2023-04": {
            "month": "2023-04",
            "price": "9.01",
            "revenue": 20940
        },
        "2023-05": {
            "month": "2023-05",
            "price": "9.26",
            "revenue": 26705
        },
        "2023-06": {
            "month": "2023-06",
            "price": "10.99",
            "revenue": 19050
        },
        "2023-07": {
            "month": "2023-07",
            "price": "16.09",
            "revenue": 20416
        },
        "2023-08": {
            "month": "2023-08",
            "price": "16.22",
            "revenue": 31576
        },
        "2023-09": {
            "month": "2023-09",
            "price": "19.84",
            "revenue": 17794
        },
        "2023-10": {
            "month": "2023-10",
            "price": "19.19",
            "revenue": 18841
        },
        "2023-11": {
            "month": "2023-11",
            "price": "18.25",
            "revenue": 26255
        },
        "2023-12": {
            "month": "2023-12",
            "price": "17.69",
            "revenue": 23733
        }
    }
}
