{
    "summary": {
        "stock_name": "三洋實業",
        "stock_id": "1472",
        "category": "紡織纖維",
        "main_business": "聚丙烯(PP)纖維、聚醯胺(NYLON)纖維、聚酯(PET)纖維<br>針織布、梭織布",
        "website_url": "http://triocean.com.tw",
        "ceo": "陳(啟)昱",
        "pe_ratio": 93,
        "report_year_from": 2001,
        "report_year_to": 2023,
        "age": 22,
        "eps_negative_percentage": 74,
        "eps_growth_avg": {
            "last_all": -97.81,
            "last_2y": -100,
            "last_4y": -100,
            "last_8y": -100,
            "last_12y": -100,
            "last_16y": -100,
            "last_20y": -97.81,
            "at_2006_last_3y": -95.63,
            "at_2007_last_3y": -100,
            "at_2008_last_3y": null,
            "at_2009_last_3y": null,
            "at_2010_last_3y": null,
            "at_2011_last_3y": null,
            "at_2012_last_3y": null,
            "at_2013_last_3y": null,
            "at_2014_last_3y": null,
            "at_2015_last_3y": null,
            "at_2016_last_3y": null,
            "at_2017_last_3y": -100,
            "at_2018_last_3y": -100,
            "at_2019_last_3y": -100,
            "at_2020_last_3y": -100,
            "at_2021_last_3y": -100,
            "at_2022_last_3y": -100,
            "at_2023_last_3y": -100,
            "at_2006_last_all": -95.63,
            "at_2007_last_all": -95.63,
            "at_2008_last_all": -95.63,
            "at_2009_last_all": -95.63,
            "at_2010_last_all": -95.63,
            "at_2011_last_all": -95.63,
            "at_2012_last_all": -95.63,
            "at_2013_last_all": -95.63,
            "at_2014_last_all": -95.63,
            "at_2015_last_all": -95.63,
            "at_2016_last_all": -95.63,
            "at_2017_last_all": -97.08,
            "at_2018_last_all": -97.08,
            "at_2019_last_all": -97.08,
            "at_2020_last_all": -97.81,
            "at_2021_last_all": -97.81,
            "at_2022_last_all": -97.81,
            "at_2023_last_all": -97.81
        },
        "latest_eps": 0.33,
        "latest_price": 30.55,
        "latest_roe": 1.64,
        "latest_gross_margin": 11.83,
        "latest_equity": 784019,
        "latest_revenue": 257436,
        "latest_gross_profit": 30463,
        "latest_net_income": 8925,
        "latest_debt_ratio": 71.36,
        "latest_current_ratio": 117.96,
        "latest_account_receivable_turnover_ratio": 12.83,
        "latest_inventory_turnover_ratio": null,
        "latest_reinvestment_rate": null,
        "latest_research_to_sale_ratio": null
    },
    "eps_dividends": {
        "1996": {
            "cash": 0,
            "stock": 3.5,
            "eps": 0
        },
        "1997": {
            "cash": 0,
            "stock": 2,
            "eps": 0
        },
        "1999": {
            "cash": 0.6,
            "stock": 2,
            "eps": 0
        },
        "2000": {
            "cash": 0,
            "stock": 0.15,
            "eps": 0
        },
        "2001": {
            "cash": 0,
            "stock": 0,
            "eps": -0.27
        },
        "2002": {
            "cash": 0,
            "stock": 0,
            "eps": 0.8
        },
        "2003": {
            "cash": 0.1,
            "stock": 0.1,
            "eps": 0.07
        },
        "2004": {
            "cash": 0,
            "stock": 0,
            "eps": -0.62
        },
        "2005": {
            "cash": 0,
            "stock": 0,
            "eps": -1.68
        },
        "2006": {
            "cash": 0,
            "stock": 0,
            "eps": -1.21
        },
        "2007": {
            "cash": 0,
            "stock": 0,
            "eps": -1.92
        },
        "2008": {
            "cash": 0,
            "stock": 0,
            "eps": -2.37
        },
        "2009": {
            "cash": 0,
            "stock": 0,
            "eps": -2.45
        },
        "2010": {
            "cash": 0,
            "stock": 0,
            "eps": -0.5
        },
        "2011": {
            "cash": 0,
            "stock": 0,
            "eps": -3.2
        },
        "2012": {
            "cash": 0,
            "stock": 0,
            "eps": -2.74
        },
        "2013": {
            "cash": 0,
            "stock": 0,
            "eps": -1.38
        },
        "2014": {
            "cash": 0,
            "stock": 0,
            "eps": -0.88
        },
        "2015": {
            "cash": 0,
            "stock": 0,
            "eps": -0.48
        },
        "2016": {
            "cash": 0,
            "stock": 0,
            "eps": 0.89
        },
        "2017": {
            "cash": 0,
            "stock": 0,
            "eps": -0.85
        },
        "2018": {
            "cash": 0,
            "stock": 0,
            "eps": -1.59
        },
        "2019": {
            "cash": 0,
            "stock": 0,
            "eps": 1.16
        },
        "2020": {
            "cash": 0,
            "stock": 0,
            "eps": -7.75
        },
        "2021": {
            "cash": 0,
            "stock": 0,
            "eps": -0.87
        },
        "2022": {
            "cash": 0,
            "stock": 0,
            "eps": 0.16
        },
        "2023": {
            "cash": 0,
            "stock": 0,
            "eps": 0.36
        }
    },
    "dividends": {
        "1996-09-18": {
            "cash": 0,
            "stock": 3.5
        },
        "1997-03-07": {
            "cash": 0,
            "stock": 2
        },
        "1999-06-05": {
            "cash": 0.6,
            "stock": 2
        },
        "2000-06-17": {
            "cash": 0,
            "stock": 0.15
        },
        "2003-04-11": {
            "cash": 0.1,
            "stock": 0.1
        }
    },
    "prices": {
        "200101": "9.10",
        "200102": "9.28",
        "200103": "9.24",
        "200104": "8.25",
        "200105": "7.54",
        "200106": "8.21",
        "200107": "7.85",
        "200108": "7.42",
        "200109": "7.21",
        "200110": "7.15",
        "200111": "6.72",
        "200112": "7.46",
        "200201": "7.84",
        "200202": "9.78",
        "200203": "15.80",
        "200204": "17.29",
        "200205": "17.49",
        "200206": "16.79",
        "200207": "14.79",
        "200208": "14.96",
        "200209": "13.53",
        "200210": "11.10",
        "200211": "12.35",
        "200212": "12.65",
        "200301": "14.42",
        "200302": "14.85",
        "200303": "18.57",
        "200304": "17.35",
        "200305": "18.40",
        "200306": "19.23",
        "200307": "17.60",
        "200308": "19.49",
        "200309": "15.68",
        "200310": "13.73",
        "200311": "13.02",
        "200312": "11.97",
        "200401": "12.65",
        "200402": "13.42",
        "200403": "12.00",
        "200404": "11.27",
        "200405": "9.22",
        "200406": "8.35",
        "200407": "7.63",
        "200408": "7.16",
        "200409": "7.77",
        "200410": "7.50",
        "200411": "7.34",
        "200412": "7.27",
        "200501": "7.16",
        "200502": "6.74",
        "200503": "6.34",
        "200504": "6.16",
        "200505": "6.14",
        "200506": "6.44",
        "200507": "6.36",
        "200508": "5.32",
        "200509": "4.61",
        "200510": "4.55",
        "200511": "4.32",
        "200512": "4.51",
        "200601": "4.49",
        "200602": "4.38",
        "200603": "4.14",
        "200604": "4.37",
        "200605": "4.93",
        "200606": "4.52",
        "200607": "5.24",
        "200608": "5.08",
        "200609": "4.66",
        "200610": "5.44",
        "200611": "5.80",
        "200612": "7.36",
        "200701": "7.26",
        "200702": "6.67",
        "200703": "6.48",
        "200704": "7.83",
        "200705": "7.55",
        "200706": "7.06",
        "200707": "8.25",
        "200708": "7.77",
        "200709": "7.21",
        "200710": "6.94",
        "200711": "5.40",
        "200712": "5.06",
        "200801": "5.00",
        "200802": "5.11",
        "200803": "5.61",
        "200804": "5.96",
        "200805": "5.67",
        "200806": "5.00",
        "200807": "4.10",
        "200808": "3.83",
        "200809": "3.15",
        "200810": "2.14",
        "200811": "1.92",
        "200812": "2.01",
        "200901": "1.90",
        "200902": "1.79",
        "200903": "2.15",
        "200904": "2.97",
        "200905": "2.97",
        "200906": "2.87",
        "200907": "3.07",
        "200908": "4.05",
        "200909": "3.97",
        "200910": "5.09",
        "200911": "5.07",
        "200912": "5.21",
        "201001": "5.41",
        "201002": "4.84",
        "201003": "4.97",
        "201004": "5.28",
        "201005": "4.96",
        "201006": "4.78",
        "201007": "4.74",
        "201008": "6.05",
        "201009": "6.53",
        "201010": "7.66",
        "201011": "7.42",
        "201012": "6.98",
        "201101": "6.98",
        "201102": "6.79",
        "201103": "6.38",
        "201104": "8.82",
        "201105": "10.36",
        "201106": "8.89",
        "201107": "8.74",
        "201108": "8.82",
        "201109": "8.70",
        "201110": "8.26",
        "201111": "8.03",
        "201112": "8.68",
        "201201": "8.91",
        "201202": "10.54",
        "201203": "9.71",
        "201204": "7.70",
        "201205": "7.74",
        "201206": "8.15",
        "201207": "9.23",
        "201208": "13.09",
        "201209": "14.36",
        "201210": "16.38",
        "201211": "17.73",
        "201212": "17.43",
        "201301": "17.02",
        "201302": "15.35",
        "201303": "14.15",
        "201304": "13.84",
        "201305": "14.38",
        "201306": "14.78",
        "201307": "16.58",
        "201308": "18.00",
        "201309": "18.94",
        "201310": "30.62",
        "201311": "34.60",
        "201312": "38.63",
        "201401": "38.61",
        "201402": "38.74",
        "201403": "41.64",
        "201404": "47.69",
        "201405": "40.90",
        "201406": "40.84",
        "201407": "41.20",
        "201408": "39.80",
        "201409": "39.73",
        "201410": "36.47",
        "201411": "31.82",
        "201412": "27.33",
        "201501": "22.79",
        "201502": "21.77",
        "201503": "21.72",
        "201504": "21.10",
        "201505": "17.64",
        "201506": "14.23",
        "201507": "16.55",
        "201508": "13.61",
        "201509": "13.09",
        "201510": "14.32",
        "201511": "15.08",
        "201512": "14.18",
        "201601": "11.96",
        "201602": "12.00",
        "201603": "11.81",
        "201604": "10.90",
        "201605": "10.29",
        "201606": "9.51",
        "201607": "11.13",
        "201608": "15.03",
        "201609": "13.94",
        "201610": "13.63",
        "201611": "12.84",
        "201612": "12.51",
        "201701": "11.63",
        "201702": "11.18",
        "201703": "11.08",
        "201704": "12.75",
        "201705": "15.44",
        "201706": "15.19",
        "201707": "14.64",
        "201708": "14.57",
        "201709": "20.62",
        "201710": "24.95",
        "201711": "39.11",
        "201712": "42.25",
        "201801": "39.11",
        "201802": "31.18",
        "201803": "27.60",
        "201804": "28.39",
        "201805": "27.48",
        "201806": "36.91",
        "201807": "35.95",
        "201808": "30.20",
        "201809": "27.26",
        "201810": "25.85",
        "201811": "21.93",
        "201812": "28.41",
        "201901": "30.61",
        "201902": "34.31",
        "201903": "33.06",
        "201904": "34.27",
        "201905": "33.45",
        "201906": "34.38",
        "201907": "33.41",
        "201908": "32.72",
        "201909": "33.06",
        "201910": "32.02",
        "201911": "31.01",
        "201912": "27.83",
        "202001": "26.10",
        "202002": "25.21",
        "202003": "16.57",
        "202004": "11.86",
        "202005": "11.73",
        "202006": "14.17",
        "202007": "13.27",
        "202008": "11.69",
        "202009": "12.11",
        "202010": "11.40",
        "202011": "10.44",
        "202012": "10.10",
        "202101": "10.30",
        "202102": "10.28",
        "202103": "10.11",
        "202104": "10.16",
        "202105": "10.40",
        "202106": "10.33",
        "202107": "10.02",
        "202108": "9.26",
        "202109": "9.53",
        "202110": "27.19",
        "202111": "35.18",
        "202112": "31.62",
        "202201": "34.08",
        "202202": "27.82",
        "202203": "23.84",
        "202204": "21.68",
        "202205": "26.56",
        "202206": "25.14",
        "202207": "21.65",
        "202208": "20.07",
        "202209": "23.94",
        "202210": "19.86",
        "202211": "20.01",
        "202212": "21.94",
        "202301": "24.29",
        "202302": "26.74",
        "202303": "31.06",
        "202304": "28.23",
        "202305": "29.50"
    },
    "quarters": {
        "20011": {
            "year_quarter": 20011,
            "year": 2001,
            "quarter": 1,
            "eps": 0.01,
            "eps_growth_year": -98.89,
            "eps_4q": -1.7,
            "eps_4q_growth_year": -209.74,
            "roe": 0.08,
            "roe_4q": 0.08,
            "gross_profit": 11815,
            "gross_margin": 4.97,
            "gross_margin_4q_avg": 4.97,
            "net_income": 893,
            "revenue": 237667,
            "common_shares": 690000,
            "book_valuer_per_share": 15.8,
            "book_valuer_per_share_4q_avg": 15.8,
            "equity": 1090216,
            "current_ratio": 202.02,
            "debt_ratio": 18.95,
            "inventory_turnover_ratio": 1.36,
            "account_receivable_turnover_ratio": null,
            "reinvestment_rate": null,
            "research_to_sale_ratio": null,
            "price_fair": 0,
            "eps_avg_yearly": 0,
            "eps_latest_yearly": 0,
            "eps_growth_yearly": 0
        },
        "20012": {
            "year_quarter": 20012,
            "year": 2001,
            "quarter": 2,
            "eps": 0.12,
            "eps_growth_year": 71.43,
            "eps_4q": -2.07,
            "eps_4q_growth_year": -484.85,
            "roe": 0.78,
            "roe_4q": 0.86,
            "gross_profit": 24647,
            "gross_margin": 8.59,
            "gross_margin_4q_avg": 6.78,
            "net_income": 8559,
            "revenue": 286977,
            "common_shares": 690000,
            "book_valuer_per_share": 15.83,
            "book_valuer_per_share_4q_avg": 15.82,
            "equity": 1092444,
            "current_ratio": 203.96,
            "debt_ratio": 18.47,
            "inventory_turnover_ratio": 1.63,
            "account_receivable_turnover_ratio": null,
            "reinvestment_rate": null,
            "research_to_sale_ratio": null,
            "price_fair": 0,
            "eps_avg_yearly": 0,
            "eps_latest_yearly": 0,
            "eps_growth_yearly": 0
        },
        "20013": {
            "year_quarter": 20013,
            "year": 2001,
            "quarter": 3,
            "eps": -0.35,
            "eps_growth_year": null,
            "eps_4q": -1.49,
            "eps_4q_growth_year": null,
            "roe": -2.14,
            "roe_4q": -1.28,
            "gross_profit": 9782,
            "gross_margin": 3.6,
            "gross_margin_4q_avg": 5.72,
            "net_income": -23154,
            "revenue": 271415,
            "common_shares": 690000,
            "book_valuer_per_share": 15.46,
            "book_valuer_per_share_4q_avg": 15.7,
            "equity": 1066498,
            "current_ratio": 188.54,
            "debt_ratio": 19.36,
            "inventory_turnover_ratio": 1.61,
            "account_receivable_turnover_ratio": null,
            "reinvestment_rate": null,
            "research_to_sale_ratio": null,
            "price_fair": 0,
            "eps_avg_yearly": 0,
            "eps_latest_yearly": 0,
            "eps_growth_yearly": 0
        },
        "20014": {
            "year_quarter": 20014,
            "year": 2001,
            "quarter": 4,
            "eps": -0.05,
            "eps_growth_year": null,
            "eps_4q": -0.34,
            "eps_4q_growth_year": null,
            "roe": -0.3,
            "roe_4q": -1.5799999999999998,
            "gross_profit": 2388,
            "gross_margin": 1.17,
            "gross_margin_4q_avg": 4.58,
            "net_income": -3385,
            "revenue": 204495,
            "common_shares": 690000,
            "book_valuer_per_share": 15.34,
            "book_valuer_per_share_4q_avg": 15.61,
            "equity": 1166662,
            "current_ratio": 153.89,
            "debt_ratio": 27.41,
            "inventory_turnover_ratio": 1.14,
            "account_receivable_turnover_ratio": null,
            "reinvestment_rate": null,
            "research_to_sale_ratio": null,
            "price_fair": 0,
            "eps_avg_yearly": 0,
            "eps_latest_yearly": 0,
            "eps_growth_yearly": 0
        },
        "20021": {
            "year_quarter": 20021,
            "year": 2002,
            "quarter": 1,
            "eps": 0.37,
            "eps_growth_year": 3600,
            "eps_4q": 0.05,
            "eps_4q_growth_year": null,
            "roe": 1.91,
            "roe_4q": 0.24999999999999978,
            "gross_profit": 20360,
            "gross_margin": 8.44,
            "gross_margin_4q_avg": 5.45,
            "net_income": 20634,
            "revenue": 241236,
            "common_shares": 690000,
            "book_valuer_per_share": 14.34,
            "book_valuer_per_share_4q_avg": 15.24,
            "equity": 989460,
            "current_ratio": 245.19,
            "debt_ratio": 24.49,
            "inventory_turnover_ratio": 1.22,
            "account_receivable_turnover_ratio": null,
            "reinvestment_rate": null,
            "research_to_sale_ratio": null,
            "price_fair": 0,
            "eps_avg_yearly": 0,
            "eps_latest_yearly": 0,
            "eps_growth_yearly": 0
        },
        "20022": {
            "year_quarter": 20022,
            "year": 2002,
            "quarter": 2,
            "eps": 0.33,
            "eps_growth_year": 175,
            "eps_4q": 0.23,
            "eps_4q_growth_year": null,
            "roe": 1.92,
            "roe_4q": 1.3900000000000001,
            "gross_profit": 29605,
            "gross_margin": 8.84,
            "gross_margin_4q_avg": 5.51,
            "net_income": 19210,
            "revenue": 334736,
            "common_shares": 690000,
            "book_valuer_per_share": 14.63,
            "book_valuer_per_share_4q_avg": 14.94,
            "equity": 1009396,
            "current_ratio": 185.08,
            "debt_ratio": 27.92,
            "inventory_turnover_ratio": 1.65,
            "account_receivable_turnover_ratio": null,
            "reinvestment_rate": null,
            "research_to_sale_ratio": null,
            "price_fair": 3.96,
            "eps_avg_yearly": 1.32,
            "eps_latest_yearly": 1.32,
            "eps_growth_yearly": -43.24
        },
        "20023": {
            "year_quarter": 20023,
            "year": 2002,
            "quarter": 3,
            "eps": 0.09,
            "eps_growth_year": null,
            "eps_4q": 0.72,
            "eps_4q_growth_year": null,
            "roe": 0.52,
            "roe_4q": 4.05,
            "gross_profit": 27056,
            "gross_margin": 7.86,
            "gross_margin_4q_avg": 6.58,
            "net_income": 5232,
            "revenue": 344038,
            "common_shares": 690000,
            "book_valuer_per_share": 14.69,
            "book_valuer_per_share_4q_avg": 14.75,
            "equity": 1013780,
            "current_ratio": 205.65,
            "debt_ratio": 24.43,
            "inventory_turnover_ratio": 1.57,
            "account_receivable_turnover_ratio": null,
            "reinvestment_rate": null,
            "research_to_sale_ratio": null,
            "price_fair": 2.52,
            "eps_avg_yearly": 0.84,
            "eps_latest_yearly": 0.36,
            "eps_growth_yearly": -167.08
        },
        "20024": {
            "year_quarter": 20024,
            "year": 2002,
            "quarter": 4,
            "eps": 0.01,
            "eps_growth_year": null,
            "eps_4q": 0.68,
            "eps_4q_growth_year": null,
            "roe": 0.06,
            "roe_4q": 4.41,
            "gross_profit": 16751,
            "gross_margin": 5.2,
            "gross_margin_4q_avg": 7.59,
            "net_income": 713,
            "revenue": 322230,
            "common_shares": 690000,
            "book_valuer_per_share": 16.01,
            "book_valuer_per_share_4q_avg": 14.92,
            "equity": 1220644,
            "current_ratio": 155.52,
            "debt_ratio": 27.46,
            "inventory_turnover_ratio": 1.3,
            "account_receivable_turnover_ratio": null,
            "reinvestment_rate": null,
            "research_to_sale_ratio": null,
            "price_fair": 1.72,
            "eps_avg_yearly": 0.57,
            "eps_latest_yearly": 0.04,
            "eps_growth_yearly": -229.9
        },
        "20031": {
            "year_quarter": 20031,
            "year": 2003,
            "quarter": 1,
            "eps": 0.23,
            "eps_growth_year": -37.84,
            "eps_4q": 0.64,
            "eps_4q_growth_year": 1250.8,
            "roe": 1.19,
            "roe_4q": 3.69,
            "gross_profit": 30870,
            "gross_margin": 10.5,
            "gross_margin_4q_avg": 8.1,
            "net_income": 14014,
            "revenue": 293977,
            "common_shares": 690000,
            "book_valuer_per_share": 16.42,
            "book_valuer_per_share_4q_avg": 15.44,
            "equity": 1133287,
            "current_ratio": 178.47,
            "debt_ratio": 19.69,
            "inventory_turnover_ratio": 1.03,
            "account_receivable_turnover_ratio": null,
            "reinvestment_rate": null,
            "research_to_sale_ratio": null,
            "price_fair": 23.1,
            "eps_avg_yearly": 0.66,
            "eps_latest_yearly": 0.92,
            "eps_growth_yearly": 2027.57
        },
        "20032": {
            "year_quarter": 20032,
            "year": 2003,
            "quarter": 2,
            "eps": 0.3,
            "eps_growth_year": -9.09,
            "eps_4q": 0.62,
            "eps_4q_growth_year": 169.96,
            "roe": 1.66,
            "roe_4q": 3.4299999999999997,
            "gross_profit": 34044,
            "gross_margin": 10.43,
            "gross_margin_4q_avg": 8.5,
            "net_income": 18887,
            "revenue": 326354,
            "common_shares": 690000,
            "book_valuer_per_share": 16.64,
            "book_valuer_per_share_4q_avg": 15.94,
            "equity": 1147861,
            "current_ratio": 155.53,
            "debt_ratio": 20.63,
            "inventory_turnover_ratio": 1.29,
            "account_receivable_turnover_ratio": null,
            "reinvestment_rate": null,
            "research_to_sale_ratio": null,
            "price_fair": 26.88,
            "eps_avg_yearly": 0.77,
            "eps_latest_yearly": 1.2,
            "eps_growth_yearly": 1646.41
        },
        "20033": {
            "year_quarter": 20033,
            "year": 2003,
            "quarter": 3,
            "eps": -0.07,
            "eps_growth_year": -177.78,
            "eps_4q": 0.33,
            "eps_4q_growth_year": -54.37,
            "roe": -0.39,
            "roe_4q": 2.52,
            "gross_profit": 17454,
            "gross_margin": 5.06,
            "gross_margin_4q_avg": 7.8,
            "net_income": -4980,
            "revenue": 345214,
            "common_shares": 875000,
            "book_valuer_per_share": 16.16,
            "book_valuer_per_share_4q_avg": 16.31,
            "equity": 1414218,
            "current_ratio": 329.97,
            "debt_ratio": 11.7,
            "inventory_turnover_ratio": 1.46,
            "account_receivable_turnover_ratio": null,
            "reinvestment_rate": null,
            "research_to_sale_ratio": null,
            "price_fair": 26.88,
            "eps_avg_yearly": 0.77,
            "eps_latest_yearly": 1.2,
            "eps_growth_yearly": 1646.41
        },
        "20034": {
            "year_quarter": 20034,
            "year": 2003,
            "quarter": 4,
            "eps": -0.39,
            "eps_growth_year": -4000,
            "eps_4q": 0,
            "eps_4q_growth_year": -99.94,
            "roe": -1.89,
            "roe_4q": 0.5700000000000001,
            "gross_profit": 13002,
            "gross_margin": 4.94,
            "gross_margin_4q_avg": 7.73,
            "net_income": -27514,
            "revenue": 263322,
            "common_shares": 875000,
            "book_valuer_per_share": 15.86,
            "book_valuer_per_share_4q_avg": 16.27,
            "equity": 1495819,
            "current_ratio": 198.47,
            "debt_ratio": 22.73,
            "inventory_turnover_ratio": 0.86,
            "account_receivable_turnover_ratio": null,
            "reinvestment_rate": null,
            "research_to_sale_ratio": null,
            "price_fair": 26.88,
            "eps_avg_yearly": 0.77,
            "eps_latest_yearly": 1.2,
            "eps_growth_yearly": 1646.41
        },
        "20041": {
            "year_quarter": 20041,
            "year": 2004,
            "quarter": 1,
            "eps": 0.22,
            "eps_growth_year": -4.35,
            "eps_4q": 0.05,
            "eps_4q_growth_year": -91.54,
            "roe": 1.25,
            "roe_4q": 0.6300000000000001,
            "gross_profit": 8115,
            "gross_margin": 2.9,
            "gross_margin_4q_avg": 5.83,
            "net_income": 18075,
            "revenue": 279360,
            "common_shares": 875000,
            "book_valuer_per_share": 16.05,
            "book_valuer_per_share_4q_avg": 16.18,
            "equity": 1404418,
            "current_ratio": 261.8,
            "debt_ratio": 14.07,
            "inventory_turnover_ratio": 0.85,
            "account_receivable_turnover_ratio": null,
            "reinvestment_rate": null,
            "research_to_sale_ratio": null,
            "price_fair": 26.88,
            "eps_avg_yearly": 0.77,
            "eps_latest_yearly": 1.2,
            "eps_growth_yearly": 1646.41
        },
        "20042": {
            "year_quarter": 20042,
            "year": 2004,
            "quarter": 2,
            "eps": -0.45,
            "eps_growth_year": -250,
            "eps_4q": -0.59,
            "eps_4q_growth_year": -195.5,
            "roe": -2.69,
            "roe_4q": -3.72,
            "gross_profit": 4920,
            "gross_margin": 1.74,
            "gross_margin_4q_avg": 3.66,
            "net_income": -37143,
            "revenue": 282916,
            "common_shares": 875000,
            "book_valuer_per_share": 15.56,
            "book_valuer_per_share_4q_avg": 15.91,
            "equity": 1361665,
            "current_ratio": 217.35,
            "debt_ratio": 15.52,
            "inventory_turnover_ratio": 1.01,
            "account_receivable_turnover_ratio": null,
            "reinvestment_rate": null,
            "research_to_sale_ratio": null,
            "price_fair": 26.88,
            "eps_avg_yearly": 0.77,
            "eps_latest_yearly": 1.2,
            "eps_growth_yearly": 1646.41
        },
        "20043": {
            "year_quarter": 20043,
            "year": 2004,
            "quarter": 3,
            "eps": -0.1,
            "eps_growth_year": null,
            "eps_4q": -0.63,
            "eps_4q_growth_year": -291.07,
            "roe": -0.6,
            "roe_4q": -3.9299999999999997,
            "gross_profit": 17504,
            "gross_margin": 6.53,
            "gross_margin_4q_avg": 4.03,
            "net_income": -8129,
            "revenue": 268210,
            "common_shares": 875000,
            "book_valuer_per_share": 15.38,
            "book_valuer_per_share_4q_avg": 15.71,
            "equity": 1345521,
            "current_ratio": 241.11,
            "debt_ratio": 14.61,
            "inventory_turnover_ratio": 0.92,
            "account_receivable_turnover_ratio": null,
            "reinvestment_rate": null,
            "research_to_sale_ratio": null,
            "price_fair": 26.88,
            "eps_avg_yearly": 0.77,
            "eps_latest_yearly": 1.2,
            "eps_growth_yearly": 1646.41
        },
        "20044": {
            "year_quarter": 20044,
            "year": 2004,
            "quarter": 4,
            "eps": -0.29,
            "eps_growth_year": null,
            "eps_4q": -0.61,
            "eps_4q_growth_year": -153182.32,
            "roe": -1.66,
            "roe_4q": -3.6999999999999993,
            "gross_profit": 10456,
            "gross_margin": 3.79,
            "gross_margin_4q_avg": 3.74,
            "net_income": -23606,
            "revenue": 275595,
            "common_shares": 875000,
            "book_valuer_per_share": 15.12,
            "book_valuer_per_share_4q_avg": 15.53,
            "equity": 1501309,
            "current_ratio": 189.23,
            "debt_ratio": 19.65,
            "inventory_turnover_ratio": 0.78,
            "account_receivable_turnover_ratio": null,
            "reinvestment_rate": null,
            "research_to_sale_ratio": null,
            "price_fair": 26.88,
            "eps_avg_yearly": 0.77,
            "eps_latest_yearly": 1.2,
            "eps_growth_yearly": 1646.41
        },
        "20051": {
            "year_quarter": 20051,
            "year": 2005,
            "quarter": 1,
            "eps": -0.62,
            "eps_growth_year": -381.82,
            "eps_4q": -1.46,
            "eps_4q_growth_year": -2793.84,
            "roe": -3.65,
            "roe_4q": -8.6,
            "gross_profit": 5042,
            "gross_margin": 2.75,
            "gross_margin_4q_avg": 3.7,
            "net_income": -50540,
            "revenue": 183641,
            "common_shares": 875000,
            "book_valuer_per_share": 14.53,
            "book_valuer_per_share_4q_avg": 15.15,
            "equity": 1271584,
            "current_ratio": 221.05,
            "debt_ratio": 16.22,
            "inventory_turnover_ratio": 0.5,
            "account_receivable_turnover_ratio": null,
            "reinvestment_rate": null,
            "research_to_sale_ratio": null,
            "price_fair": 26.88,
            "eps_avg_yearly": 0.77,
            "eps_latest_yearly": 1.2,
            "eps_growth_yearly": 1646.41
        },
        "20052": {
            "year_quarter": 20052,
            "year": 2005,
            "quarter": 2,
            "eps": -0.48,
            "eps_growth_year": null,
            "eps_4q": -1.39,
            "eps_4q_growth_year": null,
            "roe": -3.13,
            "roe_4q": -9.04,
            "gross_profit": -6458,
            "gross_margin": -2.33,
            "gross_margin_4q_avg": 2.69,
            "net_income": -39117,
            "revenue": 277282,
            "common_shares": 875000,
            "book_valuer_per_share": 14.06,
            "book_valuer_per_share_4q_avg": 14.77,
            "equity": 1229916,
            "current_ratio": 262.7,
            "debt_ratio": 11.9,
            "inventory_turnover_ratio": 0.97,
            "account_receivable_turnover_ratio": null,
            "reinvestment_rate": null,
            "research_to_sale_ratio": null,
            "price_fair": 26.88,
            "eps_avg_yearly": 0.77,
            "eps_latest_yearly": 1.2,
            "eps_growth_yearly": 1646.41
        },
        "20053": {
            "year_quarter": 20053,
            "year": 2005,
            "quarter": 3,
            "eps": -0.33,
            "eps_growth_year": null,
            "eps_4q": -1.6,
            "eps_4q_growth_year": null,
            "roe": -2.22,
            "roe_4q": -10.66,
            "gross_profit": -16249,
            "gross_margin": -5.84,
            "gross_margin_4q_avg": -0.41,
            "net_income": -27059,
            "revenue": 278281,
            "common_shares": 875000,
            "book_valuer_per_share": 13.77,
            "book_valuer_per_share_4q_avg": 14.37,
            "equity": 1205064,
            "current_ratio": 202.41,
            "debt_ratio": 15.34,
            "inventory_turnover_ratio": 1.19,
            "account_receivable_turnover_ratio": null,
            "reinvestment_rate": null,
            "research_to_sale_ratio": null,
            "price_fair": 26.88,
            "eps_avg_yearly": 0.77,
            "eps_latest_yearly": 1.2,
            "eps_growth_yearly": 1646.41
        },
        "20054": {
            "year_quarter": 20054,
            "year": 2005,
            "quarter": 4,
            "eps": -0.25,
            "eps_growth_year": null,
            "eps_4q": -1.44,
            "eps_4q_growth_year": null,
            "roe": -1.59,
            "roe_4q": -10.59,
            "gross_profit": 8947,
            "gross_margin": 4.4,
            "gross_margin_4q_avg": -0.26,
            "net_income": -20177,
            "revenue": 203519,
            "common_shares": 875000,
            "book_valuer_per_share": 13.43,
            "book_valuer_per_share_4q_avg": 13.95,
            "equity": 1327599,
            "current_ratio": 114.93,
            "debt_ratio": 31.5,
            "inventory_turnover_ratio": 0.67,
            "account_receivable_turnover_ratio": null,
            "reinvestment_rate": null,
            "research_to_sale_ratio": null,
            "price_fair": 26.88,
            "eps_avg_yearly": 0.77,
            "eps_latest_yearly": 1.2,
            "eps_growth_yearly": 1646.41
        },
        "20061": {
            "year_quarter": 20061,
            "year": 2006,
            "quarter": 1,
            "eps": -0.26,
            "eps_growth_year": null,
            "eps_4q": -1.33,
            "eps_4q_growth_year": null,
            "roe": -1.68,
            "roe_4q": -8.620000000000001,
            "gross_profit": -5636,
            "gross_margin": -2.72,
            "gross_margin_4q_avg": -1.62,
            "net_income": -20978,
            "revenue": 206829,
            "common_shares": 875000,
            "book_valuer_per_share": 13.29,
            "book_valuer_per_share_4q_avg": 13.64,
            "equity": 1163136,
            "current_ratio": 264.48,
            "debt_ratio": 10.59,
            "inventory_turnover_ratio": 0.75,
            "account_receivable_turnover_ratio": null,
            "reinvestment_rate": null,
            "research_to_sale_ratio": null,
            "price_fair": 26.88,
            "eps_avg_yearly": 0.77,
            "eps_latest_yearly": 1.2,
            "eps_growth_yearly": 1646.41
        },
        "20062": {
            "year_quarter": 20062,
            "year": 2006,
            "quarter": 2,
            "eps": -0.04,
            "eps_growth_year": null,
            "eps_4q": -0.82,
            "eps_4q_growth_year": null,
            "roe": -0.27,
            "roe_4q": -5.76,
            "gross_profit": 11334,
            "gross_margin": 4.3,
            "gross_margin_4q_avg": 0.04,
            "net_income": -3123,
            "revenue": 263465,
            "common_shares": 875000,
            "book_valuer_per_share": 13.32,
            "book_valuer_per_share_4q_avg": 13.45,
            "equity": 1165272,
            "current_ratio": 285.33,
            "debt_ratio": 10.6,
            "inventory_turnover_ratio": 1.14,
            "account_receivable_turnover_ratio": null,
            "reinvestment_rate": null,
            "research_to_sale_ratio": null,
            "price_fair": 22.05,
            "eps_avg_yearly": 0.63,
            "eps_latest_yearly": 1.2,
            "eps_growth_yearly": 2068.82
        },
        "20063": {
            "year_quarter": 20063,
            "year": 2006,
            "quarter": 3,
            "eps": -0.33,
            "eps_growth_year": null,
            "eps_4q": -0.82,
            "eps_4q_growth_year": null,
            "roe": -2.34,
            "roe_4q": -5.88,
            "gross_profit": 2566,
            "gross_margin": 1.31,
            "gross_margin_4q_avg": 1.82,
            "net_income": -27108,
            "revenue": 196586,
            "common_shares": 875000,
            "book_valuer_per_share": 13.11,
            "book_valuer_per_share_4q_avg": 13.29,
            "equity": 1146843,
            "current_ratio": 347.1,
            "debt_ratio": 9.35,
            "inventory_turnover_ratio": 0.92,
            "account_receivable_turnover_ratio": null,
            "reinvestment_rate": null,
            "research_to_sale_ratio": null,
            "price_fair": 25.2,
            "eps_avg_yearly": 0.72,
            "eps_latest_yearly": 1.2,
            "eps_growth_yearly": 2855.39
        },
        "20064": {
            "year_quarter": 20064,
            "year": 2006,
            "quarter": 4,
            "eps": -0.58,
            "eps_growth_year": null,
            "eps_4q": -1.17,
            "eps_4q_growth_year": null,
            "roe": -3.9,
            "roe_4q": -8.19,
            "gross_profit": 10009,
            "gross_margin": 4.93,
            "gross_margin_4q_avg": 1.96,
            "net_income": -47433,
            "revenue": 202988,
            "common_shares": 875000,
            "book_valuer_per_share": 12.68,
            "book_valuer_per_share_4q_avg": 13.1,
            "equity": 1283624,
            "current_ratio": 117.46,
            "debt_ratio": 40.01,
            "inventory_turnover_ratio": 0.56,
            "account_receivable_turnover_ratio": null,
            "reinvestment_rate": null,
            "research_to_sale_ratio": null,
            "price_fair": 37.1,
            "eps_avg_yearly": 1.06,
            "eps_latest_yearly": 1.2,
            "eps_growth_yearly": 4460.87
        },
        "20071": {
            "year_quarter": 20071,
            "year": 2007,
            "quarter": 1,
            "eps": -0.15,
            "eps_growth_year": null,
            "eps_4q": -1.13,
            "eps_4q_growth_year": null,
            "roe": -0.99,
            "roe_4q": -7.5,
            "gross_profit": 832,
            "gross_margin": 0.36,
            "gross_margin_4q_avg": 2.73,
            "net_income": -11923,
            "revenue": 230556,
            "common_shares": 875000,
            "book_valuer_per_share": 12.87,
            "book_valuer_per_share_4q_avg": 13,
            "equity": 1126347,
            "current_ratio": 297.47,
            "debt_ratio": 11.7,
            "inventory_turnover_ratio": 0.68,
            "account_receivable_turnover_ratio": null,
            "reinvestment_rate": null,
            "research_to_sale_ratio": null,
            "price_fair": 42,
            "eps_avg_yearly": 1.2,
            "eps_latest_yearly": 1.2,
            "eps_growth_yearly": 121.74
        },
        "20072": {
            "year_quarter": 20072,
            "year": 2007,
            "quarter": 2,
            "eps": -0.63,
            "eps_growth_year": null,
            "eps_4q": -1.58,
            "eps_4q_growth_year": null,
            "roe": -4.67,
            "roe_4q": -11.9,
            "gross_profit": 9494,
            "gross_margin": 4.05,
            "gross_margin_4q_avg": 2.66,
            "net_income": -51736,
            "revenue": 234153,
            "common_shares": 875000,
            "book_valuer_per_share": 12.42,
            "book_valuer_per_share_4q_avg": 12.77,
            "equity": 1087041,
            "current_ratio": 337.61,
            "debt_ratio": 10.88,
            "inventory_turnover_ratio": 1.17,
            "account_receivable_turnover_ratio": null,
            "reinvestment_rate": null,
            "research_to_sale_ratio": null,
            "price_fair": 0,
            "eps_avg_yearly": 0,
            "eps_latest_yearly": 0,
            "eps_growth_yearly": 0
        },
        "20073": {
            "year_quarter": 20073,
            "year": 2007,
            "quarter": 3,
            "eps": -0.43,
            "eps_growth_year": null,
            "eps_4q": -1.67,
            "eps_4q_growth_year": null,
            "roe": -3.31,
            "roe_4q": -12.870000000000001,
            "gross_profit": -6240,
            "gross_margin": -2.92,
            "gross_margin_4q_avg": 1.61,
            "net_income": -35358,
            "revenue": 213818,
            "common_shares": 875000,
            "book_valuer_per_share": 11.99,
            "book_valuer_per_share_4q_avg": 12.49,
            "equity": 1049305,
            "current_ratio": 219.9,
            "debt_ratio": 17.47,
            "inventory_turnover_ratio": 1.13,
            "account_receivable_turnover_ratio": null,
            "reinvestment_rate": null,
            "research_to_sale_ratio": null,
            "price_fair": 0,
            "eps_avg_yearly": 0,
            "eps_latest_yearly": 0,
            "eps_growth_yearly": 0
        },
        "20074": {
            "year_quarter": 20074,
            "year": 2007,
            "quarter": 4,
            "eps": -0.71,
            "eps_growth_year": null,
            "eps_4q": -1.54,
            "eps_4q_growth_year": null,
            "roe": -5.22,
            "roe_4q": -14.19,
            "gross_profit": 33469,
            "gross_margin": 14.31,
            "gross_margin_4q_avg": 3.95,
            "net_income": -57916,
            "revenue": 233844,
            "common_shares": 875000,
            "book_valuer_per_share": 11.75,
            "book_valuer_per_share_4q_avg": 12.26,
            "equity": 1169569,
            "current_ratio": 113,
            "debt_ratio": 46.52,
            "inventory_turnover_ratio": 0.6,
            "account_receivable_turnover_ratio": null,
            "reinvestment_rate": null,
            "research_to_sale_ratio": null,
            "price_fair": 0,
            "eps_avg_yearly": 0,
            "eps_latest_yearly": 0,
            "eps_growth_yearly": 0
        },
        "20081": {
            "year_quarter": 20081,
            "year": 2008,
            "quarter": 1,
            "eps": -0.55,
            "eps_growth_year": null,
            "eps_4q": -1.87,
            "eps_4q_growth_year": null,
            "roe": -4.98,
            "roe_4q": -18.18,
            "gross_profit": -21326,
            "gross_margin": -5.67,
            "gross_margin_4q_avg": 2.44,
            "net_income": -55838,
            "revenue": 376403,
            "common_shares": 875000,
            "book_valuer_per_share": 10.95,
            "book_valuer_per_share_4q_avg": 11.78,
            "equity": 1071697,
            "current_ratio": 104.21,
            "debt_ratio": 47.96,
            "inventory_turnover_ratio": 0.84,
            "account_receivable_turnover_ratio": null,
            "reinvestment_rate": null,
            "research_to_sale_ratio": null,
            "price_fair": 0,
            "eps_avg_yearly": 0,
            "eps_latest_yearly": 0,
            "eps_growth_yearly": 0
        },
        "20082": {
            "year_quarter": 20082,
            "year": 2008,
            "quarter": 2,
            "eps": -0.68,
            "eps_growth_year": null,
            "eps_4q": -2.22,
            "eps_4q_growth_year": null,
            "roe": -7.34,
            "roe_4q": -20.849999999999998,
            "gross_profit": -16670,
            "gross_margin": -4.19,
            "gross_margin_4q_avg": 0.38,
            "net_income": -74276,
            "revenue": 397965,
            "common_shares": 875000,
            "book_valuer_per_share": 9.86,
            "book_valuer_per_share_4q_avg": 11.14,
            "equity": 951179,
            "current_ratio": 96.26,
            "debt_ratio": 50.94,
            "inventory_turnover_ratio": 0.9,
            "account_receivable_turnover_ratio": null,
            "reinvestment_rate": null,
            "research_to_sale_ratio": null,
            "price_fair": 0,
            "eps_avg_yearly": 0,
            "eps_latest_yearly": 0,
            "eps_growth_yearly": 0
        },
        "20083": {
            "year_quarter": 20083,
            "year": 2008,
            "quarter": 3,
            "eps": -0.32,
            "eps_growth_year": null,
            "eps_4q": -2.12,
            "eps_4q_growth_year": null,
            "roe": -3.19,
            "roe_4q": -20.73,
            "gross_profit": -9292,
            "gross_margin": -2.79,
            "gross_margin_4q_avg": 0.42,
            "net_income": -30027,
            "revenue": 332795,
            "common_shares": 875000,
            "book_valuer_per_share": 9.64,
            "book_valuer_per_share_4q_avg": 10.55,
            "equity": 932281,
            "current_ratio": 90.76,
            "debt_ratio": 50.24,
            "inventory_turnover_ratio": 0.81,
            "account_receivable_turnover_ratio": null,
            "reinvestment_rate": null,
            "research_to_sale_ratio": null,
            "price_fair": 0,
            "eps_avg_yearly": 0,
            "eps_latest_yearly": 0,
            "eps_growth_yearly": 0
        },
        "20084": {
            "year_quarter": 20084,
            "year": 2008,
            "quarter": 4,
            "eps": -0.82,
            "eps_growth_year": null,
            "eps_4q": -1.86,
            "eps_4q_growth_year": null,
            "roe": -9.61,
            "roe_4q": -25.12,
            "gross_profit": -33927,
            "gross_margin": -14.19,
            "gross_margin_4q_avg": -6.71,
            "net_income": -87913,
            "revenue": 239101,
            "common_shares": 875000,
            "book_valuer_per_share": 9.49,
            "book_valuer_per_share_4q_avg": 9.99,
            "equity": 897769,
            "current_ratio": 80.32,
            "debt_ratio": 51.14,
            "inventory_turnover_ratio": 0.71,
            "account_receivable_turnover_ratio": 5.78,
            "reinvestment_rate": null,
            "research_to_sale_ratio": null,
            "price_fair": 0,
            "eps_avg_yearly": 0,
            "eps_latest_yearly": 0,
            "eps_growth_yearly": 0
        },
        "20091": {
            "year_quarter": 20091,
            "year": 2009,
            "quarter": 1,
            "eps": -0.82,
            "eps_growth_year": null,
            "eps_4q": -2.49,
            "eps_4q_growth_year": null,
            "roe": -10.56,
            "roe_4q": -30.700000000000003,
            "gross_profit": -39052,
            "gross_margin": -21.84,
            "gross_margin_4q_avg": -10.75,
            "net_income": -90229,
            "revenue": 178833,
            "common_shares": 875000,
            "book_valuer_per_share": 8.74,
            "book_valuer_per_share_4q_avg": 9.43,
            "equity": 811177,
            "current_ratio": 72.24,
            "debt_ratio": 54.75,
            "inventory_turnover_ratio": 0.59,
            "account_receivable_turnover_ratio": 2.17,
            "reinvestment_rate": null,
            "research_to_sale_ratio": null,
            "price_fair": 0,
            "eps_avg_yearly": 0,
            "eps_latest_yearly": 0,
            "eps_growth_yearly": 0
        },
        "20092": {
            "year_quarter": 20092,
            "year": 2009,
            "quarter": 2,
            "eps": -0.6,
            "eps_growth_year": null,
            "eps_4q": -2.41,
            "eps_4q_growth_year": null,
            "roe": -8.19,
            "roe_4q": -31.55,
            "gross_profit": -49641,
            "gross_margin": -22.25,
            "gross_margin_4q_avg": -15.27,
            "net_income": -64035,
            "revenue": 223084,
            "common_shares": 875000,
            "book_valuer_per_share": 8.21,
            "book_valuer_per_share_4q_avg": 9.02,
            "equity": 753071,
            "current_ratio": 62.62,
            "debt_ratio": 55.96,
            "inventory_turnover_ratio": 0.85,
            "account_receivable_turnover_ratio": 2.6,
            "reinvestment_rate": null,
            "research_to_sale_ratio": null,
            "price_fair": 0,
            "eps_avg_yearly": 0,
            "eps_latest_yearly": 0,
            "eps_growth_yearly": 0
        },
        "20093": {
            "year_quarter": 20093,
            "year": 2009,
            "quarter": 3,
            "eps": -0.75,
            "eps_growth_year": null,
            "eps_4q": -2.82,
            "eps_4q_growth_year": null,
            "roe": -9.02,
            "roe_4q": -37.38,
            "gross_profit": -21633,
            "gross_margin": -10.68,
            "gross_margin_4q_avg": -17.24,
            "net_income": -65054,
            "revenue": 202467,
            "common_shares": 875000,
            "book_valuer_per_share": 7.54,
            "book_valuer_per_share_4q_avg": 8.5,
            "equity": 689913,
            "current_ratio": 58.45,
            "debt_ratio": 58.38,
            "inventory_turnover_ratio": 0.84,
            "account_receivable_turnover_ratio": 2.21,
            "reinvestment_rate": null,
            "research_to_sale_ratio": null,
            "price_fair": 0,
            "eps_avg_yearly": 0,
            "eps_latest_yearly": 0,
            "eps_growth_yearly": 0
        },
        "20094": {
            "year_quarter": 20094,
            "year": 2009,
            "quarter": 4,
            "eps": -0.28,
            "eps_growth_year": null,
            "eps_4q": -2.46,
            "eps_4q_growth_year": null,
            "roe": -3.46,
            "roe_4q": -31.230000000000004,
            "gross_profit": 26881,
            "gross_margin": 8.9,
            "gross_margin_4q_avg": -11.47,
            "net_income": -23656,
            "revenue": 301952,
            "common_shares": 875000,
            "book_valuer_per_share": 7.86,
            "book_valuer_per_share_4q_avg": 8.09,
            "equity": 675729,
            "current_ratio": 58.02,
            "debt_ratio": 57.54,
            "inventory_turnover_ratio": 1.2,
            "account_receivable_turnover_ratio": 4.69,
            "reinvestment_rate": null,
            "research_to_sale_ratio": null,
            "price_fair": 0,
            "eps_avg_yearly": 0,
            "eps_latest_yearly": 0,
            "eps_growth_yearly": 0
        },
        "20101": {
            "year_quarter": 20101,
            "year": 2010,
            "quarter": 1,
            "eps": -0.08,
            "eps_growth_year": null,
            "eps_4q": -1.72,
            "eps_4q_growth_year": null,
            "roe": -0.99,
            "roe_4q": -21.659999999999997,
            "gross_profit": 18107,
            "gross_margin": 5.46,
            "gross_margin_4q_avg": -4.64,
            "net_income": -6651,
            "revenue": 331804,
            "common_shares": 875000,
            "book_valuer_per_share": 7.82,
            "book_valuer_per_share_4q_avg": 7.86,
            "equity": 673540,
            "current_ratio": 64.34,
            "debt_ratio": 59.86,
            "inventory_turnover_ratio": 1.34,
            "account_receivable_turnover_ratio": 2.66,
            "reinvestment_rate": null,
            "research_to_sale_ratio": 0.32,
            "price_fair": 0,
            "eps_avg_yearly": 0,
            "eps_latest_yearly": 0,
            "eps_growth_yearly": 0
        },
        "20102": {
            "year_quarter": 20102,
            "year": 2010,
            "quarter": 2,
            "eps": -0.15,
            "eps_growth_year": null,
            "eps_4q": -1.27,
            "eps_4q_growth_year": null,
            "roe": -2.15,
            "roe_4q": -15.62,
            "gross_profit": 9849,
            "gross_margin": 2.81,
            "gross_margin_4q_avg": 1.62,
            "net_income": -14169,
            "revenue": 349933,
            "common_shares": 875000,
            "book_valuer_per_share": 7.71,
            "book_valuer_per_share_4q_avg": 7.73,
            "equity": 647022,
            "current_ratio": 62.03,
            "debt_ratio": 61.03,
            "inventory_turnover_ratio": 1.33,
            "account_receivable_turnover_ratio": 2.59,
            "reinvestment_rate": null,
            "research_to_sale_ratio": 0.29,
            "price_fair": 0,
            "eps_avg_yearly": 0,
            "eps_latest_yearly": 0,
            "eps_growth_yearly": 0
        },
        "20103": {
            "year_quarter": 20103,
            "year": 2010,
            "quarter": 3,
            "eps": -0.11,
            "eps_growth_year": null,
            "eps_4q": -0.62,
            "eps_4q_growth_year": null,
            "roe": -1.4,
            "roe_4q": -8,
            "gross_profit": 5642,
            "gross_margin": 1.54,
            "gross_margin_4q_avg": 4.68,
            "net_income": -9042,
            "revenue": 365212,
            "common_shares": 875000,
            "book_valuer_per_share": 7.7,
            "book_valuer_per_share_4q_avg": 7.77,
            "equity": 646730,
            "current_ratio": 59.81,
            "debt_ratio": 60.66,
            "inventory_turnover_ratio": 1.46,
            "account_receivable_turnover_ratio": 2.53,
            "reinvestment_rate": null,
            "research_to_sale_ratio": 0.29,
            "price_fair": 0,
            "eps_avg_yearly": 0,
            "eps_latest_yearly": 0,
            "eps_growth_yearly": 0
        },
        "20104": {
            "year_quarter": 20104,
            "year": 2010,
            "quarter": 4,
            "eps": -0.16,
            "eps_growth_year": null,
            "eps_4q": -0.5,
            "eps_4q_growth_year": null,
            "roe": -2.16,
            "roe_4q": -6.7,
            "gross_profit": 13653,
            "gross_margin": 3.14,
            "gross_margin_4q_avg": 3.24,
            "net_income": -13629,
            "revenue": 434201,
            "common_shares": 875000,
            "book_valuer_per_share": 7.32,
            "book_valuer_per_share_4q_avg": 7.64,
            "equity": 614736,
            "current_ratio": 64.23,
            "debt_ratio": 63.75,
            "inventory_turnover_ratio": 1.73,
            "account_receivable_turnover_ratio": 2.89,
            "reinvestment_rate": null,
            "research_to_sale_ratio": 0.19,
            "price_fair": 0,
            "eps_avg_yearly": 0,
            "eps_latest_yearly": 0,
            "eps_growth_yearly": 0
        },
        "20111": {
            "year_quarter": 20111,
            "year": 2011,
            "quarter": 1,
            "eps": 0.38,
            "eps_growth_year": null,
            "eps_4q": -0.03,
            "eps_4q_growth_year": null,
            "roe": 4.98,
            "roe_4q": -0.7299999999999995,
            "gross_profit": 55664,
            "gross_margin": 11.49,
            "gross_margin_4q_avg": 4.75,
            "net_income": 31404,
            "revenue": 484557,
            "common_shares": 875000,
            "book_valuer_per_share": 7.71,
            "book_valuer_per_share_4q_avg": 7.61,
            "equity": 646451,
            "current_ratio": 66.92,
            "debt_ratio": 62.7,
            "inventory_turnover_ratio": 1.52,
            "account_receivable_turnover_ratio": 3.3,
            "reinvestment_rate": null,
            "research_to_sale_ratio": 0.15,
            "price_fair": 0,
            "eps_avg_yearly": 0,
            "eps_latest_yearly": 0,
            "eps_growth_yearly": 0
        },
        "20112": {
            "year_quarter": 20112,
            "year": 2011,
            "quarter": 2,
            "eps": 0.43,
            "eps_growth_year": null,
            "eps_4q": 0.54,
            "eps_4q_growth_year": null,
            "roe": 5.24,
            "roe_4q": 6.66,
            "gross_profit": 63685,
            "gross_margin": 13.38,
            "gross_margin_4q_avg": 7.39,
            "net_income": 34574,
            "revenue": 475929,
            "common_shares": 875000,
            "book_valuer_per_share": 8.04,
            "book_valuer_per_share_4q_avg": 7.69,
            "equity": 673003,
            "current_ratio": 70.4,
            "debt_ratio": 61.34,
            "inventory_turnover_ratio": 1.29,
            "account_receivable_turnover_ratio": 3.56,
            "reinvestment_rate": null,
            "research_to_sale_ratio": 0.3,
            "price_fair": 60.2,
            "eps_avg_yearly": 1.72,
            "eps_latest_yearly": 1.72,
            "eps_growth_yearly": 52.63
        },
        "20113": {
            "year_quarter": 20113,
            "year": 2011,
            "quarter": 3,
            "eps": -0.15,
            "eps_growth_year": null,
            "eps_4q": 0.83,
            "eps_4q_growth_year": null,
            "roe": -1.24,
            "roe_4q": 6.82,
            "gross_profit": 14897,
            "gross_margin": 3.43,
            "gross_margin_4q_avg": 7.86,
            "net_income": -8366,
            "revenue": 433775,
            "common_shares": 595000,
            "book_valuer_per_share": 12.21,
            "book_valuer_per_share_4q_avg": 8.82,
            "equity": 673779,
            "current_ratio": 66.99,
            "debt_ratio": 59.93,
            "inventory_turnover_ratio": 1.41,
            "account_receivable_turnover_ratio": 2.81,
            "reinvestment_rate": null,
            "research_to_sale_ratio": 0.5,
            "price_fair": 60.2,
            "eps_avg_yearly": 1.72,
            "eps_latest_yearly": 1.72,
            "eps_growth_yearly": 52.63
        },
        "20114": {
            "year_quarter": 20114,
            "year": 2011,
            "quarter": 4,
            "eps": -3.86,
            "eps_growth_year": null,
            "eps_4q": -2.81,
            "eps_4q_growth_year": null,
            "roe": -36.92,
            "roe_4q": -27.94,
            "gross_profit": -27261,
            "gross_margin": -11.81,
            "gross_margin_4q_avg": 4.12,
            "net_income": -212842,
            "revenue": 230756,
            "common_shares": 595000,
            "book_valuer_per_share": 8.32,
            "book_valuer_per_share_4q_avg": 9.07,
            "equity": 479306,
            "current_ratio": 60.23,
            "debt_ratio": 65.34,
            "inventory_turnover_ratio": 1.01,
            "account_receivable_turnover_ratio": 1.58,
            "reinvestment_rate": null,
            "research_to_sale_ratio": 1.15,
            "price_fair": 60.2,
            "eps_avg_yearly": 1.72,
            "eps_latest_yearly": 1.72,
            "eps_growth_yearly": 52.63
        },
        "20121": {
            "year_quarter": 20121,
            "year": 2012,
            "quarter": 1,
            "eps": -0.49,
            "eps_growth_year": -228.95,
            "eps_4q": -3.87,
            "eps_4q_growth_year": null,
            "roe": -5.95,
            "roe_4q": -38.870000000000005,
            "gross_profit": -680,
            "gross_margin": -0.3,
            "gross_margin_4q_avg": 1.18,
            "net_income": -27688,
            "revenue": 229961,
            "common_shares": 595000,
            "book_valuer_per_share": 7.83,
            "book_valuer_per_share_4q_avg": 9.1,
            "equity": 451616,
            "current_ratio": 56.46,
            "debt_ratio": 66.12,
            "inventory_turnover_ratio": 0.96,
            "account_receivable_turnover_ratio": 2.01,
            "reinvestment_rate": null,
            "research_to_sale_ratio": 1.05,
            "price_fair": 60.2,
            "eps_avg_yearly": 1.72,
            "eps_latest_yearly": 1.72,
            "eps_growth_yearly": 52.63
        },
        "20122": {
            "year_quarter": 20122,
            "year": 2012,
            "quarter": 2,
            "eps": -0.92,
            "eps_growth_year": -315.93,
            "eps_4q": -5.41,
            "eps_4q_growth_year": -1100,
            "roe": -12.33,
            "roe_4q": -56.440000000000005,
            "gross_profit": -31291,
            "gross_margin": -18.67,
            "gross_margin_4q_avg": -6.84,
            "net_income": -51517,
            "revenue": 167563,
            "common_shares": 595000,
            "book_valuer_per_share": 6.63,
            "book_valuer_per_share_4q_avg": 8.75,
            "equity": 384038,
            "current_ratio": 54.57,
            "debt_ratio": 70.84,
            "inventory_turnover_ratio": 0.81,
            "account_receivable_turnover_ratio": 1.67,
            "reinvestment_rate": null,
            "research_to_sale_ratio": 3.51,
            "price_fair": 60.2,
            "eps_avg_yearly": 1.72,
            "eps_latest_yearly": 1.72,
            "eps_growth_yearly": 52.63
        },
        "20123": {
            "year_quarter": 20123,
            "year": 2012,
            "quarter": 3,
            "eps": -0.14,
            "eps_growth_year": null,
            "eps_4q": -4.96,
            "eps_4q_growth_year": -696.06,
            "roe": -2.1,
            "roe_4q": -57.3,
            "gross_profit": 1631,
            "gross_margin": 0.64,
            "gross_margin_4q_avg": -7.54,
            "net_income": -8583,
            "revenue": 253950,
            "common_shares": 645000,
            "book_valuer_per_share": 6.89,
            "book_valuer_per_share_4q_avg": 7.42,
            "equity": 433890,
            "current_ratio": 58.91,
            "debt_ratio": 67.9,
            "inventory_turnover_ratio": 1.02,
            "account_receivable_turnover_ratio": 1.94,
            "reinvestment_rate": null,
            "research_to_sale_ratio": 2.92,
            "price_fair": 60.2,
            "eps_avg_yearly": 1.72,
            "eps_latest_yearly": 1.72,
            "eps_growth_yearly": 52.63
        },
        "20124": {
            "year_quarter": 20124,
            "year": 2012,
            "quarter": 4,
            "eps": -1.19,
            "eps_growth_year": null,
            "eps_4q": -2.54,
            "eps_4q_growth_year": null,
            "roe": -18.52,
            "roe_4q": -38.900000000000006,
            "gross_profit": -17530,
            "gross_margin": -8.31,
            "gross_margin_4q_avg": -6.66,
            "net_income": -76564,
            "revenue": 210873,
            "common_shares": 666500,
            "book_valuer_per_share": 6.1,
            "book_valuer_per_share_4q_avg": 6.86,
            "equity": 392873,
            "current_ratio": 57.47,
            "debt_ratio": 69.27,
            "inventory_turnover_ratio": 0.99,
            "account_receivable_turnover_ratio": 1.44,
            "reinvestment_rate": null,
            "research_to_sale_ratio": 1.75,
            "price_fair": 60.2,
            "eps_avg_yearly": 1.72,
            "eps_latest_yearly": 1.72,
            "eps_growth_yearly": 52.63
        },
        "20131": {
            "year_quarter": 20131,
            "year": 2013,
            "quarter": 1,
            "eps": -0.5,
            "eps_growth_year": null,
            "eps_4q": -2.62,
            "eps_4q_growth_year": null,
            "roe": -9.66,
            "roe_4q": -42.61,
            "gross_profit": -6248,
            "gross_margin": -3.04,
            "gross_margin_4q_avg": -7.35,
            "net_income": -36323,
            "revenue": 205616,
            "common_shares": 666500,
            "book_valuer_per_share": 5.94,
            "book_valuer_per_share_4q_avg": 6.39,
            "equity": 358865,
            "current_ratio": 51.76,
            "debt_ratio": 71.13,
            "inventory_turnover_ratio": 0.99,
            "account_receivable_turnover_ratio": 1.75,
            "reinvestment_rate": null,
            "research_to_sale_ratio": null,
            "price_fair": 60.2,
            "eps_avg_yearly": 1.72,
            "eps_latest_yearly": 1.72,
            "eps_growth_yearly": 52.63
        },
        "20132": {
            "year_quarter": 20132,
            "year": 2013,
            "quarter": 2,
            "eps": -0.53,
            "eps_growth_year": null,
            "eps_4q": -2.35,
            "eps_4q_growth_year": null,
            "roe": -13.53,
            "roe_4q": -43.809999999999995,
            "gross_profit": 7976,
            "gross_margin": 3.74,
            "gross_margin_4q_avg": -1.74,
            "net_income": -45149,
            "revenue": 213059,
            "common_shares": 666500,
            "book_valuer_per_share": 5.33,
            "book_valuer_per_share_4q_avg": 6.07,
            "equity": 308374,
            "current_ratio": 63.04,
            "debt_ratio": 73.25,
            "inventory_turnover_ratio": 1,
            "account_receivable_turnover_ratio": 1.82,
            "reinvestment_rate": null,
            "research_to_sale_ratio": null,
            "price_fair": 60.2,
            "eps_avg_yearly": 1.72,
            "eps_latest_yearly": 1.72,
            "eps_growth_yearly": 52.63
        },
        "20133": {
            "year_quarter": 20133,
            "year": 2013,
            "quarter": 3,
            "eps": -0.13,
            "eps_growth_year": null,
            "eps_4q": -2.18,
            "eps_4q_growth_year": null,
            "roe": -2.21,
            "roe_4q": -43.92,
            "gross_profit": 24964,
            "gross_margin": 10.74,
            "gross_margin_4q_avg": 0.78,
            "net_income": -7539,
            "revenue": 232407,
            "common_shares": 716500,
            "book_valuer_per_share": 5.87,
            "book_valuer_per_share_4q_avg": 5.81,
            "equity": 373408,
            "current_ratio": 72.32,
            "debt_ratio": 68.91,
            "inventory_turnover_ratio": 1.1,
            "account_receivable_turnover_ratio": 1.83,
            "reinvestment_rate": null,
            "research_to_sale_ratio": null,
            "price_fair": 60.2,
            "eps_avg_yearly": 1.72,
            "eps_latest_yearly": 1.72,
            "eps_growth_yearly": 52.63
        },
        "20134": {
            "year_quarter": 20134,
            "year": 2013,
            "quarter": 4,
            "eps": -0.22,
            "eps_growth_year": null,
            "eps_4q": -1.3,
            "eps_4q_growth_year": null,
            "roe": -4.64,
            "roe_4q": -30.04,
            "gross_profit": 18779,
            "gross_margin": 8.13,
            "gross_margin_4q_avg": 4.89,
            "net_income": -16759,
            "revenue": 230990,
            "common_shares": 716500,
            "book_valuer_per_share": 5.54,
            "book_valuer_per_share_4q_avg": 5.67,
            "equity": 349111,
            "current_ratio": 66.8,
            "debt_ratio": 66.62,
            "inventory_turnover_ratio": 1.22,
            "account_receivable_turnover_ratio": 1.88,
            "reinvestment_rate": null,
            "research_to_sale_ratio": null,
            "price_fair": 60.2,
            "eps_avg_yearly": 1.72,
            "eps_latest_yearly": 1.72,
            "eps_growth_yearly": 52.63
        },
        "20141": {
            "year_quarter": 20141,
            "year": 2014,
            "quarter": 1,
            "eps": -0.25,
            "eps_growth_year": null,
            "eps_4q": -1.09,
            "eps_4q_growth_year": null,
            "roe": -5.43,
            "roe_4q": -25.810000000000002,
            "gross_profit": 1080,
            "gross_margin": 0.5,
            "gross_margin_4q_avg": 5.78,
            "net_income": -18549,
            "revenue": 217481,
            "common_shares": 716500,
            "book_valuer_per_share": 5.34,
            "book_valuer_per_share_4q_avg": 5.52,
            "equity": 334633,
            "current_ratio": 64.49,
            "debt_ratio": 66.97,
            "inventory_turnover_ratio": 1.25,
            "account_receivable_turnover_ratio": 2.11,
            "reinvestment_rate": null,
            "research_to_sale_ratio": 1.69,
            "price_fair": 60.2,
            "eps_avg_yearly": 1.72,
            "eps_latest_yearly": 1.72,
            "eps_growth_yearly": 52.63
        },
        "20142": {
            "year_quarter": 20142,
            "year": 2014,
            "quarter": 2,
            "eps": -0.25,
            "eps_growth_year": null,
            "eps_4q": -0.85,
            "eps_4q_growth_year": null,
            "roe": -5.6,
            "roe_4q": -17.88,
            "gross_profit": -6036,
            "gross_margin": -2.28,
            "gross_margin_4q_avg": 4.27,
            "net_income": -18160,
            "revenue": 265295,
            "common_shares": 716500,
            "book_valuer_per_share": 5.05,
            "book_valuer_per_share_4q_avg": 5.45,
            "equity": 313654,
            "current_ratio": 63.79,
            "debt_ratio": 70.25,
            "inventory_turnover_ratio": 1.63,
            "account_receivable_turnover_ratio": 2.82,
            "reinvestment_rate": null,
            "research_to_sale_ratio": 2.2,
            "price_fair": 60.2,
            "eps_avg_yearly": 1.72,
            "eps_latest_yearly": 1.72,
            "eps_growth_yearly": 52.63
        },
        "20143": {
            "year_quarter": 20143,
            "year": 2014,
            "quarter": 3,
            "eps": -0.15,
            "eps_growth_year": null,
            "eps_4q": -0.88,
            "eps_4q_growth_year": null,
            "roe": -3.5,
            "roe_4q": -19.169999999999998,
            "gross_profit": 8529,
            "gross_margin": 2.88,
            "gross_margin_4q_avg": 2.31,
            "net_income": -11056,
            "revenue": 296342,
            "common_shares": 716500,
            "book_valuer_per_share": 5.09,
            "book_valuer_per_share_4q_avg": 5.26,
            "equity": 317451,
            "current_ratio": 63.42,
            "debt_ratio": 71.08,
            "inventory_turnover_ratio": 1.82,
            "account_receivable_turnover_ratio": 2.58,
            "reinvestment_rate": null,
            "research_to_sale_ratio": 0.59,
            "price_fair": 60.2,
            "eps_avg_yearly": 1.72,
            "eps_latest_yearly": 1.72,
            "eps_growth_yearly": 52.63
        },
        "20144": {
            "year_quarter": 20144,
            "year": 2014,
            "quarter": 4,
            "eps": -0.23,
            "eps_growth_year": null,
            "eps_4q": -0.87,
            "eps_4q_growth_year": null,
            "roe": -5.21,
            "roe_4q": -19.740000000000002,
            "gross_profit": 1289,
            "gross_margin": 0.64,
            "gross_margin_4q_avg": 0.44,
            "net_income": -16908,
            "revenue": 202446,
            "common_shares": 716500,
            "book_valuer_per_share": 5.24,
            "book_valuer_per_share_4q_avg": 5.18,
            "equity": 331975,
            "current_ratio": 59.65,
            "debt_ratio": 67.71,
            "inventory_turnover_ratio": 1.4,
            "account_receivable_turnover_ratio": 1.74,
            "reinvestment_rate": null,
            "research_to_sale_ratio": 0.06,
            "price_fair": 60.2,
            "eps_avg_yearly": 1.72,
            "eps_latest_yearly": 1.72,
            "eps_growth_yearly": 52.63
        },
        "20151": {
            "year_quarter": 20151,
            "year": 2015,
            "quarter": 1,
            "eps": -0.41,
            "eps_growth_year": null,
            "eps_4q": -1.02,
            "eps_4q_growth_year": null,
            "roe": -9.17,
            "roe_4q": -23.479999999999997,
            "gross_profit": -9043,
            "gross_margin": -4.85,
            "gross_margin_4q_avg": -0.9,
            "net_income": -29935,
            "revenue": 186329,
            "common_shares": 716500,
            "book_valuer_per_share": 5.03,
            "book_valuer_per_share_4q_avg": 5.1,
            "equity": 321175,
            "current_ratio": 61.14,
            "debt_ratio": 69.4,
            "inventory_turnover_ratio": 1.41,
            "account_receivable_turnover_ratio": 1.96,
            "reinvestment_rate": null,
            "research_to_sale_ratio": 0.83,
            "price_fair": 60.2,
            "eps_avg_yearly": 1.72,
            "eps_latest_yearly": 1.72,
            "eps_growth_yearly": 52.63
        },
        "20152": {
            "year_quarter": 20152,
            "year": 2015,
            "quarter": 2,
            "eps": 0.33,
            "eps_growth_year": null,
            "eps_4q": -0.45,
            "eps_4q_growth_year": null,
            "roe": 6.97,
            "roe_4q": -10.91,
            "gross_profit": 295,
            "gross_margin": 0.15,
            "gross_margin_4q_avg": -0.3,
            "net_income": 22943,
            "revenue": 203347,
            "common_shares": 716500,
            "book_valuer_per_share": 5.26,
            "book_valuer_per_share_4q_avg": 5.16,
            "equity": 337376,
            "current_ratio": 67.67,
            "debt_ratio": 66.03,
            "inventory_turnover_ratio": 1.55,
            "account_receivable_turnover_ratio": 2.15,
            "reinvestment_rate": null,
            "research_to_sale_ratio": 0.44,
            "price_fair": 0,
            "eps_avg_yearly": 0,
            "eps_latest_yearly": 0,
            "eps_growth_yearly": 0
        },
        "20153": {
            "year_quarter": 20153,
            "year": 2015,
            "quarter": 3,
            "eps": -0.16,
            "eps_growth_year": null,
            "eps_4q": -0.47,
            "eps_4q_growth_year": null,
            "roe": -3.72,
            "roe_4q": -11.129999999999999,
            "gross_profit": 7967,
            "gross_margin": 3.99,
            "gross_margin_4q_avg": -0.02,
            "net_income": -12295,
            "revenue": 199429,
            "common_shares": 716500,
            "book_valuer_per_share": 5.09,
            "book_valuer_per_share_4q_avg": 5.16,
            "equity": 323885,
            "current_ratio": 79.72,
            "debt_ratio": 68.94,
            "inventory_turnover_ratio": 1.62,
            "account_receivable_turnover_ratio": 1.67,
            "reinvestment_rate": null,
            "research_to_sale_ratio": 0.91,
            "price_fair": 0,
            "eps_avg_yearly": 0,
            "eps_latest_yearly": 0,
            "eps_growth_yearly": 0
        },
        "20154": {
            "year_quarter": 20154,
            "year": 2015,
            "quarter": 4,
            "eps": -0.24,
            "eps_growth_year": null,
            "eps_4q": -0.48,
            "eps_4q_growth_year": null,
            "roe": -5.65,
            "roe_4q": -11.57,
            "gross_profit": 2010,
            "gross_margin": 1.23,
            "gross_margin_4q_avg": 0.13,
            "net_income": -18556,
            "revenue": 162935,
            "common_shares": 741500,
            "book_valuer_per_share": 5.05,
            "book_valuer_per_share_4q_avg": 5.11,
            "equity": 333357,
            "current_ratio": 78.93,
            "debt_ratio": 67.12,
            "inventory_turnover_ratio": 1.44,
            "account_receivable_turnover_ratio": 1.35,
            "reinvestment_rate": null,
            "research_to_sale_ratio": 0.33,
            "price_fair": 0,
            "eps_avg_yearly": 0,
            "eps_latest_yearly": 0,
            "eps_growth_yearly": 0
        },
        "20161": {
            "year_quarter": 20161,
            "year": 2016,
            "quarter": 1,
            "eps": 1.13,
            "eps_growth_year": null,
            "eps_4q": 1.05,
            "eps_4q_growth_year": null,
            "roe": 22.22,
            "roe_4q": 19.82,
            "gross_profit": -23334,
            "gross_margin": -16.93,
            "gross_margin_4q_avg": -2.89,
            "net_income": 83386,
            "revenue": 137863,
            "common_shares": 741500,
            "book_valuer_per_share": 6.19,
            "book_valuer_per_share_4q_avg": 5.4,
            "equity": 417302,
            "current_ratio": 92.59,
            "debt_ratio": 60.88,
            "inventory_turnover_ratio": 1.58,
            "account_receivable_turnover_ratio": 1.52,
            "reinvestment_rate": null,
            "research_to_sale_ratio": 0.4,
            "price_fair": 0,
            "eps_avg_yearly": 0,
            "eps_latest_yearly": 0,
            "eps_growth_yearly": 0
        },
        "20162": {
            "year_quarter": 20162,
            "year": 2016,
            "quarter": 2,
            "eps": -0.31,
            "eps_growth_year": -193.94,
            "eps_4q": 0.42,
            "eps_4q_growth_year": null,
            "roe": -5.87,
            "roe_4q": 6.979999999999997,
            "gross_profit": -6801,
            "gross_margin": -3.92,
            "gross_margin_4q_avg": -3.91,
            "net_income": -23786,
            "revenue": 173687,
            "common_shares": 741500,
            "book_valuer_per_share": 5.31,
            "book_valuer_per_share_4q_avg": 5.41,
            "equity": 393675,
            "current_ratio": 89.67,
            "debt_ratio": 63.12,
            "inventory_turnover_ratio": 1.86,
            "account_receivable_turnover_ratio": 1.95,
            "reinvestment_rate": null,
            "research_to_sale_ratio": 1.33,
            "price_fair": 0,
            "eps_avg_yearly": 0,
            "eps_latest_yearly": 0,
            "eps_growth_yearly": 0
        },
        "20163": {
            "year_quarter": 20163,
            "year": 2016,
            "quarter": 3,
            "eps": -0.06,
            "eps_growth_year": null,
            "eps_4q": 0.52,
            "eps_4q_growth_year": null,
            "roe": -1.11,
            "roe_4q": 9.589999999999998,
            "gross_profit": 21412,
            "gross_margin": 8.99,
            "gross_margin_4q_avg": -2.66,
            "net_income": -4326,
            "revenue": 238122,
            "common_shares": 741500,
            "book_valuer_per_share": 5.22,
            "book_valuer_per_share_4q_avg": 5.44,
            "equity": 387131,
            "current_ratio": 82.66,
            "debt_ratio": 60.32,
            "inventory_turnover_ratio": 2.14,
            "account_receivable_turnover_ratio": 2.02,
            "reinvestment_rate": null,
            "research_to_sale_ratio": 1.26,
            "price_fair": 0,
            "eps_avg_yearly": 0,
            "eps_latest_yearly": 0,
            "eps_growth_yearly": 0
        },
        "20164": {
            "year_quarter": 20164,
            "year": 2016,
            "quarter": 4,
            "eps": 0.13,
            "eps_growth_year": null,
            "eps_4q": 0.89,
            "eps_4q_growth_year": null,
            "roe": 2.39,
            "roe_4q": 17.63,
            "gross_profit": 32832,
            "gross_margin": 13.2,
            "gross_margin_4q_avg": 0.33,
            "net_income": 9339,
            "revenue": 248744,
            "common_shares": 741500,
            "book_valuer_per_share": 5.31,
            "book_valuer_per_share_4q_avg": 5.51,
            "equity": 393546,
            "current_ratio": 82.07,
            "debt_ratio": 59.67,
            "inventory_turnover_ratio": 2.27,
            "account_receivable_turnover_ratio": 1.93,
            "reinvestment_rate": null,
            "research_to_sale_ratio": -0.06,
            "price_fair": 0,
            "eps_avg_yearly": 0,
            "eps_latest_yearly": 0,
            "eps_growth_yearly": 0
        },
        "20171": {
            "year_quarter": 20171,
            "year": 2017,
            "quarter": 1,
            "eps": -0.34,
            "eps_growth_year": -130.09,
            "eps_4q": -0.57,
            "eps_4q_growth_year": -153.98,
            "roe": -6.44,
            "roe_4q": -11.030000000000001,
            "gross_profit": -3594,
            "gross_margin": -2.28,
            "gross_margin_4q_avg": 4,
            "net_income": -25030,
            "revenue": 157719,
            "common_shares": 763730,
            "book_valuer_per_share": 5.03,
            "book_valuer_per_share_4q_avg": 5.22,
            "equity": 384349,
            "current_ratio": 78.48,
            "debt_ratio": 58.58,
            "inventory_turnover_ratio": 1.93,
            "account_receivable_turnover_ratio": 1.49,
            "reinvestment_rate": null,
            "research_to_sale_ratio": 0.28,
            "price_fair": 0,
            "eps_avg_yearly": 0,
            "eps_latest_yearly": 0,
            "eps_growth_yearly": 0
        },
        "20172": {
            "year_quarter": 20172,
            "year": 2017,
            "quarter": 2,
            "eps": 0.02,
            "eps_growth_year": null,
            "eps_4q": -0.24,
            "eps_4q_growth_year": -156.88,
            "roe": 0.47,
            "roe_4q": -4.69,
            "gross_profit": 19149,
            "gross_margin": 12.01,
            "gross_margin_4q_avg": 7.98,
            "net_income": 1834,
            "revenue": 159423,
            "common_shares": 763730,
            "book_valuer_per_share": 5.1,
            "book_valuer_per_share_4q_avg": 5.17,
            "equity": 389305,
            "current_ratio": 76.57,
            "debt_ratio": 56.63,
            "inventory_turnover_ratio": 1.79,
            "account_receivable_turnover_ratio": 1.63,
            "reinvestment_rate": null,
            "research_to_sale_ratio": 1.49,
            "price_fair": 0,
            "eps_avg_yearly": 0,
            "eps_latest_yearly": 0,
            "eps_growth_yearly": 0
        },
        "20173": {
            "year_quarter": 20173,
            "year": 2017,
            "quarter": 3,
            "eps": -1.03,
            "eps_growth_year": null,
            "eps_4q": -1.36,
            "eps_4q_growth_year": -362.53,
            "roe": -11.94,
            "roe_4q": -15.52,
            "gross_profit": 3118,
            "gross_margin": 1.46,
            "gross_margin_4q_avg": 6.1,
            "net_income": -44022,
            "revenue": 213447,
            "common_shares": 426727,
            "book_valuer_per_share": 8.16,
            "book_valuer_per_share_4q_avg": 5.9,
            "equity": 348054,
            "current_ratio": 76.51,
            "debt_ratio": 61.96,
            "inventory_turnover_ratio": 2.37,
            "account_receivable_turnover_ratio": 1.62,
            "reinvestment_rate": null,
            "research_to_sale_ratio": 0.98,
            "price_fair": 0,
            "eps_avg_yearly": 0,
            "eps_latest_yearly": 0,
            "eps_growth_yearly": 0
        },
        "20174": {
            "year_quarter": 20174,
            "year": 2017,
            "quarter": 4,
            "eps": 0.5,
            "eps_growth_year": 295.76,
            "eps_4q": -1.08,
            "eps_4q_growth_year": -221.58,
            "roe": 5.9,
            "roe_4q": -12.01,
            "gross_profit": 4950,
            "gross_margin": 2.19,
            "gross_margin_4q_avg": 3.35,
            "net_income": 21270,
            "revenue": 226341,
            "common_shares": 426727,
            "book_valuer_per_share": 8.73,
            "book_valuer_per_share_4q_avg": 6.76,
            "equity": 372348,
            "current_ratio": 76.2,
            "debt_ratio": 60.46,
            "inventory_turnover_ratio": 2.25,
            "account_receivable_turnover_ratio": 1.44,
            "reinvestment_rate": null,
            "research_to_sale_ratio": 0.81,
            "price_fair": 0,
            "eps_avg_yearly": 0,
            "eps_latest_yearly": 0,
            "eps_growth_yearly": 0
        },
        "20181": {
            "year_quarter": 20181,
            "year": 2018,
            "quarter": 1,
            "eps": -0.75,
            "eps_growth_year": null,
            "eps_4q": -1.24,
            "eps_4q_growth_year": null,
            "roe": -8.9,
            "roe_4q": -14.469999999999999,
            "gross_profit": -9409,
            "gross_margin": -5.13,
            "gross_margin_4q_avg": 2.63,
            "net_income": -31945,
            "revenue": 183416,
            "common_shares": 426727,
            "book_valuer_per_share": 8.11,
            "book_valuer_per_share_4q_avg": 7.53,
            "equity": 345906,
            "current_ratio": 66.36,
            "debt_ratio": 61.26,
            "inventory_turnover_ratio": 2.22,
            "account_receivable_turnover_ratio": 1.4,
            "reinvestment_rate": null,
            "research_to_sale_ratio": 0.59,
            "price_fair": 0,
            "eps_avg_yearly": 0,
            "eps_latest_yearly": 0,
            "eps_growth_yearly": 0
        },
        "20182": {
            "year_quarter": 20182,
            "year": 2018,
            "quarter": 2,
            "eps": -0.43,
            "eps_growth_year": -2250,
            "eps_4q": -1.71,
            "eps_4q_growth_year": null,
            "roe": -5.51,
            "roe_4q": -20.45,
            "gross_profit": -4402,
            "gross_margin": -3.8,
            "gross_margin_4q_avg": -1.32,
            "net_income": -18478,
            "revenue": 115726,
            "common_shares": 426727,
            "book_valuer_per_share": 7.6,
            "book_valuer_per_share_4q_avg": 8.15,
            "equity": 324465,
            "current_ratio": 59.98,
            "debt_ratio": 61.52,
            "inventory_turnover_ratio": 1.38,
            "account_receivable_turnover_ratio": 1.24,
            "reinvestment_rate": null,
            "research_to_sale_ratio": 0.4,
            "price_fair": 0,
            "eps_avg_yearly": 0,
            "eps_latest_yearly": 0,
            "eps_growth_yearly": 0
        },
        "20183": {
            "year_quarter": 20183,
            "year": 2018,
            "quarter": 3,
            "eps": -0.23,
            "eps_growth_year": null,
            "eps_4q": -0.91,
            "eps_4q_growth_year": null,
            "roe": -3.08,
            "roe_4q": -11.590000000000002,
            "gross_profit": 8756,
            "gross_margin": 4.97,
            "gross_margin_4q_avg": -0.44,
            "net_income": -9866,
            "revenue": 176223,
            "common_shares": 426727,
            "book_valuer_per_share": 7.42,
            "book_valuer_per_share_4q_avg": 7.97,
            "equity": 316545,
            "current_ratio": 61.73,
            "debt_ratio": 63.7,
            "inventory_turnover_ratio": 1.98,
            "account_receivable_turnover_ratio": 1.81,
            "reinvestment_rate": null,
            "research_to_sale_ratio": 0.59,
            "price_fair": 0,
            "eps_avg_yearly": 0,
            "eps_latest_yearly": 0,
            "eps_growth_yearly": 0
        },
        "20184": {
            "year_quarter": 20184,
            "year": 2018,
            "quarter": 4,
            "eps": -0.18,
            "eps_growth_year": -136.04,
            "eps_4q": -1.59,
            "eps_4q_growth_year": null,
            "roe": -2.44,
            "roe_4q": -19.93,
            "gross_profit": 8073,
            "gross_margin": 6.52,
            "gross_margin_4q_avg": 0.64,
            "net_income": -7667,
            "revenue": 123881,
            "common_shares": 426727,
            "book_valuer_per_share": 7.3,
            "book_valuer_per_share_4q_avg": 7.61,
            "equity": 311302,
            "current_ratio": 61.03,
            "debt_ratio": 63.63,
            "inventory_turnover_ratio": 1.67,
            "account_receivable_turnover_ratio": 1.47,
            "reinvestment_rate": null,
            "research_to_sale_ratio": 0.28,
            "price_fair": 0,
            "eps_avg_yearly": 0,
            "eps_latest_yearly": 0,
            "eps_growth_yearly": 0
        },
        "20191": {
            "year_quarter": 20191,
            "year": 2019,
            "quarter": 1,
            "eps": -0.87,
            "eps_growth_year": null,
            "eps_4q": -1.61,
            "eps_4q_growth_year": null,
            "roe": -11.25,
            "roe_4q": -22.28,
            "gross_profit": -17615,
            "gross_margin": -22.18,
            "gross_margin_4q_avg": -3.62,
            "net_income": -37450,
            "revenue": 79427,
            "common_shares": 456727,
            "book_valuer_per_share": 7.77,
            "book_valuer_per_share_4q_avg": 7.52,
            "equity": 354729,
            "current_ratio": 139.86,
            "debt_ratio": 68.55,
            "inventory_turnover_ratio": 1.72,
            "account_receivable_turnover_ratio": 1.59,
            "reinvestment_rate": null,
            "research_to_sale_ratio": 1.29,
            "price_fair": 0,
            "eps_avg_yearly": 0,
            "eps_latest_yearly": 0,
            "eps_growth_yearly": 0
        },
        "20192": {
            "year_quarter": 20192,
            "year": 2019,
            "quarter": 2,
            "eps": 3.49,
            "eps_growth_year": null,
            "eps_4q": 2.29,
            "eps_4q_growth_year": null,
            "roe": 36.34,
            "roe_4q": 19.57,
            "gross_profit": 1576,
            "gross_margin": 2.04,
            "gross_margin_4q_avg": -2.16,
            "net_income": 159605,
            "revenue": 77137,
            "common_shares": 456898,
            "book_valuer_per_share": 11.46,
            "book_valuer_per_share_4q_avg": 8.49,
            "equity": 523630,
            "current_ratio": 163.88,
            "debt_ratio": 58.92,
            "inventory_turnover_ratio": 0.9,
            "account_receivable_turnover_ratio": 1.83,
            "reinvestment_rate": -264.24,
            "research_to_sale_ratio": 1.06,
            "price_fair": 0,
            "eps_avg_yearly": 0,
            "eps_latest_yearly": 0,
            "eps_growth_yearly": 0
        },
        "20193": {
            "year_quarter": 20193,
            "year": 2019,
            "quarter": 3,
            "eps": -0.81,
            "eps_growth_year": null,
            "eps_4q": 1.68,
            "eps_4q_growth_year": null,
            "roe": -7.24,
            "roe_4q": 15.410000000000002,
            "gross_profit": 18470,
            "gross_margin": 13.63,
            "gross_margin_4q_avg": 0,
            "net_income": -36975,
            "revenue": 135541,
            "common_shares": 456727,
            "book_valuer_per_share": 10.9,
            "book_valuer_per_share_4q_avg": 9.36,
            "equity": 497862,
            "current_ratio": 126.32,
            "debt_ratio": 66.49,
            "inventory_turnover_ratio": 0.84,
            "account_receivable_turnover_ratio": 2.17,
            "reinvestment_rate": -201.38,
            "research_to_sale_ratio": 0.52,
            "price_fair": 0,
            "eps_avg_yearly": 0,
            "eps_latest_yearly": 0,
            "eps_growth_yearly": 0
        },
        "20194": {
            "year_quarter": 20194,
            "year": 2019,
            "quarter": 4,
            "eps": -0.65,
            "eps_growth_year": null,
            "eps_4q": 1.2,
            "eps_4q_growth_year": null,
            "roe": -6.13,
            "roe_4q": 11.720000000000002,
            "gross_profit": 36368,
            "gross_margin": 22.61,
            "gross_margin_4q_avg": 4.03,
            "net_income": -29723,
            "revenue": 160848,
            "common_shares": 460494,
            "book_valuer_per_share": 10.24,
            "book_valuer_per_share_4q_avg": 10.09,
            "equity": 471560,
            "current_ratio": 123.12,
            "debt_ratio": 68.36,
            "inventory_turnover_ratio": 0.85,
            "account_receivable_turnover_ratio": 2.24,
            "reinvestment_rate": -667.28,
            "research_to_sale_ratio": 0.34,
            "price_fair": 0,
            "eps_avg_yearly": 0,
            "eps_latest_yearly": 0,
            "eps_growth_yearly": 0
        },
        "20201": {
            "year_quarter": 20201,
            "year": 2020,
            "quarter": 1,
            "eps": -1.94,
            "eps_growth_year": null,
            "eps_4q": 0.07,
            "eps_4q_growth_year": null,
            "roe": -21.58,
            "roe_4q": 1.3900000000000077,
            "gross_profit": -16088,
            "gross_margin": -24.48,
            "gross_margin_4q_avg": 3.45,
            "net_income": -89558,
            "revenue": 65712,
            "common_shares": 460528,
            "book_valuer_per_share": 7.79,
            "book_valuer_per_share_4q_avg": 10.1,
            "equity": 358629,
            "current_ratio": 111.52,
            "debt_ratio": 72.78,
            "inventory_turnover_ratio": 0.73,
            "account_receivable_turnover_ratio": 1.78,
            "reinvestment_rate": null,
            "research_to_sale_ratio": 1.06,
            "price_fair": 0,
            "eps_avg_yearly": 0,
            "eps_latest_yearly": 0,
            "eps_growth_yearly": 0
        },
        "20202": {
            "year_quarter": 20202,
            "year": 2020,
            "quarter": 2,
            "eps": -2.56,
            "eps_growth_year": -173.35,
            "eps_4q": -5.96,
            "eps_4q_growth_year": -360.06,
            "roe": -38.91,
            "roe_4q": -73.85999999999999,
            "gross_profit": 12700,
            "gross_margin": 23.16,
            "gross_margin_4q_avg": 8.73,
            "net_income": -117990,
            "revenue": 54830,
            "common_shares": 460528,
            "book_valuer_per_share": 5.38,
            "book_valuer_per_share_4q_avg": 8.58,
            "equity": 247772,
            "current_ratio": 106.03,
            "debt_ratio": 79.36,
            "inventory_turnover_ratio": 0.45,
            "account_receivable_turnover_ratio": 2.73,
            "reinvestment_rate": null,
            "research_to_sale_ratio": 1.52,
            "price_fair": 0,
            "eps_avg_yearly": 0,
            "eps_latest_yearly": 0,
            "eps_growth_yearly": 0
        },
        "20203": {
            "year_quarter": 20203,
            "year": 2020,
            "quarter": 3,
            "eps": -1.54,
            "eps_growth_year": null,
            "eps_4q": -6.69,
            "eps_4q_growth_year": -497.39,
            "roe": -33.69,
            "roe_4q": -100.30999999999999,
            "gross_profit": -4673,
            "gross_margin": -4.51,
            "gross_margin_4q_avg": 4.2,
            "net_income": -70778,
            "revenue": 103693,
            "common_shares": 460528,
            "book_valuer_per_share": 3.74,
            "book_valuer_per_share_4q_avg": 6.79,
            "equity": 172396,
            "current_ratio": 100.52,
            "debt_ratio": 84.76,
            "inventory_turnover_ratio": 1.45,
            "account_receivable_turnover_ratio": 3.42,
            "reinvestment_rate": null,
            "research_to_sale_ratio": 0.33,
            "price_fair": 0,
            "eps_avg_yearly": 0,
            "eps_latest_yearly": 0,
            "eps_growth_yearly": 0
        },
        "20204": {
            "year_quarter": 20204,
            "year": 2020,
            "quarter": 4,
            "eps": -1.71,
            "eps_growth_year": null,
            "eps_4q": -4.94,
            "eps_4q_growth_year": -510.25,
            "roe": -67.8,
            "roe_4q": -161.97999999999996,
            "gross_profit": 21323,
            "gross_margin": 20.33,
            "gross_margin_4q_avg": 3.63,
            "net_income": -146798,
            "revenue": 104869,
            "common_shares": 860528,
            "book_valuer_per_share": 3.03,
            "book_valuer_per_share_4q_avg": 4.99,
            "equity": 260628,
            "current_ratio": 76.61,
            "debt_ratio": 85.48,
            "inventory_turnover_ratio": 2.06,
            "account_receivable_turnover_ratio": 2.62,
            "reinvestment_rate": null,
            "research_to_sale_ratio": 0.13,
            "price_fair": 0,
            "eps_avg_yearly": 0,
            "eps_latest_yearly": 0,
            "eps_growth_yearly": 0
        },
        "20211": {
            "year_quarter": 20211,
            "year": 2021,
            "quarter": 1,
            "eps": -0.13,
            "eps_growth_year": null,
            "eps_4q": -4.03,
            "eps_4q_growth_year": -5641.3,
            "roe": -4.49,
            "roe_4q": -144.89,
            "gross_profit": 25396,
            "gross_margin": 40.26,
            "gross_margin_4q_avg": 19.81,
            "net_income": -11200,
            "revenue": 63085,
            "common_shares": 860528,
            "book_valuer_per_share": 2.77,
            "book_valuer_per_share_4q_avg": 3.73,
            "equity": 238434,
            "current_ratio": 85.98,
            "debt_ratio": 86.01,
            "inventory_turnover_ratio": 1.88,
            "account_receivable_turnover_ratio": 2.21,
            "reinvestment_rate": null,
            "research_to_sale_ratio": 0,
            "price_fair": 0,
            "eps_avg_yearly": 0,
            "eps_latest_yearly": 0,
            "eps_growth_yearly": 0
        },
        "20212": {
            "year_quarter": 20212,
            "year": 2021,
            "quarter": 2,
            "eps": -0.02,
            "eps_growth_year": null,
            "eps_4q": -2.68,
            "eps_4q_growth_year": null,
            "roe": -0.61,
            "roe_4q": -106.58999999999999,
            "gross_profit": 45175,
            "gross_margin": 25.37,
            "gross_margin_4q_avg": 20.36,
            "net_income": -1434,
            "revenue": 178069,
            "common_shares": 860528,
            "book_valuer_per_share": 2.68,
            "book_valuer_per_share_4q_avg": 3.06,
            "equity": 230860,
            "current_ratio": 61.47,
            "debt_ratio": 86.85,
            "inventory_turnover_ratio": 11.6,
            "account_receivable_turnover_ratio": 13.28,
            "reinvestment_rate": null,
            "research_to_sale_ratio": 0,
            "price_fair": 0,
            "eps_avg_yearly": 0,
            "eps_latest_yearly": 0,
            "eps_growth_yearly": 0
        },
        "20213": {
            "year_quarter": 20213,
            "year": 2021,
            "quarter": 3,
            "eps": 0.45,
            "eps_growth_year": null,
            "eps_4q": -5.93,
            "eps_4q_growth_year": null,
            "roe": 4.84,
            "roe_4q": -68.06,
            "gross_profit": 49617,
            "gross_margin": 25.87,
            "gross_margin_4q_avg": 27.96,
            "net_income": 11346,
            "revenue": 191774,
            "common_shares": 249881,
            "book_valuer_per_share": 9.51,
            "book_valuer_per_share_4q_avg": 4.5,
            "equity": 237738,
            "current_ratio": 63.16,
            "debt_ratio": 86.83,
            "inventory_turnover_ratio": 30.85,
            "account_receivable_turnover_ratio": 10.58,
            "reinvestment_rate": null,
            "research_to_sale_ratio": null,
            "price_fair": 0,
            "eps_avg_yearly": 0,
            "eps_latest_yearly": 0,
            "eps_growth_yearly": 0
        },
        "20214": {
            "year_quarter": 20214,
            "year": 2021,
            "quarter": 4,
            "eps": -1.17,
            "eps_growth_year": null,
            "eps_4q": -1.22,
            "eps_4q_growth_year": null,
            "roe": -13.07,
            "roe_4q": -13.33,
            "gross_profit": 31981,
            "gross_margin": 14.71,
            "gross_margin_4q_avg": 26.55,
            "net_income": -29226,
            "revenue": 217463,
            "common_shares": 249881,
            "book_valuer_per_share": 8.39,
            "book_valuer_per_share_4q_avg": 5.84,
            "equity": 209599,
            "current_ratio": 91.54,
            "debt_ratio": 88.63,
            "inventory_turnover_ratio": null,
            "account_receivable_turnover_ratio": 6.69,
            "reinvestment_rate": null,
            "research_to_sale_ratio": null,
            "price_fair": 0,
            "eps_avg_yearly": 0,
            "eps_latest_yearly": 0,
            "eps_growth_yearly": 0
        },
        "20221": {
            "year_quarter": 20221,
            "year": 2022,
            "quarter": 1,
            "eps": 0.18,
            "eps_growth_year": null,
            "eps_4q": -0.6,
            "eps_4q_growth_year": null,
            "roe": 2.1,
            "roe_4q": -6.740000000000001,
            "gross_profit": 34862,
            "gross_margin": 17.18,
            "gross_margin_4q_avg": 20.78,
            "net_income": 4445,
            "revenue": 202892,
            "common_shares": 249881,
            "book_valuer_per_share": 8.59,
            "book_valuer_per_share_4q_avg": 7.29,
            "equity": 214581,
            "current_ratio": 93.09,
            "debt_ratio": 88.22,
            "inventory_turnover_ratio": null,
            "account_receivable_turnover_ratio": 5.6,
            "reinvestment_rate": null,
            "research_to_sale_ratio": null,
            "price_fair": 0,
            "eps_avg_yearly": 0,
            "eps_latest_yearly": 0,
            "eps_growth_yearly": 0
        },
        "20222": {
            "year_quarter": 20222,
            "year": 2022,
            "quarter": 2,
            "eps": 0.3,
            "eps_growth_year": null,
            "eps_4q": -0.24,
            "eps_4q_growth_year": null,
            "roe": 3.42,
            "roe_4q": -2.710000000000001,
            "gross_profit": 33164,
            "gross_margin": 13.07,
            "gross_margin_4q_avg": 17.71,
            "net_income": 7450,
            "revenue": 253745,
            "common_shares": 249881,
            "book_valuer_per_share": 8.83,
            "book_valuer_per_share_4q_avg": 8.83,
            "equity": 220531,
            "current_ratio": 111.12,
            "debt_ratio": 88.54,
            "inventory_turnover_ratio": null,
            "account_receivable_turnover_ratio": 16.57,
            "reinvestment_rate": null,
            "research_to_sale_ratio": null,
            "price_fair": 42,
            "eps_avg_yearly": 1.2,
            "eps_latest_yearly": 1.2,
            "eps_growth_yearly": 266.67
        },
        "20223": {
            "year_quarter": 20223,
            "year": 2022,
            "quarter": 3,
            "eps": -0.42,
            "eps_growth_year": -193.33,
            "eps_4q": -1.12,
            "eps_4q_growth_year": null,
            "roe": -4.92,
            "roe_4q": -12.47,
            "gross_profit": -5014,
            "gross_margin": -2.21,
            "gross_margin_4q_avg": 10.69,
            "net_income": -10573,
            "revenue": 226733,
            "common_shares": 249881,
            "book_valuer_per_share": 8.38,
            "book_valuer_per_share_4q_avg": 8.55,
            "equity": 209454,
            "current_ratio": 134.66,
            "debt_ratio": 89.71,
            "inventory_turnover_ratio": null,
            "account_receivable_turnover_ratio": 113.71,
            "reinvestment_rate": null,
            "research_to_sale_ratio": null,
            "price_fair": 42,
            "eps_avg_yearly": 1.2,
            "eps_latest_yearly": 1.2,
            "eps_growth_yearly": 266.67
        },
        "20224": {
            "year_quarter": 20224,
            "year": 2022,
            "quarter": 4,
            "eps": 0.1,
            "eps_growth_year": null,
            "eps_4q": 0.15,
            "eps_4q_growth_year": null,
            "roe": 0.49,
            "roe_4q": 1.0900000000000003,
            "gross_profit": 45179,
            "gross_margin": 9.3,
            "gross_margin_4q_avg": 9.34,
            "net_income": 2395,
            "revenue": 485642,
            "common_shares": 249881,
            "book_valuer_per_share": 31.09,
            "book_valuer_per_share_4q_avg": 14.22,
            "equity": 776764,
            "current_ratio": 114.01,
            "debt_ratio": 71.87,
            "inventory_turnover_ratio": null,
            "account_receivable_turnover_ratio": 248.92,
            "reinvestment_rate": null,
            "research_to_sale_ratio": null,
            "price_fair": 42,
            "eps_avg_yearly": 1.2,
            "eps_latest_yearly": 1.2,
            "eps_growth_yearly": 266.67
        },
        "20231": {
            "year_quarter": 20231,
            "year": 2023,
            "quarter": 1,
            "eps": 0.36,
            "eps_growth_year": 100,
            "eps_4q": 0.33,
            "eps_4q_growth_year": null,
            "roe": 1.14,
            "roe_4q": 0.1299999999999999,
            "gross_profit": 30463,
            "gross_margin": 11.83,
            "gross_margin_4q_avg": 8,
            "net_income": 8925,
            "revenue": 257436,
            "common_shares": 249881,
            "book_valuer_per_share": 31.38,
            "book_valuer_per_share_4q_avg": 19.92,
            "equity": 784019,
            "current_ratio": 117.96,
            "debt_ratio": 71.36,
            "inventory_turnover_ratio": null,
            "account_receivable_turnover_ratio": 12.83,
            "reinvestment_rate": null,
            "research_to_sale_ratio": null,
            "price_fair": 46.2,
            "eps_avg_yearly": 1.32,
            "eps_latest_yearly": 1.44,
            "eps_growth_yearly": 653.33
        }
    },
    "months": {
        "2001-06": {
            "month": "2001-06",
            "price": "8.21",
            "revenue": 83041
        },
        "2001-07": {
            "month": "2001-07",
            "price": "7.85",
            "revenue": 87428
        },
        "2001-08": {
            "month": "2001-08",
            "price": "7.42",
            "revenue": 95597
        },
        "2001-09": {
            "month": "2001-09",
            "price": "7.21",
            "revenue": 84914
        },
        "2001-10": {
            "month": "2001-10",
            "price": "7.15",
            "revenue": 83191
        },
        "2001-11": {
            "month": "2001-11",
            "price": "6.72",
            "revenue": 59057
        },
        "2001-12": {
            "month": "2001-12",
            "price": "7.46",
            "revenue": 63942
        },
        "2002-01": {
            "month": "2002-01",
            "price": "7.84",
            "revenue": 76275
        },
        "2002-02": {
            "month": "2002-02",
            "price": "9.78",
            "revenue": 65672
        },
        "2002-03": {
            "month": "2002-03",
            "price": "15.80",
            "revenue": 99370
        },
        "2002-04": {
            "month": "2002-04",
            "price": "17.29",
            "revenue": 108426
        },
        "2002-05": {
            "month": "2002-05",
            "price": "17.49",
            "revenue": 119513
        },
        "2002-06": {
            "month": "2002-06",
            "price": "16.79",
            "revenue": 106349
        },
        "2002-07": {
            "month": "2002-07",
            "price": "14.79",
            "revenue": 107667
        },
        "2002-08": {
            "month": "2002-08",
            "price": "14.96",
            "revenue": 119572
        },
        "2002-09": {
            "month": "2002-09",
            "price": "13.53",
            "revenue": 116799
        },
        "2002-10": {
            "month": "2002-10",
            "price": "11.10",
            "revenue": 107177
        },
        "2002-11": {
            "month": "2002-11",
            "price": "12.35",
            "revenue": 108026
        },
        "2002-12": {
            "month": "2002-12",
            "price": "12.65",
            "revenue": 107560
        },
        "2003-01": {
            "month": "2003-01",
            "price": "14.42",
            "revenue": 91960
        },
        "2003-02": {
            "month": "2003-02",
            "price": "14.85",
            "revenue": 97147
        },
        "2003-03": {
            "month": "2003-03",
            "price": "18.57",
            "revenue": 95624
        },
        "2003-04": {
            "month": "2003-04",
            "price": "17.35",
            "revenue": 97807
        },
        "2003-05": {
            "month": "2003-05",
            "price": "18.40",
            "revenue": 110471
        },
        "2003-06": {
            "month": "2003-06",
            "price": "19.23",
            "revenue": 118076
        },
        "2003-07": {
            "month": "2003-07",
            "price": "17.60",
            "revenue": 126173
        },
        "2003-08": {
            "month": "2003-08",
            "price": "19.49",
            "revenue": 101959
        },
        "2003-09": {
            "month": "2003-09",
            "price": "15.68",
            "revenue": 117402
        },
        "2003-10": {
            "month": "2003-10",
            "price": "13.73",
            "revenue": 106467
        },
        "2003-11": {
            "month": "2003-11",
            "price": "13.02",
            "revenue": 74684
        },
        "2003-12": {
            "month": "2003-12",
            "price": "11.97",
            "revenue": 81740
        },
        "2004-01": {
            "month": "2004-01",
            "price": "12.65",
            "revenue": 88564
        },
        "2004-02": {
            "month": "2004-02",
            "price": "13.42",
            "revenue": 97257
        },
        "2004-03": {
            "month": "2004-03",
            "price": "12.00",
            "revenue": 91745
        },
        "2004-04": {
            "month": "2004-04",
            "price": "11.27",
            "revenue": 90852
        },
        "2004-05": {
            "month": "2004-05",
            "price": "9.22",
            "revenue": 99824
        },
        "2004-06": {
            "month": "2004-06",
            "price": "8.35",
            "revenue": 93359
        },
        "2004-07": {
            "month": "2004-07",
            "price": "7.63",
            "revenue": 109239
        },
        "2004-08": {
            "month": "2004-08",
            "price": "7.16",
            "revenue": 102115
        },
        "2004-09": {
            "month": "2004-09",
            "price": "7.77",
            "revenue": 56266
        },
        "2004-10": {
            "month": "2004-10",
            "price": "7.50",
            "revenue": 77285
        },
        "2004-11": {
            "month": "2004-11",
            "price": "7.34",
            "revenue": 98835
        },
        "2004-12": {
            "month": "2004-12",
            "price": "7.27",
            "revenue": 99809
        },
        "2005-01": {
            "month": "2005-01",
            "price": "7.16",
            "revenue": 61201
        },
        "2005-02": {
            "month": "2005-02",
            "price": "6.74",
            "revenue": 40546
        },
        "2005-03": {
            "month": "2005-03",
            "price": "6.34",
            "revenue": 81525
        },
        "2005-04": {
            "month": "2005-04",
            "price": "6.16",
            "revenue": 89182
        },
        "2005-05": {
            "month": "2005-05",
            "price": "6.14",
            "revenue": 90459
        },
        "2005-06": {
            "month": "2005-06",
            "price": "6.44",
            "revenue": 96246
        },
        "2005-07": {
            "month": "2005-07",
            "price": "6.36",
            "revenue": 100418
        },
        "2005-08": {
            "month": "2005-08",
            "price": "5.32",
            "revenue": 97681
        },
        "2005-09": {
            "month": "2005-09",
            "price": "4.61",
            "revenue": 81477
        },
        "2005-10": {
            "month": "2005-10",
            "price": "4.55",
            "revenue": 77458
        },
        "2005-11": {
            "month": "2005-11",
            "price": "4.32",
            "revenue": 49944
        },
        "2005-12": {
            "month": "2005-12",
            "price": "4.51",
            "revenue": 76323
        },
        "2006-01": {
            "month": "2006-01",
            "price": "4.49",
            "revenue": 84970
        },
        "2006-02": {
            "month": "2006-02",
            "price": "4.38",
            "revenue": 45703
        },
        "2006-03": {
            "month": "2006-03",
            "price": "4.14",
            "revenue": 76165
        },
        "2006-04": {
            "month": "2006-04",
            "price": "4.37",
            "revenue": 73085
        },
        "2006-05": {
            "month": "2006-05",
            "price": "4.93",
            "revenue": 86065
        },
        "2006-06": {
            "month": "2006-06",
            "price": "4.52",
            "revenue": 104305
        },
        "2006-07": {
            "month": "2006-07",
            "price": "5.24",
            "revenue": 85073
        },
        "2006-08": {
            "month": "2006-08",
            "price": "5.08",
            "revenue": 52210
        },
        "2006-09": {
            "month": "2006-09",
            "price": "4.66",
            "revenue": 59304
        },
        "2006-10": {
            "month": "2006-10",
            "price": "5.44",
            "revenue": 55202
        },
        "2006-11": {
            "month": "2006-11",
            "price": "5.80",
            "revenue": 64229
        },
        "2006-12": {
            "month": "2006-12",
            "price": "7.36",
            "revenue": 83556
        },
        "2007-01": {
            "month": "2007-01",
            "price": "7.26",
            "revenue": 62080
        },
        "2007-02": {
            "month": "2007-02",
            "price": "6.67",
            "revenue": 53816
        },
        "2007-03": {
            "month": "2007-03",
            "price": "6.48",
            "revenue": 114661
        },
        "2007-04": {
            "month": "2007-04",
            "price": "7.83",
            "revenue": 94376
        },
        "2007-05": {
            "month": "2007-05",
            "price": "7.55",
            "revenue": 78287
        },
        "2007-06": {
            "month": "2007-06",
            "price": "7.06",
            "revenue": 61490
        },
        "2007-07": {
            "month": "2007-07",
            "price": "8.25",
            "revenue": 91911
        },
        "2007-08": {
            "month": "2007-08",
            "price": "7.77",
            "revenue": 62203
        },
        "2007-09": {
            "month": "2007-09",
            "price": "7.21",
            "revenue": 67209
        },
        "2007-10": {
            "month": "2007-10",
            "price": "6.94",
            "revenue": 98258
        },
        "2007-11": {
            "month": "2007-11",
            "price": "5.40",
            "revenue": 96669
        },
        "2007-12": {
            "month": "2007-12",
            "price": "5.06",
            "revenue": 68339
        },
        "2008-01": {
            "month": "2008-01",
            "price": "5.00",
            "revenue": 79638
        },
        "2008-02": {
            "month": "2008-02",
            "price": "5.11",
            "revenue": 62236
        },
        "2008-03": {
            "month": "2008-03",
            "price": "5.61",
            "revenue": 72646
        },
        "2008-04": {
            "month": "2008-04",
            "price": "5.96",
            "revenue": 67973
        },
        "2008-05": {
            "month": "2008-05",
            "price": "5.67",
            "revenue": 92511
        },
        "2008-06": {
            "month": "2008-06",
            "price": "5.00",
            "revenue": 67798
        },
        "2008-07": {
            "month": "2008-07",
            "price": "4.10",
            "revenue": 47094
        },
        "2008-08": {
            "month": "2008-08",
            "price": "3.83",
            "revenue": 58649
        },
        "2008-09": {
            "month": "2008-09",
            "price": "3.15",
            "revenue": 52592
        },
        "2008-10": {
            "month": "2008-10",
            "price": "2.14",
            "revenue": 59499
        },
        "2008-11": {
            "month": "2008-11",
            "price": "1.92",
            "revenue": 37058
        },
        "2008-12": {
            "month": "2008-12",
            "price": "2.01",
            "revenue": 37200
        },
        "2009-01": {
            "month": "2009-01",
            "price": "1.90",
            "revenue": 36586
        },
        "2009-02": {
            "month": "2009-02",
            "price": "1.79",
            "revenue": 28463
        },
        "2009-03": {
            "month": "2009-03",
            "price": "2.15",
            "revenue": 56404
        },
        "2009-04": {
            "month": "2009-04",
            "price": "2.97",
            "revenue": 67730
        },
        "2009-05": {
            "month": "2009-05",
            "price": "2.97",
            "revenue": 42811
        },
        "2009-06": {
            "month": "2009-06",
            "price": "2.87",
            "revenue": 32098
        },
        "2009-07": {
            "month": "2009-07",
            "price": "3.07",
            "revenue": 29699
        },
        "2009-08": {
            "month": "2009-08",
            "price": "4.05",
            "revenue": 20882
        },
        "2009-09": {
            "month": "2009-09",
            "price": "3.97",
            "revenue": 57811
        },
        "2009-10": {
            "month": "2009-10",
            "price": "5.09",
            "revenue": 80246
        },
        "2009-11": {
            "month": "2009-11",
            "price": "5.07",
            "revenue": 53712
        },
        "2009-12": {
            "month": "2009-12",
            "price": "5.21",
            "revenue": 66638
        },
        "2010-01": {
            "month": "2010-01",
            "price": "5.41",
            "revenue": 48698
        },
        "2010-02": {
            "month": "2010-02",
            "price": "4.84",
            "revenue": 48335
        },
        "2010-03": {
            "month": "2010-03",
            "price": "4.97",
            "revenue": 84479
        },
        "2010-04": {
            "month": "2010-04",
            "price": "5.28",
            "revenue": 70973
        },
        "2010-05": {
            "month": "2010-05",
            "price": "4.96",
            "revenue": 70364
        },
        "2010-06": {
            "month": "2010-06",
            "price": "4.78",
            "revenue": 82368
        },
        "2010-07": {
            "month": "2010-07",
            "price": "4.74",
            "revenue": 68731
        },
        "2010-08": {
            "month": "2010-08",
            "price": "6.05",
            "revenue": 78164
        },
        "2010-09": {
            "month": "2010-09",
            "price": "6.53",
            "revenue": 77605
        },
        "2010-10": {
            "month": "2010-10",
            "price": "7.66",
            "revenue": 88519
        },
        "2010-11": {
            "month": "2010-11",
            "price": "7.42",
            "revenue": 86538
        },
        "2010-12": {
            "month": "2010-12",
            "price": "6.98",
            "revenue": 117611
        },
        "2011-01": {
            "month": "2011-01",
            "price": "6.98",
            "revenue": 115305
        },
        "2011-02": {
            "month": "2011-02",
            "price": "6.79",
            "revenue": 101390
        },
        "2011-03": {
            "month": "2011-03",
            "price": "6.38",
            "revenue": 126142
        },
        "2011-04": {
            "month": "2011-04",
            "price": "8.82",
            "revenue": 133345
        },
        "2011-05": {
            "month": "2011-05",
            "price": "10.36",
            "revenue": 112525
        },
        "2011-06": {
            "month": "2011-06",
            "price": "8.89",
            "revenue": 119850
        },
        "2011-07": {
            "month": "2011-07",
            "price": "8.74",
            "revenue": 103758
        },
        "2011-08": {
            "month": "2011-08",
            "price": "8.82",
            "revenue": 98249
        },
        "2011-09": {
            "month": "2011-09",
            "price": "8.70",
            "revenue": 103913
        },
        "2011-10": {
            "month": "2011-10",
            "price": "8.26",
            "revenue": 56877
        },
        "2011-11": {
            "month": "2011-11",
            "price": "8.03",
            "revenue": 48351
        },
        "2011-12": {
            "month": "2011-12",
            "price": "8.68",
            "revenue": 57472
        },
        "2012-01": {
            "month": "2012-01",
            "price": "8.91",
            "revenue": 69466
        },
        "2012-02": {
            "month": "2012-02",
            "price": "10.54",
            "revenue": 32136
        },
        "2012-03": {
            "month": "2012-03",
            "price": "9.71",
            "revenue": 43050
        },
        "2012-04": {
            "month": "2012-04",
            "price": "7.70",
            "revenue": 36164
        },
        "2012-05": {
            "month": "2012-05",
            "price": "7.74",
            "revenue": 36496
        },
        "2012-06": {
            "month": "2012-06",
            "price": "8.15",
            "revenue": 67363
        },
        "2012-07": {
            "month": "2012-07",
            "price": "9.23",
            "revenue": 69635
        },
        "2012-08": {
            "month": "2012-08",
            "price": "13.09",
            "revenue": 88468
        },
        "2012-09": {
            "month": "2012-09",
            "price": "14.36",
            "revenue": 87435
        },
        "2012-10": {
            "month": "2012-10",
            "price": "16.38",
            "revenue": 72159
        },
        "2012-11": {
            "month": "2012-11",
            "price": "17.73",
            "revenue": 72474
        },
        "2012-12": {
            "month": "2012-12",
            "price": "17.43",
            "revenue": 67184
        },
        "2013-01": {
            "month": "2013-01",
            "price": "17.02",
            "revenue": 89032
        },
        "2013-02": {
            "month": "2013-02",
            "price": "15.35",
            "revenue": 51435
        },
        "2013-03": {
            "month": "2013-03",
            "price": "14.15",
            "revenue": 65149
        },
        "2013-04": {
            "month": "2013-04",
            "price": "13.84",
            "revenue": 66169
        },
        "2013-05": {
            "month": "2013-05",
            "price": "14.38",
            "revenue": 83391
        },
        "2013-06": {
            "month": "2013-06",
            "price": "14.78",
            "revenue": 65082
        },
        "2013-07": {
            "month": "2013-07",
            "price": "16.58",
            "revenue": 79565
        },
        "2013-08": {
            "month": "2013-08",
            "price": "18.00",
            "revenue": 76713
        },
        "2013-09": {
            "month": "2013-09",
            "price": "18.94",
            "revenue": 74681
        },
        "2013-10": {
            "month": "2013-10",
            "price": "30.62",
            "revenue": 75695
        },
        "2013-11": {
            "month": "2013-11",
            "price": "34.60",
            "revenue": 85163
        },
        "2013-12": {
            "month": "2013-12",
            "price": "38.63",
            "revenue": 70132
        },
        "2014-01": {
            "month": "2014-01",
            "price": "38.61",
            "revenue": 68657
        },
        "2014-02": {
            "month": "2014-02",
            "price": "38.74",
            "revenue": 71553
        },
        "2014-03": {
            "month": "2014-03",
            "price": "41.64",
            "revenue": 77271
        },
        "2014-04": {
            "month": "2014-04",
            "price": "47.69",
            "revenue": 75946
        },
        "2014-05": {
            "month": "2014-05",
            "price": "40.90",
            "revenue": 109288
        },
        "2014-06": {
            "month": "2014-06",
            "price": "40.84",
            "revenue": 80061
        },
        "2014-07": {
            "month": "2014-07",
            "price": "41.20",
            "revenue": 91329
        },
        "2014-08": {
            "month": "2014-08",
            "price": "39.80",
            "revenue": 95485
        },
        "2014-09": {
            "month": "2014-09",
            "price": "39.73",
            "revenue": 109459
        },
        "2014-10": {
            "month": "2014-10",
            "price": "36.47",
            "revenue": 95445
        },
        "2014-11": {
            "month": "2014-11",
            "price": "31.82",
            "revenue": 50106
        },
        "2014-12": {
            "month": "2014-12",
            "price": "27.33",
            "revenue": 56894
        },
        "2015-01": {
            "month": "2015-01",
            "price": "22.79",
            "revenue": 64729
        },
        "2015-02": {
            "month": "2015-02",
            "price": "21.77",
            "revenue": 52650
        },
        "2015-03": {
            "month": "2015-03",
            "price": "21.72",
            "revenue": 68950
        },
        "2015-04": {
            "month": "2015-04",
            "price": "21.10",
            "revenue": 79178
        },
        "2015-05": {
            "month": "2015-05",
            "price": "17.64",
            "revenue": 64852
        },
        "2015-06": {
            "month": "2015-06",
            "price": "14.23",
            "revenue": 59317
        },
        "2015-07": {
            "month": "2015-07",
            "price": "16.55",
            "revenue": 64584
        },
        "2015-08": {
            "month": "2015-08",
            "price": "13.61",
            "revenue": 73433
        },
        "2015-09": {
            "month": "2015-09",
            "price": "13.09",
            "revenue": 61412
        },
        "2015-10": {
            "month": "2015-10",
            "price": "14.32",
            "revenue": 62070
        },
        "2015-11": {
            "month": "2015-11",
            "price": "15.08",
            "revenue": 54588
        },
        "2015-12": {
            "month": "2015-12",
            "price": "14.18",
            "revenue": 46277
        },
        "2016-01": {
            "month": "2016-01",
            "price": "11.96",
            "revenue": 37910
        },
        "2016-02": {
            "month": "2016-02",
            "price": "12.00",
            "revenue": 36783
        },
        "2016-03": {
            "month": "2016-03",
            "price": "11.81",
            "revenue": 63170
        },
        "2016-04": {
            "month": "2016-04",
            "price": "10.90",
            "revenue": 58739
        },
        "2016-05": {
            "month": "2016-05",
            "price": "10.29",
            "revenue": 50527
        },
        "2016-06": {
            "month": "2016-06",
            "price": "9.51",
            "revenue": 64421
        },
        "2016-07": {
            "month": "2016-07",
            "price": "11.13",
            "revenue": 78695
        },
        "2016-08": {
            "month": "2016-08",
            "price": "15.03",
            "revenue": 78285
        },
        "2016-09": {
            "month": "2016-09",
            "price": "13.94",
            "revenue": 81142
        },
        "2016-10": {
            "month": "2016-10",
            "price": "13.63",
            "revenue": 78671
        },
        "2016-11": {
            "month": "2016-11",
            "price": "12.84",
            "revenue": 90092
        },
        "2016-12": {
            "month": "2016-12",
            "price": "12.51",
            "revenue": 79981
        },
        "2017-01": {
            "month": "2017-01",
            "price": "11.63",
            "revenue": 52101
        },
        "2017-02": {
            "month": "2017-02",
            "price": "11.18",
            "revenue": 46692
        },
        "2017-03": {
            "month": "2017-03",
            "price": "11.08",
            "revenue": 58926
        },
        "2017-04": {
            "month": "2017-04",
            "price": "12.75",
            "revenue": 48691
        },
        "2017-05": {
            "month": "2017-05",
            "price": "15.44",
            "revenue": 40485
        },
        "2017-06": {
            "month": "2017-06",
            "price": "15.19",
            "revenue": 70247
        },
        "2017-07": {
            "month": "2017-07",
            "price": "14.64",
            "revenue": 58169
        },
        "2017-08": {
            "month": "2017-08",
            "price": "14.57",
            "revenue": 84199
        },
        "2017-09": {
            "month": "2017-09",
            "price": "20.62",
            "revenue": 71079
        },
        "2017-10": {
            "month": "2017-10",
            "price": "24.95",
            "revenue": 81522
        },
        "2017-11": {
            "month": "2017-11",
            "price": "39.11",
            "revenue": 85382
        },
        "2017-12": {
            "month": "2017-12",
            "price": "42.25",
            "revenue": 59436
        },
        "2018-01": {
            "month": "2018-01",
            "price": "39.11",
            "revenue": 74332
        },
        "2018-02": {
            "month": "2018-02",
            "price": "31.18",
            "revenue": 47083
        },
        "2018-03": {
            "month": "2018-03",
            "price": "27.60",
            "revenue": 62001
        },
        "2018-04": {
            "month": "2018-04",
            "price": "28.39",
            "revenue": 36288
        },
        "2018-05": {
            "month": "2018-05",
            "price": "27.48",
            "revenue": 32120
        },
        "2018-06": {
            "month": "2018-06",
            "price": "36.91",
            "revenue": 47318
        },
        "2018-07": {
            "month": "2018-07",
            "price": "35.95",
            "revenue": 66560
        },
        "2018-08": {
            "month": "2018-08",
            "price": "30.20",
            "revenue": 59429
        },
        "2018-09": {
            "month": "2018-09",
            "price": "27.26",
            "revenue": 50234
        },
        "2018-10": {
            "month": "2018-10",
            "price": "25.85",
            "revenue": 46210
        },
        "2018-11": {
            "month": "2018-11",
            "price": "21.93",
            "revenue": 52456
        },
        "2018-12": {
            "month": "2018-12",
            "price": "28.41",
            "revenue": 25216
        },
        "2019-01": {
            "month": "2019-01",
            "price": "30.61",
            "revenue": 19548
        },
        "2019-02": {
            "month": "2019-02",
            "price": "34.31",
            "revenue": 23271
        },
        "2019-03": {
            "month": "2019-03",
            "price": "33.06",
            "revenue": 36607
        },
        "2019-04": {
            "month": "2019-04",
            "price": "34.27",
            "revenue": 27124
        },
        "2019-05": {
            "month": "2019-05",
            "price": "33.45",
            "revenue": 26377
        },
        "2019-06": {
            "month": "2019-06",
            "price": "34.38",
            "revenue": 23638
        },
        "2019-07": {
            "month": "2019-07",
            "price": "33.41",
            "revenue": 39469
        },
        "2019-08": {
            "month": "2019-08",
            "price": "32.72",
            "revenue": 45827
        },
        "2019-09": {
            "month": "2019-09",
            "price": "33.06",
            "revenue": 46955
        },
        "2019-10": {
            "month": "2019-10",
            "price": "32.02",
            "revenue": 72822
        },
        "2019-11": {
            "month": "2019-11",
            "price": "31.01",
            "revenue": 56311
        },
        "2019-12": {
            "month": "2019-12",
            "price": "27.83",
            "revenue": 33933
        },
        "2020-01": {
            "month": "2020-01",
            "price": "26.10",
            "revenue": 29339
        },
        "2020-02": {
            "month": "2020-02",
            "price": "25.21",
            "revenue": 14607
        },
        "2020-03": {
            "month": "2020-03",
            "price": "16.57",
            "revenue": 21347
        },
        "2020-04": {
            "month": "2020-04",
            "price": "11.86",
            "revenue": 16507
        },
        "2020-05": {
            "month": "2020-05",
            "price": "11.73",
            "revenue": 17240
        },
        "2020-06": {
            "month": "2020-06",
            "price": "14.17",
            "revenue": 21547
        },
        "2020-07": {
            "month": "2020-07",
            "price": "13.27",
            "revenue": 28745
        },
        "2020-08": {
            "month": "2020-08",
            "price": "11.69",
            "revenue": 47230
        },
        "2020-09": {
            "month": "2020-09",
            "price": "12.11",
            "revenue": 27688
        },
        "2020-10": {
            "month": "2020-10",
            "price": "11.40",
            "revenue": 53190
        },
        "2020-11": {
            "month": "2020-11",
            "price": "10.44",
            "revenue": 29569
        },
        "2020-12": {
            "month": "2020-12",
            "price": "10.10",
            "revenue": 21894
        },
        "2021-01": {
            "month": "2021-01",
            "price": "10.30",
            "revenue": 26601
        },
        "2021-02": {
            "month": "2021-02",
            "price": "10.28",
            "revenue": 17850
        },
        "2021-03": {
            "month": "2021-03",
            "price": "10.11",
            "revenue": 18633
        },
        "2021-04": {
            "month": "2021-04",
            "price": "10.16",
            "revenue": 51915
        },
        "2021-05": {
            "month": "2021-05",
            "price": "10.40",
            "revenue": 81123
        },
        "2021-06": {
            "month": "2021-06",
            "price": "10.33",
            "revenue": 46556
        },
        "2021-07": {
            "month": "2021-07",
            "price": "10.02",
            "revenue": 38944
        },
        "2021-08": {
            "month": "2021-08",
            "price": "9.26",
            "revenue": 37903
        },
        "2021-09": {
            "month": "2021-09",
            "price": "9.53",
            "revenue": 123398
        },
        "2021-10": {
            "month": "2021-10",
            "price": "27.19",
            "revenue": 80778
        },
        "2021-11": {
            "month": "2021-11",
            "price": "35.18",
            "revenue": 12574
        },
        "2021-12": {
            "month": "2021-12",
            "price": "31.62",
            "revenue": 117223
        },
        "2022-01": {
            "month": "2022-01",
            "price": "34.08",
            "revenue": 94781
        },
        "2022-02": {
            "month": "2022-02",
            "price": "27.82",
            "revenue": 33487
        },
        "2022-03": {
            "month": "2022-03",
            "price": "23.84",
            "revenue": 68661
        },
        "2022-04": {
            "month": "2022-04",
            "price": "21.68",
            "revenue": 68295
        },
        "2022-05": {
            "month": "2022-05",
            "price": "26.56",
            "revenue": 96289
        },
        "2022-06": {
            "month": "2022-06",
            "price": "25.14",
            "revenue": 89237
        },
        "2022-07": {
            "month": "2022-07",
            "price": "21.65",
            "revenue": 63099
        },
        "2022-08": {
            "month": "2022-08",
            "price": "20.07",
            "revenue": 40293
        },
        "2022-09": {
            "month": "2022-09",
            "price": "23.94",
            "revenue": 141624
        },
        "2022-10": {
            "month": "2022-10",
            "price": "19.86",
            "revenue": 138536
        },
        "2022-11": {
            "month": "2022-11",
            "price": "20.01",
            "revenue": 137607
        },
        "2022-12": {
            "month": "2022-12",
            "price": "21.94",
            "revenue": 204493
        },
        "2023-01": {
            "month": "2023-01",
            "price": "24.29",
            "revenue": 61007
        },
        "2023-02": {
            "month": "2023-02",
            "price": "26.74",
            "revenue": 106740
        },
        "2023-03": {
            "month": "2023-03",
            "price": "31.06",
            "revenue": 94220
        },
        "2023-04": {
            "month": "2023-04",
            "price": "28.23",
            "revenue": 196668
        }
    }
}
