{
    "summary": {
        "stock_name": "台南",
        "stock_id": "1473",
        "category": "紡織纖維",
        "main_business": "成衣",
        "website_url": "http://www.eng.tai-nan.com/?lang=zh",
        "ceo": "謝幼琴",
        "pe_ratio": 14,
        "report_year_from": 2001,
        "report_year_to": 2023,
        "age": 23,
        "eps_negative_percentage": 9,
        "eps_growth_avg": {
            "last_all": -6.34,
            "last_2y": -12.62,
            "last_4y": -36.92,
            "last_8y": -17.02,
            "last_12y": -17.53,
            "last_16y": -10.62,
            "last_20y": -6.36,
            "at_2006_last_3y": 9.62,
            "at_2007_last_3y": 10.53,
            "at_2008_last_3y": -16.91,
            "at_2009_last_3y": -6.21,
            "at_2010_last_3y": 8.37,
            "at_2011_last_3y": 12.51,
            "at_2012_last_3y": 13.84,
            "at_2013_last_3y": 11.77,
            "at_2014_last_3y": -18.42,
            "at_2015_last_3y": -25.4,
            "at_2016_last_3y": 15.46,
            "at_2017_last_3y": -7.74,
            "at_2018_last_3y": -2.1,
            "at_2019_last_3y": 6.78,
            "at_2020_last_3y": -43.22,
            "at_2021_last_3y": -38.36,
            "at_2022_last_3y": -49.07,
            "at_2023_last_3y": -56.31,
            "at_2024_last_3y": -56.31,
            "at_2006_last_all": 6.51,
            "at_2007_last_all": 1.71,
            "at_2008_last_all": -8.36,
            "at_2009_last_all": -1.9,
            "at_2010_last_all": 7.33,
            "at_2011_last_all": 6.03,
            "at_2012_last_all": -0.29,
            "at_2013_last_all": 2.65,
            "at_2014_last_all": -0.59,
            "at_2015_last_all": -2.95,
            "at_2016_last_all": 3.91,
            "at_2017_last_all": 0.06,
            "at_2018_last_all": -0.94,
            "at_2019_last_all": -0.79,
            "at_2020_last_all": -6.01,
            "at_2021_last_all": -6.01,
            "at_2022_last_all": -6.01,
            "at_2023_last_all": -6.34,
            "at_2024_last_all": -6.34
        },
        "latest_eps": 2.06,
        "latest_price": 27.95,
        "latest_roe": 8.24,
        "latest_gross_margin": 18.58,
        "latest_equity": 3762035,
        "latest_revenue": 1690289,
        "latest_gross_profit": 313981,
        "latest_net_income": 124310,
        "latest_debt_ratio": 30.17,
        "latest_current_ratio": 237.73,
        "latest_account_receivable_turnover_ratio": 1.44,
        "latest_inventory_turnover_ratio": 1.55,
        "latest_reinvestment_rate": -286.82,
        "latest_research_to_sale_ratio": 1.14
    },
    "eps_dividends": {
        "1998": {
            "cash": 0,
            "stock": 3,
            "eps": 0
        },
        "1999": {
            "cash": 0,
            "stock": 5,
            "eps": 0
        },
        "2000": {
            "cash": 0,
            "stock": 0.4,
            "eps": 0
        },
        "2001": {
            "cash": 0,
            "stock": 0,
            "eps": 4.55
        },
        "2002": {
            "cash": 3,
            "stock": 0.5,
            "eps": 4.28
        },
        "2003": {
            "cash": 3,
            "stock": 0,
            "eps": 3.17
        },
        "2004": {
            "cash": 3,
            "stock": 0,
            "eps": 4.47
        },
        "2005": {
            "cash": 3,
            "stock": 0.1,
            "eps": 4.49
        },
        "2006": {
            "cash": 3,
            "stock": 0.1,
            "eps": 5.52
        },
        "2007": {
            "cash": 3.7,
            "stock": 0.1,
            "eps": 4.29
        },
        "2008": {
            "cash": 2.5,
            "stock": 0,
            "eps": 1.34
        },
        "2009": {
            "cash": 1,
            "stock": 0.5,
            "eps": 1.92
        },
        "2010": {
            "cash": 1.5,
            "stock": 0,
            "eps": 3.48
        },
        "2011": {
            "cash": 4.699999999999999,
            "stock": 0,
            "eps": 3.28
        },
        "2012": {
            "cash": 0,
            "stock": 0,
            "eps": 1.2
        },
        "2013": {
            "cash": 1,
            "stock": 0,
            "eps": 1.62
        },
        "2014": {
            "cash": 2.5,
            "stock": 0,
            "eps": 0.98
        },
        "2015": {
            "cash": 1.6,
            "stock": 0,
            "eps": 0.65
        },
        "2016": {
            "cash": 1.2,
            "stock": 0,
            "eps": 1.54
        },
        "2017": {
            "cash": 1.2,
            "stock": 0,
            "eps": 0.65
        },
        "2018": {
            "cash": 0.5,
            "stock": 0,
            "eps": 0.54
        },
        "2019": {
            "cash": 0.5,
            "stock": 0,
            "eps": 0.55
        },
        "2020": {
            "cash": 0.5,
            "stock": 0,
            "eps": -2.46
        },
        "2021": {
            "cash": 0.2,
            "stock": 0,
            "eps": -0.92
        },
        "2022": {
            "cash": 0.1,
            "stock": 0,
            "eps": 2.06
        },
        "2023": {
            "cash": 1,
            "stock": 0,
            "eps": 1.8
        },
        "2024": {
            "cash": 1.2,
            "stock": 0,
            "eps": 0
        }
    },
    "dividends": {
        "1998-04-18": {
            "cash": 0,
            "stock": 3
        },
        "1999-05-21": {
            "cash": 0,
            "stock": 5
        },
        "2000-05-12": {
            "cash": 0,
            "stock": 0.4
        },
        "2002-05-03": {
            "cash": 3,
            "stock": 0.5
        },
        "2003-04-11": {
            "cash": 3,
            "stock": 0
        },
        "2004-03-22": {
            "cash": 3,
            "stock": 0
        },
        "2005-05-20": {
            "cash": 3,
            "stock": 0.1
        },
        "2006-05-04": {
            "cash": 3,
            "stock": 0.1
        },
        "2007-04-18": {
            "cash": 3.7,
            "stock": 0.1
        },
        "2008-04-15": {
            "cash": 2.5,
            "stock": 0
        },
        "2009-04-17": {
            "cash": 1,
            "stock": 0.5
        },
        "2010-04-16": {
            "cash": 1.5,
            "stock": 0
        },
        "2011-01-01": {
            "cash": 2.3,
            "stock": 0
        },
        "2011-03-22": {
            "cash": 2.4,
            "stock": 0
        },
        "2013-03-28": {
            "cash": 1,
            "stock": 0
        },
        "2014-06-27": {
            "cash": 2.5,
            "stock": 0
        },
        "2015-07-31": {
            "cash": 1.6,
            "stock": 0
        },
        "2016-05-25": {
            "cash": 1.2,
            "stock": 0
        },
        "2017-08-11": {
            "cash": 1.2,
            "stock": 0
        },
        "2018-08-15": {
            "cash": 0.5,
            "stock": 0
        },
        "2019-08-20": {
            "cash": 0.5,
            "stock": 0
        },
        "2020-08-31": {
            "cash": 0.5,
            "stock": 0
        },
        "2021-10-28": {
            "cash": 0.2,
            "stock": 0
        },
        "2022-08-26": {
            "cash": 0.1,
            "stock": 0
        },
        "2023-07-20": {
            "cash": 1,
            "stock": 0
        },
        "2024-03-07": {
            "cash": 1.2,
            "stock": 0
        }
    },
    "prices": {
        "200101": "46.91",
        "200102": "53.53",
        "200103": "57.57",
        "200104": "55.38",
        "200105": "50.27",
        "200106": "40.40",
        "200107": "40.42",
        "200108": "40.11",
        "200109": "39.38",
        "200110": "36.54",
        "200111": "37.20",
        "200112": "39.42",
        "200201": "40.60",
        "200202": "41.12",
        "200203": "41.76",
        "200204": "43.54",
        "200205": "44.97",
        "200206": "41.86",
        "200207": "40.03",
        "200208": "39.41",
        "200209": "39.26",
        "200210": "38.25",
        "200211": "39.99",
        "200212": "39.99",
        "200301": "40.77",
        "200302": "40.98",
        "200303": "41.30",
        "200304": "40.28",
        "200305": "40.09",
        "200306": "42.77",
        "200307": "44.78",
        "200308": "50.49",
        "200309": "47.33",
        "200310": "45.42",
        "200311": "45.49",
        "200312": "45.45",
        "200401": "46.50",
        "200402": "49.13",
        "200403": "48.49",
        "200404": "48.14",
        "200405": "46.50",
        "200406": "44.19",
        "200407": "42.49",
        "200408": "42.72",
        "200409": "42.09",
        "200410": "41.56",
        "200411": "40.00",
        "200412": "40.65",
        "200501": "42.43",
        "200502": "41.92",
        "200503": "42.03",
        "200504": "41.64",
        "200505": "40.50",
        "200506": "40.92",
        "200507": "40.20",
        "200508": "39.36",
        "200509": "39.33",
        "200510": "38.83",
        "200511": "37.93",
        "200512": "38.13",
        "200601": "37.57",
        "200602": "37.49",
        "200603": "38.23",
        "200604": "39.36",
        "200605": "41.64",
        "200606": "40.09",
        "200607": "40.38",
        "200608": "39.02",
        "200609": "39.75",
        "200610": "43.12",
        "200611": "44.24",
        "200612": "50.07",
        "200701": "57.27",
        "200702": "55.46",
        "200703": "51.20",
        "200704": "54.20",
        "200705": "53.66",
        "200706": "53.22",
        "200707": "55.05",
        "200708": "50.50",
        "200709": "49.19",
        "200710": "47.12",
        "200711": "43.86",
        "200712": "43.45",
        "200801": "41.98",
        "200802": "40.81",
        "200803": "41.22",
        "200804": "41.42",
        "200805": "39.68",
        "200806": "35.18",
        "200807": "28.99",
        "200808": "24.79",
        "200809": "20.12",
        "200810": "18.03",
        "200811": "17.04",
        "200812": "17.03",
        "200901": "17.13",
        "200902": "17.56",
        "200903": "18.54",
        "200904": "20.03",
        "200905": "23.36",
        "200906": "23.07",
        "200907": "23.53",
        "200908": "22.82",
        "200909": "23.56",
        "200910": "23.84",
        "200911": "25.22",
        "200912": "31.94",
        "201001": "33.46",
        "201002": "31.96",
        "201003": "33.45",
        "201004": "37.35",
        "201005": "34.19",
        "201006": "33.16",
        "201007": "38.11",
        "201008": "46.24",
        "201009": "46.05",
        "201010": "43.48",
        "201011": "41.12",
        "201012": "45.62",
        "201101": "43.68",
        "201102": "38.71",
        "201103": "38.86",
        "201104": "41.38",
        "201105": "40.79",
        "201106": "39.78",
        "201107": "40.34",
        "201108": "38.00",
        "201109": "37.04",
        "201110": "35.00",
        "201111": "35.81",
        "201112": "35.54",
        "201201": "36.67",
        "201202": "39.43",
        "201203": "38.75",
        "201204": "36.34",
        "201205": "32.97",
        "201206": "30.29",
        "201207": "29.36",
        "201208": "28.94",
        "201209": "27.80",
        "201210": "28.27",
        "201211": "28.14",
        "201212": "29.56",
        "201301": "31.07",
        "201302": "30.39",
        "201303": "30.43",
        "201304": "35.62",
        "201305": "36.03",
        "201306": "34.79",
        "201307": "31.95",
        "201308": "34.60",
        "201309": "35.10",
        "201310": "34.35",
        "201311": "31.22",
        "201312": "29.71",
        "201401": "31.34",
        "201402": "32.85",
        "201403": "32.35",
        "201404": "33.05",
        "201405": "31.70",
        "201406": "31.46",
        "201407": "31.15",
        "201408": "28.59",
        "201409": "27.99",
        "201410": "25.91",
        "201411": "25.07",
        "201412": "25.22",
        "201501": "26.65",
        "201502": "27.40",
        "201503": "27.31",
        "201504": "31.01",
        "201505": "30.30",
        "201506": "29.60",
        "201507": "27.57",
        "201508": "23.75",
        "201509": "24.68",
        "201510": "25.64",
        "201511": "25.54",
        "201512": "26.92",
        "201601": "34.38",
        "201602": "37.00",
        "201603": "38.61",
        "201604": "37.49",
        "201605": "40.75",
        "201606": "39.09",
        "201607": "35.94",
        "201608": "32.09",
        "201609": "29.72",
        "201610": "29.56",
        "201611": "29.30",
        "201612": "30.20",
        "201701": "29.50",
        "201702": "29.52",
        "201703": "28.64",
        "201704": "26.42",
        "201705": "25.95",
        "201706": "26.06",
        "201707": "25.86",
        "201708": "24.28",
        "201709": "24.38",
        "201710": "23.66",
        "201711": "23.42",
        "201712": "23.62",
        "201801": "24.41",
        "201802": "23.34",
        "201803": "23.65",
        "201804": "23.35",
        "201805": "22.18",
        "201806": "21.22",
        "201807": "20.27",
        "201808": "20.49",
        "201809": "19.93",
        "201810": "17.83",
        "201811": "17.51",
        "201812": "17.58",
        "201901": "17.45",
        "201902": "18.95",
        "201903": "19.63",
        "201904": "23.33",
        "201905": "26.64",
        "201906": "28.78",
        "201907": "27.16",
        "201908": "25.67",
        "201909": "26.47",
        "201910": "24.52",
        "201911": "23.52",
        "201912": "23.61",
        "202001": "24.73",
        "202002": "28.54",
        "202003": "25.17",
        "202004": "20.77",
        "202005": "19.88",
        "202006": "20.48",
        "202007": "19.46",
        "202008": "18.25",
        "202009": "18.40",
        "202010": "17.95",
        "202011": "18.02",
        "202012": "18.24",
        "202101": "17.86",
        "202102": "17.29",
        "202103": "17.94",
        "202104": "19.08",
        "202105": "18.07",
        "202106": "18.18",
        "202107": "18.23",
        "202108": "17.63",
        "202109": "17.66",
        "202110": "17.82",
        "202111": "18.01",
        "202112": "17.94",
        "202201": "18.05",
        "202202": "18.36",
        "202203": "18.55",
        "202204": "18.53",
        "202205": "18.80",
        "202206": "19.15",
        "202207": "19.71",
        "202208": "22.14",
        "202209": "20.67",
        "202210": "18.49",
        "202211": "19.39",
        "202212": "20.90",
        "202301": "21.22",
        "202302": "23.17",
        "202303": "24.93",
        "202304": "22.96",
        "202305": "23.61",
        "202306": "24.36",
        "202307": "24.47",
        "202308": "24.48",
        "202309": "26.40",
        "202310": "28.42",
        "202311": "30.02",
        "202312": "29.33"
    },
    "quarters": {
        "20011": {
            "year_quarter": 20011,
            "year": 2001,
            "quarter": 1,
            "eps": 1.52,
            "eps_growth_year": -22.84,
            "eps_4q": 4.6,
            "eps_4q_growth_year": -7.24,
            "roe": 5.84,
            "roe_4q": 5.84,
            "gross_profit": 198552,
            "gross_margin": 16.3,
            "gross_margin_4q_avg": 16.3,
            "net_income": 143901,
            "net_income_4q": null,
            "revenue": 1217947,
            "revenue_4q": null,
            "common_shares": 948362,
            "book_valuer_per_share": 26.7,
            "book_valuer_per_share_4q_avg": 26.7,
            "equity": 2532585,
            "current_ratio": 159.46,
            "debt_ratio": 25.3,
            "inventory_turnover_ratio": 1.56,
            "account_receivable_turnover_ratio": null,
            "reinvestment_rate": null,
            "research_to_sale_ratio": null,
            "price_fair": 0,
            "eps_avg_yearly": 0,
            "eps_latest_yearly": 0,
            "eps_growth_yearly": 0
        },
        "20012": {
            "year_quarter": 20012,
            "year": 2001,
            "quarter": 2,
            "eps": 1.36,
            "eps_growth_year": 27.1,
            "eps_4q": 4.24,
            "eps_4q_growth_year": 4.21,
            "roe": 6.17,
            "roe_4q": 12.01,
            "gross_profit": 110607,
            "gross_margin": 14.09,
            "gross_margin_4q_avg": 15.2,
            "net_income": 158135,
            "net_income_4q": null,
            "revenue": 785274,
            "revenue_4q": null,
            "common_shares": 1160902,
            "book_valuer_per_share": 22.31,
            "book_valuer_per_share_4q_avg": 24.51,
            "equity": 2589655,
            "current_ratio": 125.19,
            "debt_ratio": 30.74,
            "inventory_turnover_ratio": 1.77,
            "account_receivable_turnover_ratio": null,
            "reinvestment_rate": null,
            "research_to_sale_ratio": null,
            "price_fair": 0,
            "eps_avg_yearly": 0,
            "eps_latest_yearly": 0,
            "eps_growth_yearly": 0
        },
        "20013": {
            "year_quarter": 20013,
            "year": 2001,
            "quarter": 3,
            "eps": 0.59,
            "eps_growth_year": -35.87,
            "eps_4q": 4.1,
            "eps_4q_growth_year": 1.08,
            "roe": 2.6,
            "roe_4q": 14.61,
            "gross_profit": 72600,
            "gross_margin": 8.66,
            "gross_margin_4q_avg": 13.02,
            "net_income": 68163,
            "net_income_4q": null,
            "revenue": 837953,
            "revenue_4q": null,
            "common_shares": 1160902,
            "book_valuer_per_share": 22.92,
            "book_valuer_per_share_4q_avg": 23.98,
            "equity": 2661049,
            "current_ratio": 137.76,
            "debt_ratio": 25.08,
            "inventory_turnover_ratio": 1.96,
            "account_receivable_turnover_ratio": null,
            "reinvestment_rate": null,
            "research_to_sale_ratio": null,
            "price_fair": 0,
            "eps_avg_yearly": 0,
            "eps_latest_yearly": 0,
            "eps_growth_yearly": 0
        },
        "20014": {
            "year_quarter": 20014,
            "year": 2001,
            "quarter": 4,
            "eps": 1.08,
            "eps_growth_year": -0.92,
            "eps_4q": 4.26,
            "eps_4q_growth_year": -4.8,
            "roe": 4.6,
            "roe_4q": 19.21,
            "gross_profit": 100060,
            "gross_margin": 12.41,
            "gross_margin_4q_avg": 12.87,
            "net_income": 125861,
            "net_income_4q": null,
            "revenue": 806385,
            "revenue_4q": null,
            "common_shares": 1160902,
            "book_valuer_per_share": 24.22,
            "book_valuer_per_share_4q_avg": 24.04,
            "equity": 2811438,
            "current_ratio": 262.87,
            "debt_ratio": 32.51,
            "inventory_turnover_ratio": 1.16,
            "account_receivable_turnover_ratio": null,
            "reinvestment_rate": null,
            "research_to_sale_ratio": null,
            "price_fair": 0,
            "eps_avg_yearly": 0,
            "eps_latest_yearly": 0,
            "eps_growth_yearly": 0
        },
        "20021": {
            "year_quarter": 20021,
            "year": 2002,
            "quarter": 1,
            "eps": 1.33,
            "eps_growth_year": -12.5,
            "eps_4q": 4.37,
            "eps_4q_growth_year": -5.11,
            "roe": 5.33,
            "roe_4q": 18.7,
            "gross_profit": 147084,
            "gross_margin": 12.16,
            "gross_margin_4q_avg": 11.83,
            "net_income": 154163,
            "net_income_4q": null,
            "revenue": 1209501,
            "revenue_4q": null,
            "common_shares": 1160902,
            "book_valuer_per_share": 25.57,
            "book_valuer_per_share_4q_avg": 23.76,
            "equity": 2968587,
            "current_ratio": 164.21,
            "debt_ratio": 27.82,
            "inventory_turnover_ratio": 1.77,
            "account_receivable_turnover_ratio": null,
            "reinvestment_rate": null,
            "research_to_sale_ratio": null,
            "price_fair": 186.2,
            "eps_avg_yearly": 5.32,
            "eps_latest_yearly": 5.32,
            "eps_growth_yearly": 92.59
        },
        "20022": {
            "year_quarter": 20022,
            "year": 2002,
            "quarter": 2,
            "eps": 1.04,
            "eps_growth_year": -23.53,
            "eps_4q": 3.87,
            "eps_4q_growth_year": -8.54,
            "roe": 4.54,
            "roe_4q": 17.07,
            "gross_profit": 102980,
            "gross_margin": 10.85,
            "gross_margin_4q_avg": 11.02,
            "net_income": 127743,
            "net_income_4q": null,
            "revenue": 949478,
            "revenue_4q": null,
            "common_shares": 1223948,
            "book_valuer_per_share": 21.77,
            "book_valuer_per_share_4q_avg": 23.62,
            "equity": 2664361,
            "current_ratio": 157.55,
            "debt_ratio": 35.77,
            "inventory_turnover_ratio": 2.48,
            "account_receivable_turnover_ratio": null,
            "reinvestment_rate": null,
            "research_to_sale_ratio": null,
            "price_fair": 60.14,
            "eps_avg_yearly": 4.74,
            "eps_latest_yearly": 4.16,
            "eps_growth_yearly": 2.69
        },
        "20023": {
            "year_quarter": 20023,
            "year": 2002,
            "quarter": 3,
            "eps": 0.55,
            "eps_growth_year": -6.78,
            "eps_4q": 3.89,
            "eps_4q_growth_year": -5.16,
            "roe": 2.45,
            "roe_4q": 16.92,
            "gross_profit": 69086,
            "gross_margin": 7.49,
            "gross_margin_4q_avg": 10.73,
            "net_income": 67146,
            "net_income_4q": null,
            "revenue": 922883,
            "revenue_4q": null,
            "common_shares": 1223948,
            "book_valuer_per_share": 22.97,
            "book_valuer_per_share_4q_avg": 23.63,
            "equity": 2811001,
            "current_ratio": 187.85,
            "debt_ratio": 30.03,
            "inventory_turnover_ratio": 2.2,
            "account_receivable_turnover_ratio": null,
            "reinvestment_rate": null,
            "research_to_sale_ratio": null,
            "price_fair": 11.68,
            "eps_avg_yearly": 3.89,
            "eps_latest_yearly": 2.2,
            "eps_growth_yearly": -61.03
        },
        "20024": {
            "year_quarter": 20024,
            "year": 2002,
            "quarter": 4,
            "eps": 1.36,
            "eps_growth_year": 25.93,
            "eps_4q": 4.22,
            "eps_4q_growth_year": -0.82,
            "roe": 5.75,
            "roe_4q": 18.07,
            "gross_profit": 168073,
            "gross_margin": 14.44,
            "gross_margin_4q_avg": 11.24,
            "net_income": 165884,
            "net_income_4q": null,
            "revenue": 1164023,
            "revenue_4q": null,
            "common_shares": 1223948,
            "book_valuer_per_share": 24.17,
            "book_valuer_per_share_4q_avg": 23.62,
            "equity": 2958272,
            "current_ratio": 296.3,
            "debt_ratio": 36.87,
            "inventory_turnover_ratio": 1.47,
            "account_receivable_turnover_ratio": null,
            "reinvestment_rate": 16.85,
            "research_to_sale_ratio": null,
            "price_fair": 149.8,
            "eps_avg_yearly": 4.28,
            "eps_latest_yearly": 5.44,
            "eps_growth_yearly": 101.5
        },
        "20031": {
            "year_quarter": 20031,
            "year": 2003,
            "quarter": 1,
            "eps": 1.65,
            "eps_growth_year": 24.06,
            "eps_4q": 4.59,
            "eps_4q_growth_year": 5.16,
            "roe": 6.61,
            "roe_4q": 19.349999999999998,
            "gross_profit": 172514,
            "gross_margin": 15.06,
            "gross_margin_4q_avg": 11.96,
            "net_income": 202225,
            "net_income_4q": null,
            "revenue": 1145750,
            "revenue_4q": null,
            "common_shares": 1223948,
            "book_valuer_per_share": 25.82,
            "book_valuer_per_share_4q_avg": 23.68,
            "equity": 3160073,
            "current_ratio": 233.14,
            "debt_ratio": 27.38,
            "inventory_turnover_ratio": 1.49,
            "account_receivable_turnover_ratio": null,
            "reinvestment_rate": 2.79,
            "research_to_sale_ratio": null,
            "price_fair": 166.04,
            "eps_avg_yearly": 4.74,
            "eps_latest_yearly": 6.6,
            "eps_growth_yearly": 98.26
        },
        "20032": {
            "year_quarter": 20032,
            "year": 2003,
            "quarter": 2,
            "eps": 0.81,
            "eps_growth_year": -22.12,
            "eps_4q": 4.36,
            "eps_4q_growth_year": 12.63,
            "roe": 3.28,
            "roe_4q": 18.09,
            "gross_profit": 88115,
            "gross_margin": 9.38,
            "gross_margin_4q_avg": 11.59,
            "net_income": 99197,
            "net_income_4q": null,
            "revenue": 939522,
            "revenue_4q": null,
            "common_shares": 1223948,
            "book_valuer_per_share": 23.54,
            "book_valuer_per_share_4q_avg": 24.13,
            "equity": 2880650,
            "current_ratio": 145.62,
            "debt_ratio": 31.66,
            "inventory_turnover_ratio": 1.93,
            "account_receivable_turnover_ratio": null,
            "reinvestment_rate": 2.29,
            "research_to_sale_ratio": null,
            "price_fair": 157.27,
            "eps_avg_yearly": 4.49,
            "eps_latest_yearly": 3.24,
            "eps_growth_yearly": 47.94
        },
        "20033": {
            "year_quarter": 20033,
            "year": 2003,
            "quarter": 3,
            "eps": 1.16,
            "eps_growth_year": 110.91,
            "eps_4q": 4.96,
            "eps_4q_growth_year": 27.6,
            "roe": 4.87,
            "roe_4q": 20.51,
            "gross_profit": 83234,
            "gross_margin": 7.44,
            "gross_margin_4q_avg": 11.58,
            "net_income": 142518,
            "net_income_4q": null,
            "revenue": 1118108,
            "revenue_4q": null,
            "common_shares": 1228948,
            "book_valuer_per_share": 24.14,
            "book_valuer_per_share_4q_avg": 24.42,
            "equity": 2966616,
            "current_ratio": 208.47,
            "debt_ratio": 25.63,
            "inventory_turnover_ratio": 2.26,
            "account_receivable_turnover_ratio": null,
            "reinvestment_rate": -1.67,
            "research_to_sale_ratio": null,
            "price_fair": 158,
            "eps_avg_yearly": 4.51,
            "eps_latest_yearly": 4.64,
            "eps_growth_yearly": 65.79
        },
        "20034": {
            "year_quarter": 20034,
            "year": 2003,
            "quarter": 4,
            "eps": -0.45,
            "eps_growth_year": -133.09,
            "eps_4q": 3.35,
            "eps_4q_growth_year": -20.68,
            "roe": -1.9,
            "roe_4q": 12.86,
            "gross_profit": 109815,
            "gross_margin": 11.32,
            "gross_margin_4q_avg": 10.8,
            "net_income": -55641,
            "net_income_4q": null,
            "revenue": 969971,
            "revenue_4q": null,
            "common_shares": 1228948,
            "book_valuer_per_share": 23.63,
            "book_valuer_per_share_4q_avg": 24.28,
            "equity": 2903537,
            "current_ratio": 266.24,
            "debt_ratio": 34.91,
            "inventory_turnover_ratio": 1.26,
            "account_receivable_turnover_ratio": null,
            "reinvestment_rate": 8.84,
            "research_to_sale_ratio": null,
            "price_fair": 158,
            "eps_avg_yearly": 4.51,
            "eps_latest_yearly": 4.64,
            "eps_growth_yearly": 65.79
        },
        "20041": {
            "year_quarter": 20041,
            "year": 2004,
            "quarter": 1,
            "eps": 1.39,
            "eps_growth_year": -15.76,
            "eps_4q": 2.9,
            "eps_4q_growth_year": -36.86,
            "roe": 5.79,
            "roe_4q": 12.04,
            "gross_profit": 171571,
            "gross_margin": 14.98,
            "gross_margin_4q_avg": 10.78,
            "net_income": 171241,
            "net_income_4q": null,
            "revenue": 1145552,
            "revenue_4q": null,
            "common_shares": 1228948,
            "book_valuer_per_share": 24.55,
            "book_valuer_per_share_4q_avg": 23.97,
            "equity": 3016522,
            "current_ratio": 257.4,
            "debt_ratio": 37.58,
            "inventory_turnover_ratio": 1.47,
            "account_receivable_turnover_ratio": null,
            "reinvestment_rate": -3.02,
            "research_to_sale_ratio": null,
            "price_fair": 158,
            "eps_avg_yearly": 4.51,
            "eps_latest_yearly": 4.64,
            "eps_growth_yearly": 65.79
        },
        "20042": {
            "year_quarter": 20042,
            "year": 2004,
            "quarter": 2,
            "eps": 1.27,
            "eps_growth_year": 56.79,
            "eps_4q": 3.35,
            "eps_4q_growth_year": -23.14,
            "roe": 5.37,
            "roe_4q": 14.129999999999999,
            "gross_profit": 95982,
            "gross_margin": 9.74,
            "gross_margin_4q_avg": 10.87,
            "net_income": 157293,
            "net_income_4q": null,
            "revenue": 985946,
            "revenue_4q": null,
            "common_shares": 1228948,
            "book_valuer_per_share": 23.14,
            "book_valuer_per_share_4q_avg": 23.87,
            "equity": 2843302,
            "current_ratio": 163.83,
            "debt_ratio": 43.95,
            "inventory_turnover_ratio": 2.17,
            "account_receivable_turnover_ratio": null,
            "reinvestment_rate": 0.94,
            "research_to_sale_ratio": null,
            "price_fair": 160.48,
            "eps_avg_yearly": 4.59,
            "eps_latest_yearly": 5.08,
            "eps_growth_yearly": 53.25
        },
        "20043": {
            "year_quarter": 20043,
            "year": 2004,
            "quarter": 3,
            "eps": 0.93,
            "eps_growth_year": -19.83,
            "eps_4q": 3.14,
            "eps_4q_growth_year": -36.76,
            "roe": 3.95,
            "roe_4q": 13.209999999999999,
            "gross_profit": 48459,
            "gross_margin": 4.91,
            "gross_margin_4q_avg": 10.24,
            "net_income": 114884,
            "net_income_4q": null,
            "revenue": 987808,
            "revenue_4q": null,
            "common_shares": 1233948,
            "book_valuer_per_share": 24.07,
            "book_valuer_per_share_4q_avg": 23.85,
            "equity": 2970346,
            "current_ratio": 194.89,
            "debt_ratio": 38.38,
            "inventory_turnover_ratio": 2.14,
            "account_receivable_turnover_ratio": null,
            "reinvestment_rate": 1.2,
            "research_to_sale_ratio": null,
            "price_fair": 157.11,
            "eps_avg_yearly": 4.49,
            "eps_latest_yearly": 3.72,
            "eps_growth_yearly": 35.43
        },
        "20044": {
            "year_quarter": 20044,
            "year": 2004,
            "quarter": 4,
            "eps": 0.88,
            "eps_growth_year": null,
            "eps_4q": 4.45,
            "eps_4q_growth_year": 33.02,
            "roe": 3.64,
            "roe_4q": 18.75,
            "gross_profit": 143180,
            "gross_margin": 13.21,
            "gross_margin_4q_avg": 10.71,
            "net_income": 109164,
            "net_income_4q": null,
            "revenue": 1083960,
            "revenue_4q": null,
            "common_shares": 1233948,
            "book_valuer_per_share": 23.61,
            "book_valuer_per_share_4q_avg": 23.84,
            "equity": 3020087,
            "current_ratio": 349.58,
            "debt_ratio": 40.5,
            "inventory_turnover_ratio": 1.15,
            "account_receivable_turnover_ratio": null,
            "reinvestment_rate": 7.96,
            "research_to_sale_ratio": null,
            "price_fair": 153.72,
            "eps_avg_yearly": 4.39,
            "eps_latest_yearly": 3.52,
            "eps_growth_yearly": 29.74
        },
        "20051": {
            "year_quarter": 20051,
            "year": 2005,
            "quarter": 1,
            "eps": 1.2,
            "eps_growth_year": -13.67,
            "eps_4q": 4.3,
            "eps_4q_growth_year": 48.09,
            "roe": 4.87,
            "roe_4q": 17.830000000000002,
            "gross_profit": 159197,
            "gross_margin": 12.57,
            "gross_margin_4q_avg": 10.11,
            "net_income": 147842,
            "net_income_4q": null,
            "revenue": 1266508,
            "revenue_4q": null,
            "common_shares": 1235484,
            "book_valuer_per_share": 24.72,
            "book_valuer_per_share_4q_avg": 23.89,
            "equity": 3053746,
            "current_ratio": 251.99,
            "debt_ratio": 33.79,
            "inventory_turnover_ratio": 1.38,
            "account_receivable_turnover_ratio": null,
            "reinvestment_rate": -3.32,
            "research_to_sale_ratio": null,
            "price_fair": 155.02,
            "eps_avg_yearly": 4.43,
            "eps_latest_yearly": 4.8,
            "eps_growth_yearly": 40.26
        },
        "20052": {
            "year_quarter": 20052,
            "year": 2005,
            "quarter": 2,
            "eps": 1.03,
            "eps_growth_year": -18.9,
            "eps_4q": 4,
            "eps_4q_growth_year": 19.33,
            "roe": 4.4,
            "roe_4q": 16.86,
            "gross_profit": 125974,
            "gross_margin": 11.08,
            "gross_margin_4q_avg": 10.44,
            "net_income": 128863,
            "net_income_4q": null,
            "revenue": 1137151,
            "revenue_4q": null,
            "common_shares": 1235484,
            "book_valuer_per_share": 22.75,
            "book_valuer_per_share_4q_avg": 23.79,
            "equity": 2810392,
            "current_ratio": 168.51,
            "debt_ratio": 38.85,
            "inventory_turnover_ratio": 2.67,
            "account_receivable_turnover_ratio": null,
            "reinvestment_rate": -3.31,
            "research_to_sale_ratio": null,
            "price_fair": 154.12,
            "eps_avg_yearly": 4.4,
            "eps_latest_yearly": 4.12,
            "eps_growth_yearly": 32.18
        },
        "20053": {
            "year_quarter": 20053,
            "year": 2005,
            "quarter": 3,
            "eps": 0.97,
            "eps_growth_year": 4.3,
            "eps_4q": 4.06,
            "eps_4q_growth_year": 29.3,
            "roe": 4.14,
            "roe_4q": 17.05,
            "gross_profit": 140090,
            "gross_margin": 14.92,
            "gross_margin_4q_avg": 12.95,
            "net_income": 121179,
            "net_income_4q": null,
            "revenue": 938871,
            "revenue_4q": null,
            "common_shares": 1252839,
            "book_valuer_per_share": 24.31,
            "book_valuer_per_share_4q_avg": 23.85,
            "equity": 3045523,
            "current_ratio": 159.91,
            "debt_ratio": 36.92,
            "inventory_turnover_ratio": 1.84,
            "account_receivable_turnover_ratio": null,
            "reinvestment_rate": -3.16,
            "research_to_sale_ratio": null,
            "price_fair": 152.71,
            "eps_avg_yearly": 4.36,
            "eps_latest_yearly": 3.88,
            "eps_growth_yearly": 27.91
        },
        "20054": {
            "year_quarter": 20054,
            "year": 2005,
            "quarter": 4,
            "eps": 1.29,
            "eps_growth_year": 46.59,
            "eps_4q": 4.46,
            "eps_4q_growth_year": 0.03,
            "roe": 5.11,
            "roe_4q": 18.52,
            "gross_profit": 195530,
            "gross_margin": 19.79,
            "gross_margin_4q_avg": 14.59,
            "net_income": 162125,
            "net_income_4q": null,
            "revenue": 988011,
            "revenue_4q": null,
            "common_shares": 1252839,
            "book_valuer_per_share": 25.43,
            "book_valuer_per_share_4q_avg": 24.3,
            "equity": 3303132,
            "current_ratio": 380.47,
            "debt_ratio": 43.17,
            "inventory_turnover_ratio": 0.85,
            "account_receivable_turnover_ratio": null,
            "reinvestment_rate": 0.7,
            "research_to_sale_ratio": null,
            "price_fair": 154.7,
            "eps_avg_yearly": 4.42,
            "eps_latest_yearly": 5.16,
            "eps_growth_yearly": 35.34
        },
        "20061": {
            "year_quarter": 20061,
            "year": 2006,
            "quarter": 1,
            "eps": 1.43,
            "eps_growth_year": 19.17,
            "eps_4q": 4.73,
            "eps_4q_growth_year": 10.14,
            "roe": 5.39,
            "roe_4q": 19.04,
            "gross_profit": 262193,
            "gross_margin": 13.81,
            "gross_margin_4q_avg": 14.9,
            "net_income": 178572,
            "net_income_4q": null,
            "revenue": 1898770,
            "revenue_4q": null,
            "common_shares": 1252839,
            "book_valuer_per_share": 26.56,
            "book_valuer_per_share_4q_avg": 24.76,
            "equity": 3327129,
            "current_ratio": 218.73,
            "debt_ratio": 40.96,
            "inventory_turnover_ratio": 1.77,
            "account_receivable_turnover_ratio": null,
            "reinvestment_rate": -3.07,
            "research_to_sale_ratio": null,
            "price_fair": 155.7,
            "eps_avg_yearly": 4.45,
            "eps_latest_yearly": 5.72,
            "eps_growth_yearly": 31.83
        },
        "20062": {
            "year_quarter": 20062,
            "year": 2006,
            "quarter": 2,
            "eps": 1.04,
            "eps_growth_year": 0.97,
            "eps_4q": 4.67,
            "eps_4q_growth_year": 16.57,
            "roe": 4.14,
            "roe_4q": 18.78,
            "gross_profit": 237119,
            "gross_margin": 12.06,
            "gross_margin_4q_avg": 15.15,
            "net_income": 132491,
            "net_income_4q": null,
            "revenue": 1965566,
            "revenue_4q": null,
            "common_shares": 1252839,
            "book_valuer_per_share": 24.57,
            "book_valuer_per_share_4q_avg": 25.22,
            "equity": 3078624,
            "current_ratio": 140.84,
            "debt_ratio": 45.59,
            "inventory_turnover_ratio": 3.27,
            "account_receivable_turnover_ratio": null,
            "reinvestment_rate": -2.85,
            "research_to_sale_ratio": null,
            "price_fair": 155.7,
            "eps_avg_yearly": 4.45,
            "eps_latest_yearly": 4.16,
            "eps_growth_yearly": 30.27
        },
        "20063": {
            "year_quarter": 20063,
            "year": 2006,
            "quarter": 3,
            "eps": 1.27,
            "eps_growth_year": 30.93,
            "eps_4q": 4.98,
            "eps_4q_growth_year": 22.77,
            "roe": 5.08,
            "roe_4q": 19.72,
            "gross_profit": 237446,
            "gross_margin": 12.01,
            "gross_margin_4q_avg": 14.42,
            "net_income": 161851,
            "net_income_4q": null,
            "revenue": 1977425,
            "revenue_4q": null,
            "common_shares": 1270370,
            "book_valuer_per_share": 25.92,
            "book_valuer_per_share_4q_avg": 25.62,
            "equity": 3292519,
            "current_ratio": 175.92,
            "debt_ratio": 40.18,
            "inventory_turnover_ratio": 3.12,
            "account_receivable_turnover_ratio": null,
            "reinvestment_rate": -2.65,
            "research_to_sale_ratio": null,
            "price_fair": 162.9,
            "eps_avg_yearly": 4.65,
            "eps_latest_yearly": 5.08,
            "eps_growth_yearly": 50.05
        },
        "20064": {
            "year_quarter": 20064,
            "year": 2006,
            "quarter": 4,
            "eps": 1.78,
            "eps_growth_year": 37.98,
            "eps_4q": 5.5,
            "eps_4q_growth_year": 23.47,
            "roe": 6.44,
            "roe_4q": 21.05,
            "gross_profit": 146575,
            "gross_margin": 8.71,
            "gross_margin_4q_avg": 11.65,
            "net_income": 226173,
            "net_income_4q": null,
            "revenue": 1682803,
            "revenue_4q": null,
            "common_shares": 1287775,
            "book_valuer_per_share": 27.39,
            "book_valuer_per_share_4q_avg": 26.11,
            "equity": 3736952,
            "current_ratio": 316.68,
            "debt_ratio": 41.67,
            "inventory_turnover_ratio": 1.55,
            "account_receivable_turnover_ratio": null,
            "reinvestment_rate": 3.43,
            "research_to_sale_ratio": null,
            "price_fair": 140.58,
            "eps_avg_yearly": 4.77,
            "eps_latest_yearly": 7.12,
            "eps_growth_yearly": 19.44
        },
        "20071": {
            "year_quarter": 20071,
            "year": 2007,
            "quarter": 1,
            "eps": 1.23,
            "eps_growth_year": -13.99,
            "eps_4q": 5.26,
            "eps_4q_growth_year": 11.17,
            "roe": 4.17,
            "roe_4q": 19.83,
            "gross_profit": 244128,
            "gross_margin": 11.91,
            "gross_margin_4q_avg": 11.17,
            "net_income": 158909,
            "net_income_4q": null,
            "revenue": 2049060,
            "revenue_4q": null,
            "common_shares": 1287775,
            "book_valuer_per_share": 30.12,
            "book_valuer_per_share_4q_avg": 27,
            "equity": 3878736,
            "current_ratio": 214.82,
            "debt_ratio": 31.9,
            "inventory_turnover_ratio": 1.86,
            "account_receivable_turnover_ratio": null,
            "reinvestment_rate": 2.88,
            "research_to_sale_ratio": null,
            "price_fair": 67.6,
            "eps_avg_yearly": 4.65,
            "eps_latest_yearly": 4.92,
            "eps_growth_yearly": 4.52
        },
        "20072": {
            "year_quarter": 20072,
            "year": 2007,
            "quarter": 2,
            "eps": 0.96,
            "eps_growth_year": -7.69,
            "eps_4q": 5.09,
            "eps_4q_growth_year": 9.05,
            "roe": 3.38,
            "roe_4q": 19.07,
            "gross_profit": 163846,
            "gross_margin": 7.9,
            "gross_margin_4q_avg": 10.13,
            "net_income": 127195,
            "net_income_4q": null,
            "revenue": 2074112,
            "revenue_4q": null,
            "common_shares": 1337433,
            "book_valuer_per_share": 27.22,
            "book_valuer_per_share_4q_avg": 27.66,
            "equity": 3639929,
            "current_ratio": 157.07,
            "debt_ratio": 34.5,
            "inventory_turnover_ratio": 3.53,
            "account_receivable_turnover_ratio": null,
            "reinvestment_rate": 3.34,
            "research_to_sale_ratio": null,
            "price_fair": 107.09,
            "eps_avg_yearly": 4.7,
            "eps_latest_yearly": 3.84,
            "eps_growth_yearly": 12.8
        },
        "20073": {
            "year_quarter": 20073,
            "year": 2007,
            "quarter": 3,
            "eps": 0.9,
            "eps_growth_year": -29.13,
            "eps_4q": 4.72,
            "eps_4q_growth_year": -5.25,
            "roe": 3.26,
            "roe_4q": 17.25,
            "gross_profit": 117576,
            "gross_margin": 5.64,
            "gross_margin_4q_avg": 8.54,
            "net_income": 120643,
            "net_income_4q": null,
            "revenue": 2085120,
            "revenue_4q": null,
            "common_shares": 1383247,
            "book_valuer_per_share": 27.13,
            "book_valuer_per_share_4q_avg": 27.97,
            "equity": 3752530,
            "current_ratio": 214.55,
            "debt_ratio": 25.73,
            "inventory_turnover_ratio": 3.99,
            "account_receivable_turnover_ratio": null,
            "reinvestment_rate": 3.58,
            "research_to_sale_ratio": null,
            "price_fair": 13.87,
            "eps_avg_yearly": 4.62,
            "eps_latest_yearly": 3.6,
            "eps_growth_yearly": -1.33
        },
        "20074": {
            "year_quarter": 20074,
            "year": 2007,
            "quarter": 4,
            "eps": 1.2,
            "eps_growth_year": -32.58,
            "eps_4q": 4.2,
            "eps_4q_growth_year": -23.61,
            "roe": 3.96,
            "roe_4q": 14.77,
            "gross_profit": 117024,
            "gross_margin": 7.3,
            "gross_margin_4q_avg": 8.19,
            "net_income": 162553,
            "net_income_4q": null,
            "revenue": 1603728,
            "revenue_4q": null,
            "common_shares": 1389190,
            "book_valuer_per_share": 28.67,
            "book_valuer_per_share_4q_avg": 28.29,
            "equity": 4459306,
            "current_ratio": 303.05,
            "debt_ratio": 33.62,
            "inventory_turnover_ratio": 1.44,
            "account_receivable_turnover_ratio": null,
            "reinvestment_rate": 8.85,
            "research_to_sale_ratio": null,
            "price_fair": 81.78,
            "eps_avg_yearly": 4.63,
            "eps_latest_yearly": 4.8,
            "eps_growth_yearly": 7.64
        },
        "20081": {
            "year_quarter": 20081,
            "year": 2008,
            "quarter": 1,
            "eps": 0.61,
            "eps_growth_year": -50.41,
            "eps_4q": 2.58,
            "eps_4q_growth_year": -51.02,
            "roe": 2.62,
            "roe_4q": 13.219999999999999,
            "gross_profit": 653594,
            "gross_margin": 22.16,
            "gross_margin_4q_avg": 10.75,
            "net_income": 117171,
            "net_income_4q": null,
            "revenue": 2949177,
            "revenue_4q": null,
            "common_shares": 1389190,
            "book_valuer_per_share": 28.64,
            "book_valuer_per_share_4q_avg": 27.92,
            "equity": 4470758,
            "current_ratio": 269.21,
            "debt_ratio": 37.04,
            "inventory_turnover_ratio": 1.57,
            "account_receivable_turnover_ratio": null,
            "reinvestment_rate": 36.57,
            "research_to_sale_ratio": null,
            "price_fair": 13.49,
            "eps_avg_yearly": 4.5,
            "eps_latest_yearly": 2.44,
            "eps_growth_yearly": -5.13
        },
        "20082": {
            "year_quarter": 20082,
            "year": 2008,
            "quarter": 2,
            "eps": 0.03,
            "eps_growth_year": -96.88,
            "eps_4q": 1.56,
            "eps_4q_growth_year": -69.41,
            "roe": -0.17,
            "roe_4q": 9.67,
            "gross_profit": 401299,
            "gross_margin": 18.97,
            "gross_margin_4q_avg": 13.52,
            "net_income": -7177,
            "net_income_4q": null,
            "revenue": 2115114,
            "revenue_4q": null,
            "common_shares": 1398305,
            "book_valuer_per_share": 26.02,
            "book_valuer_per_share_4q_avg": 27.62,
            "equity": 4126827,
            "current_ratio": 256.56,
            "debt_ratio": 37.95,
            "inventory_turnover_ratio": 1.48,
            "account_receivable_turnover_ratio": null,
            "reinvestment_rate": 36.96,
            "research_to_sale_ratio": null,
            "price_fair": 12.56,
            "eps_avg_yearly": 4.19,
            "eps_latest_yearly": 0.12,
            "eps_growth_yearly": -26.74
        },
        "20083": {
            "year_quarter": 20083,
            "year": 2008,
            "quarter": 3,
            "eps": 0.47,
            "eps_growth_year": -47.78,
            "eps_4q": 1.39,
            "eps_4q_growth_year": -70.58,
            "roe": 2.51,
            "roe_4q": 8.92,
            "gross_profit": 422758,
            "gross_margin": 20.66,
            "gross_margin_4q_avg": 17.27,
            "net_income": 107218,
            "net_income_4q": null,
            "revenue": 2046165,
            "revenue_4q": null,
            "common_shares": 1398305,
            "book_valuer_per_share": 27.46,
            "book_valuer_per_share_4q_avg": 27.7,
            "equity": 4403930,
            "current_ratio": 267.56,
            "debt_ratio": 36.47,
            "inventory_turnover_ratio": 1.34,
            "account_receivable_turnover_ratio": null,
            "reinvestment_rate": 39.57,
            "research_to_sale_ratio": null,
            "price_fair": 142.54,
            "eps_avg_yearly": 4.07,
            "eps_latest_yearly": 1.88,
            "eps_growth_yearly": 346.62
        },
        "20084": {
            "year_quarter": 20084,
            "year": 2008,
            "quarter": 4,
            "eps": 0.23,
            "eps_growth_year": -80.83,
            "eps_4q": 0.56,
            "eps_4q_growth_year": -86.76,
            "roe": 1.72,
            "roe_4q": 6.68,
            "gross_profit": 575935,
            "gross_margin": 26.12,
            "gross_margin_4q_avg": 21.98,
            "net_income": 76803,
            "net_income_4q": null,
            "revenue": 2204820,
            "revenue_4q": null,
            "common_shares": 1398305,
            "book_valuer_per_share": 28.08,
            "book_valuer_per_share_4q_avg": 27.55,
            "equity": 4548830,
            "current_ratio": 274.74,
            "debt_ratio": 36.11,
            "inventory_turnover_ratio": 1.1,
            "account_receivable_turnover_ratio": 3.24,
            "reinvestment_rate": 10.5,
            "research_to_sale_ratio": null,
            "price_fair": 136.85,
            "eps_avg_yearly": 3.91,
            "eps_latest_yearly": 0.92,
            "eps_growth_yearly": 335.2
        },
        "20091": {
            "year_quarter": 20091,
            "year": 2009,
            "quarter": 1,
            "eps": 0.51,
            "eps_growth_year": -16.39,
            "eps_4q": 1.1,
            "eps_4q_growth_year": -57.45,
            "roe": 1.73,
            "roe_4q": 5.79,
            "gross_profit": 554638,
            "gross_margin": 23.18,
            "gross_margin_4q_avg": 22.23,
            "net_income": 80191,
            "net_income_4q": null,
            "revenue": 2392519,
            "revenue_4q": null,
            "common_shares": 1398305,
            "book_valuer_per_share": 29.04,
            "book_valuer_per_share_4q_avg": 27.65,
            "equity": 4709062,
            "current_ratio": 300.4,
            "debt_ratio": 32.49,
            "inventory_turnover_ratio": 1.22,
            "account_receivable_turnover_ratio": 1.74,
            "reinvestment_rate": 46.64,
            "research_to_sale_ratio": null,
            "price_fair": 130.81,
            "eps_avg_yearly": 3.74,
            "eps_latest_yearly": 2.04,
            "eps_growth_yearly": 356.54
        },
        "20092": {
            "year_quarter": 20092,
            "year": 2009,
            "quarter": 2,
            "eps": 0.23,
            "eps_growth_year": 666.67,
            "eps_4q": 2.85,
            "eps_4q_growth_year": 82.99,
            "roe": 0.35,
            "roe_4q": 6.31,
            "gross_profit": 338963,
            "gross_margin": 19.09,
            "gross_margin_4q_avg": 22.26,
            "net_income": 16229,
            "net_income_4q": null,
            "revenue": 1775770,
            "revenue_4q": null,
            "common_shares": 1398305,
            "book_valuer_per_share": 27.84,
            "book_valuer_per_share_4q_avg": 28.11,
            "equity": 4484182,
            "current_ratio": 263.2,
            "debt_ratio": 35.7,
            "inventory_turnover_ratio": 1,
            "account_receivable_turnover_ratio": 1.36,
            "reinvestment_rate": 49.12,
            "research_to_sale_ratio": null,
            "price_fair": 123.81,
            "eps_avg_yearly": 3.54,
            "eps_latest_yearly": 0.92,
            "eps_growth_yearly": 346.36
        },
        "20093": {
            "year_quarter": 20093,
            "year": 2009,
            "quarter": 3,
            "eps": 0.29,
            "eps_growth_year": -38.3,
            "eps_4q": 0.88,
            "eps_4q_growth_year": -36.47,
            "roe": 1.3,
            "roe_4q": 5.1,
            "gross_profit": 424129,
            "gross_margin": 20.26,
            "gross_margin_4q_avg": 22.16,
            "net_income": 58447,
            "net_income_4q": null,
            "revenue": 2092979,
            "revenue_4q": null,
            "common_shares": 1468220,
            "book_valuer_per_share": 26.41,
            "book_valuer_per_share_4q_avg": 27.84,
            "equity": 4487956,
            "current_ratio": 306.38,
            "debt_ratio": 31.94,
            "inventory_turnover_ratio": 1.17,
            "account_receivable_turnover_ratio": 1.81,
            "reinvestment_rate": 47.79,
            "research_to_sale_ratio": null,
            "price_fair": 117.86,
            "eps_avg_yearly": 3.37,
            "eps_latest_yearly": 1.16,
            "eps_growth_yearly": 354.34
        },
        "20094": {
            "year_quarter": 20094,
            "year": 2009,
            "quarter": 4,
            "eps": 0.89,
            "eps_growth_year": 286.96,
            "eps_4q": 1.89,
            "eps_4q_growth_year": 240.1,
            "roe": 4.52,
            "roe_4q": 7.899999999999999,
            "gross_profit": 718043,
            "gross_margin": 24.66,
            "gross_margin_4q_avg": 21.8,
            "net_income": 205871,
            "net_income_4q": null,
            "revenue": 2912088,
            "revenue_4q": null,
            "common_shares": 1468220,
            "book_valuer_per_share": 26.99,
            "book_valuer_per_share_4q_avg": 27.57,
            "equity": 4630903,
            "current_ratio": 268.76,
            "debt_ratio": 36.01,
            "inventory_turnover_ratio": 1.5,
            "account_receivable_turnover_ratio": 4,
            "reinvestment_rate": 17.71,
            "research_to_sale_ratio": null,
            "price_fair": 114.36,
            "eps_avg_yearly": 3.27,
            "eps_latest_yearly": 3.56,
            "eps_growth_yearly": 397.82
        },
        "20101": {
            "year_quarter": 20101,
            "year": 2010,
            "quarter": 1,
            "eps": 0.95,
            "eps_growth_year": 86.27,
            "eps_4q": 2.36,
            "eps_4q_growth_year": 114.98,
            "roe": 3.17,
            "roe_4q": 9.34,
            "gross_profit": 597038,
            "gross_margin": 23.57,
            "gross_margin_4q_avg": 21.9,
            "net_income": 148910,
            "net_income_4q": null,
            "revenue": 2532952,
            "revenue_4q": null,
            "common_shares": 1468220,
            "book_valuer_per_share": 27.85,
            "book_valuer_per_share_4q_avg": 27.27,
            "equity": 4763563,
            "current_ratio": 285.9,
            "debt_ratio": 31.3,
            "inventory_turnover_ratio": 1.33,
            "account_receivable_turnover_ratio": 1.78,
            "reinvestment_rate": 52.44,
            "research_to_sale_ratio": 0.57,
            "price_fair": 110.16,
            "eps_avg_yearly": 3.15,
            "eps_latest_yearly": 3.8,
            "eps_growth_yearly": 396.79
        },
        "20102": {
            "year_quarter": 20102,
            "year": 2010,
            "quarter": 2,
            "eps": 0.78,
            "eps_growth_year": 237.96,
            "eps_4q": 2.91,
            "eps_4q_growth_year": 2.02,
            "roe": 2.18,
            "roe_4q": 11.17,
            "gross_profit": 468787,
            "gross_margin": 23.48,
            "gross_margin_4q_avg": 22.99,
            "net_income": 103904,
            "net_income_4q": null,
            "revenue": 1996747,
            "revenue_4q": null,
            "common_shares": 1468220,
            "book_valuer_per_share": 27.55,
            "book_valuer_per_share_4q_avg": 27.2,
            "equity": 4747582,
            "current_ratio": 253.91,
            "debt_ratio": 34.28,
            "inventory_turnover_ratio": 1.07,
            "account_receivable_turnover_ratio": 1.49,
            "reinvestment_rate": 52.27,
            "research_to_sale_ratio": 0.72,
            "price_fair": 107.89,
            "eps_avg_yearly": 3.08,
            "eps_latest_yearly": 3.12,
            "eps_growth_yearly": 399.13
        },
        "20103": {
            "year_quarter": 20103,
            "year": 2010,
            "quarter": 3,
            "eps": 0.77,
            "eps_growth_year": 164.22,
            "eps_4q": 3.39,
            "eps_4q_growth_year": 283.58,
            "roe": 2.73,
            "roe_4q": 12.6,
            "gross_profit": 566657,
            "gross_margin": 19.69,
            "gross_margin_4q_avg": 22.85,
            "net_income": 130501,
            "net_income_4q": null,
            "revenue": 2877613,
            "revenue_4q": null,
            "common_shares": 1468220,
            "book_valuer_per_share": 27.73,
            "book_valuer_per_share_4q_avg": 27.53,
            "equity": 4824795,
            "current_ratio": 267.71,
            "debt_ratio": 32.21,
            "inventory_turnover_ratio": 1.46,
            "account_receivable_turnover_ratio": 2.4,
            "reinvestment_rate": 54.78,
            "research_to_sale_ratio": 0.55,
            "price_fair": 103.51,
            "eps_avg_yearly": 2.96,
            "eps_latest_yearly": 3.08,
            "eps_growth_yearly": 393.28
        },
        "20104": {
            "year_quarter": 20104,
            "year": 2010,
            "quarter": 4,
            "eps": 0.98,
            "eps_growth_year": 10.46,
            "eps_4q": 3.47,
            "eps_4q_growth_year": 83.59,
            "roe": 4,
            "roe_4q": 12.08,
            "gross_profit": 697382,
            "gross_margin": 35.6,
            "gross_margin_4q_avg": 25.59,
            "net_income": 193237,
            "net_income_4q": null,
            "revenue": 1958824,
            "revenue_4q": null,
            "common_shares": 1468220,
            "book_valuer_per_share": 27.76,
            "book_valuer_per_share_4q_avg": 27.72,
            "equity": 4834549,
            "current_ratio": 243.44,
            "debt_ratio": 34.82,
            "inventory_turnover_ratio": 0.71,
            "account_receivable_turnover_ratio": 1.6,
            "reinvestment_rate": 20.57,
            "research_to_sale_ratio": 0.8,
            "price_fair": 96.51,
            "eps_avg_yearly": 2.76,
            "eps_latest_yearly": 3.92,
            "eps_growth_yearly": 390.06
        },
        "20111": {
            "year_quarter": 20111,
            "year": 2011,
            "quarter": 1,
            "eps": 1.09,
            "eps_growth_year": 14.74,
            "eps_4q": 3.64,
            "eps_4q_growth_year": 54.39,
            "roe": 3.32,
            "roe_4q": 12.23,
            "gross_profit": 699249,
            "gross_margin": 26.08,
            "gross_margin_4q_avg": 26.21,
            "net_income": 163112,
            "net_income_4q": null,
            "revenue": 2681525,
            "revenue_4q": null,
            "common_shares": 1468220,
            "book_valuer_per_share": 28.95,
            "book_valuer_per_share_4q_avg": 28,
            "equity": 4995935,
            "current_ratio": 273.4,
            "debt_ratio": 33.93,
            "inventory_turnover_ratio": 1.1,
            "account_receivable_turnover_ratio": 1.84,
            "reinvestment_rate": 53.1,
            "research_to_sale_ratio": 0.53,
            "price_fair": 95.29,
            "eps_avg_yearly": 2.72,
            "eps_latest_yearly": 4.36,
            "eps_growth_yearly": 400.59
        },
        "20112": {
            "year_quarter": 20112,
            "year": 2011,
            "quarter": 2,
            "eps": 0.71,
            "eps_growth_year": -8.68,
            "eps_4q": 3.57,
            "eps_4q_growth_year": 22.68,
            "roe": 1.64,
            "roe_4q": 11.690000000000001,
            "gross_profit": 568017,
            "gross_margin": 25.74,
            "gross_margin_4q_avg": 26.78,
            "net_income": 79253,
            "net_income_4q": null,
            "revenue": 2207151,
            "revenue_4q": null,
            "common_shares": 1468220,
            "book_valuer_per_share": 26.98,
            "book_valuer_per_share_4q_avg": 27.86,
            "equity": 4658303,
            "current_ratio": 249.71,
            "debt_ratio": 40.61,
            "inventory_turnover_ratio": 0.86,
            "account_receivable_turnover_ratio": 1.55,
            "reinvestment_rate": 55.18,
            "research_to_sale_ratio": 0.67,
            "price_fair": 93.1,
            "eps_avg_yearly": 2.66,
            "eps_latest_yearly": 2.84,
            "eps_growth_yearly": 397.36
        },
        "20113": {
            "year_quarter": 20113,
            "year": 2011,
            "quarter": 3,
            "eps": 0.91,
            "eps_growth_year": 18.12,
            "eps_4q": 3.7,
            "eps_4q_growth_year": 9.17,
            "roe": 3.18,
            "roe_4q": 12.14,
            "gross_profit": 612351,
            "gross_margin": 23.37,
            "gross_margin_4q_avg": 27.7,
            "net_income": 154210,
            "net_income_4q": null,
            "revenue": 2619761,
            "revenue_4q": null,
            "common_shares": 1468220,
            "book_valuer_per_share": 29.03,
            "book_valuer_per_share_4q_avg": 28.18,
            "equity": 5046079,
            "current_ratio": 256.7,
            "debt_ratio": 38.43,
            "inventory_turnover_ratio": 0.92,
            "account_receivable_turnover_ratio": 1.86,
            "reinvestment_rate": 75.32,
            "research_to_sale_ratio": 0.65,
            "price_fair": 93.19,
            "eps_avg_yearly": 2.66,
            "eps_latest_yearly": 3.64,
            "eps_growth_yearly": 405.97
        },
        "20114": {
            "year_quarter": 20114,
            "year": 2011,
            "quarter": 4,
            "eps": 0.57,
            "eps_growth_year": -41.9,
            "eps_4q": 3.28,
            "eps_4q_growth_year": -5.64,
            "roe": 1.98,
            "roe_4q": 10.12,
            "gross_profit": 769594,
            "gross_margin": 27.49,
            "gross_margin_4q_avg": 25.67,
            "net_income": 102125,
            "net_income_4q": null,
            "revenue": 2799368,
            "revenue_4q": null,
            "common_shares": 1468220,
            "book_valuer_per_share": 29.2,
            "book_valuer_per_share_4q_avg": 28.54,
            "equity": 5286821,
            "current_ratio": 230.39,
            "debt_ratio": 41.73,
            "inventory_turnover_ratio": 0.82,
            "account_receivable_turnover_ratio": 1.64,
            "reinvestment_rate": 36.52,
            "research_to_sale_ratio": 0.62,
            "price_fair": 87.68,
            "eps_avg_yearly": 2.51,
            "eps_latest_yearly": 2.28,
            "eps_growth_yearly": 388.3
        },
        "20121": {
            "year_quarter": 20121,
            "year": 2012,
            "quarter": 1,
            "eps": 0.38,
            "eps_growth_year": -65.14,
            "eps_4q": 2.57,
            "eps_4q_growth_year": -29.27,
            "roe": 0.24,
            "roe_4q": 7.04,
            "gross_profit": 639968,
            "gross_margin": 22.17,
            "gross_margin_4q_avg": 24.69,
            "net_income": 12327,
            "net_income_4q": null,
            "revenue": 2887119,
            "revenue_4q": null,
            "common_shares": 1468220,
            "book_valuer_per_share": 29.14,
            "book_valuer_per_share_4q_avg": 28.59,
            "equity": 5192364,
            "current_ratio": 252.23,
            "debt_ratio": 36.73,
            "inventory_turnover_ratio": 0.91,
            "account_receivable_turnover_ratio": 1.8,
            "reinvestment_rate": 29.29,
            "research_to_sale_ratio": 0.61,
            "price_fair": 85.66,
            "eps_avg_yearly": 2.45,
            "eps_latest_yearly": 1.52,
            "eps_growth_yearly": 392.25
        },
        "20122": {
            "year_quarter": 20122,
            "year": 2012,
            "quarter": 2,
            "eps": -0.33,
            "eps_growth_year": -145.85,
            "eps_4q": 1.54,
            "eps_4q_growth_year": -56.93,
            "roe": -2.76,
            "roe_4q": 2.6400000000000006,
            "gross_profit": 354210,
            "gross_margin": 17.88,
            "gross_margin_4q_avg": 22.73,
            "net_income": -137220,
            "net_income_4q": null,
            "revenue": 1980686,
            "revenue_4q": null,
            "common_shares": 1468220,
            "book_valuer_per_share": 26.69,
            "book_valuer_per_share_4q_avg": 28.52,
            "equity": 4745128,
            "current_ratio": 181.26,
            "debt_ratio": 46.23,
            "inventory_turnover_ratio": 0.65,
            "account_receivable_turnover_ratio": 1.45,
            "reinvestment_rate": 29.28,
            "research_to_sale_ratio": 0.86,
            "price_fair": 91.09,
            "eps_avg_yearly": 2.6,
            "eps_latest_yearly": 1.52,
            "eps_growth_yearly": 443.76
        },
        "20123": {
            "year_quarter": 20123,
            "year": 2012,
            "quarter": 3,
            "eps": 0.57,
            "eps_growth_year": -37.07,
            "eps_4q": 1.2,
            "eps_4q_growth_year": -67.59,
            "roe": 0.94,
            "roe_4q": 0.40000000000000013,
            "gross_profit": 615986,
            "gross_margin": 19.8,
            "gross_margin_4q_avg": 21.84,
            "net_income": 44735,
            "net_income_4q": null,
            "revenue": 3111513,
            "revenue_4q": null,
            "common_shares": 1468220,
            "book_valuer_per_share": 26.98,
            "book_valuer_per_share_4q_avg": 28,
            "equity": 4723021,
            "current_ratio": 182.88,
            "debt_ratio": 44.43,
            "inventory_turnover_ratio": 0.97,
            "account_receivable_turnover_ratio": 1.95,
            "reinvestment_rate": 32.93,
            "research_to_sale_ratio": 0.54,
            "price_fair": 92.9,
            "eps_avg_yearly": 2.65,
            "eps_latest_yearly": 1.52,
            "eps_growth_yearly": 56.41
        },
        "20124": {
            "year_quarter": 20124,
            "year": 2012,
            "quarter": 4,
            "eps": 0.58,
            "eps_growth_year": 1.13,
            "eps_4q": 1.2,
            "eps_4q_growth_year": -63.37,
            "roe": 2.11,
            "roe_4q": 0.53,
            "gross_profit": 599309,
            "gross_margin": 23.83,
            "gross_margin_4q_avg": 20.92,
            "net_income": 100644,
            "net_income_4q": null,
            "revenue": 2514869,
            "revenue_4q": null,
            "common_shares": 1468220,
            "book_valuer_per_share": 27.52,
            "book_valuer_per_share_4q_avg": 27.58,
            "equity": 4824295,
            "current_ratio": 215.42,
            "debt_ratio": 40.8,
            "inventory_turnover_ratio": 0.8,
            "account_receivable_turnover_ratio": 1.57,
            "reinvestment_rate": 28,
            "research_to_sale_ratio": 0.73,
            "price_fair": 96.4,
            "eps_avg_yearly": 2.75,
            "eps_latest_yearly": 2.32,
            "eps_growth_yearly": 71.5
        },
        "20131": {
            "year_quarter": 20131,
            "year": 2013,
            "quarter": 1,
            "eps": 1.04,
            "eps_growth_year": 173.68,
            "eps_4q": 1.86,
            "eps_4q_growth_year": -27.65,
            "roe": 1.76,
            "roe_4q": 2.0500000000000007,
            "gross_profit": 771494,
            "gross_margin": 27.7,
            "gross_margin_4q_avg": 22.3,
            "net_income": 86912,
            "net_income_4q": null,
            "revenue": 2784707,
            "revenue_4q": null,
            "common_shares": 1468220,
            "book_valuer_per_share": 29.15,
            "book_valuer_per_share_4q_avg": 27.59,
            "equity": 5064839,
            "current_ratio": 262.73,
            "debt_ratio": 40.31,
            "inventory_turnover_ratio": 0.92,
            "account_receivable_turnover_ratio": 1.83,
            "reinvestment_rate": 22.95,
            "research_to_sale_ratio": 0.7,
            "price_fair": 101.7,
            "eps_avg_yearly": 2.91,
            "eps_latest_yearly": 4.16,
            "eps_growth_yearly": 59.38
        },
        "20132": {
            "year_quarter": 20132,
            "year": 2013,
            "quarter": 2,
            "eps": 0.26,
            "eps_growth_year": null,
            "eps_4q": 2.45,
            "eps_4q_growth_year": 59.48,
            "roe": -1.01,
            "roe_4q": 3.8,
            "gross_profit": 540824,
            "gross_margin": 24.49,
            "gross_margin_4q_avg": 23.96,
            "net_income": -50521,
            "net_income_4q": null,
            "revenue": 2208645,
            "revenue_4q": null,
            "common_shares": 1468220,
            "book_valuer_per_share": 28.57,
            "book_valuer_per_share_4q_avg": 28.06,
            "equity": 4906712,
            "current_ratio": 274.27,
            "debt_ratio": 42.24,
            "inventory_turnover_ratio": 0.79,
            "account_receivable_turnover_ratio": 1.44,
            "reinvestment_rate": 10.75,
            "research_to_sale_ratio": 0.86,
            "price_fair": 102,
            "eps_avg_yearly": 2.91,
            "eps_latest_yearly": 1.04,
            "eps_growth_yearly": 53.63
        },
        "20133": {
            "year_quarter": 20133,
            "year": 2013,
            "quarter": 3,
            "eps": 0.06,
            "eps_growth_year": -89.47,
            "eps_4q": 1.93,
            "eps_4q_growth_year": 60.87,
            "roe": -1.57,
            "roe_4q": 1.2899999999999998,
            "gross_profit": 467742,
            "gross_margin": 20.56,
            "gross_margin_4q_avg": 24.15,
            "net_income": -76354,
            "net_income_4q": null,
            "revenue": 2275462,
            "revenue_4q": null,
            "common_shares": 1468220,
            "book_valuer_per_share": 28.45,
            "book_valuer_per_share_4q_avg": 28.42,
            "equity": 4814485,
            "current_ratio": 276.58,
            "debt_ratio": 40.42,
            "inventory_turnover_ratio": 0.85,
            "account_receivable_turnover_ratio": 1.78,
            "reinvestment_rate": 8.07,
            "research_to_sale_ratio": 0.85,
            "price_fair": 97.43,
            "eps_avg_yearly": 2.85,
            "eps_latest_yearly": 0.24,
            "eps_growth_yearly": 24.2
        },
        "20134": {
            "year_quarter": 20134,
            "year": 2013,
            "quarter": 4,
            "eps": 0.26,
            "eps_growth_year": -54.27,
            "eps_4q": 1.62,
            "eps_4q_growth_year": 34.59,
            "roe": -0.72,
            "roe_4q": -1.5399999999999998,
            "gross_profit": 605519,
            "gross_margin": 29.32,
            "gross_margin_4q_avg": 25.52,
            "net_income": -34678,
            "net_income_4q": null,
            "revenue": 2064935,
            "revenue_4q": null,
            "common_shares": 1468510,
            "book_valuer_per_share": 29.15,
            "book_valuer_per_share_4q_avg": 28.83,
            "equity": 4853970,
            "current_ratio": 252.67,
            "debt_ratio": 44.44,
            "inventory_turnover_ratio": 0.67,
            "account_receivable_turnover_ratio": 1.75,
            "reinvestment_rate": 8.13,
            "research_to_sale_ratio": 0.99,
            "price_fair": 93.4,
            "eps_avg_yearly": 2.67,
            "eps_latest_yearly": 1.04,
            "eps_growth_yearly": 60.33
        },
        "20141": {
            "year_quarter": 20141,
            "year": 2014,
            "quarter": 1,
            "eps": 0.56,
            "eps_growth_year": -46.15,
            "eps_4q": 1.14,
            "eps_4q_growth_year": -38.82,
            "roe": -0.04,
            "roe_4q": -3.34,
            "gross_profit": 612178,
            "gross_margin": 22.57,
            "gross_margin_4q_avg": 24.24,
            "net_income": -2073,
            "net_income_4q": null,
            "revenue": 2711834,
            "revenue_4q": null,
            "common_shares": 1468510,
            "book_valuer_per_share": 29.86,
            "book_valuer_per_share_4q_avg": 29.01,
            "equity": 4858129,
            "current_ratio": 266.61,
            "debt_ratio": 42.85,
            "inventory_turnover_ratio": 1,
            "account_receivable_turnover_ratio": 2.06,
            "reinvestment_rate": 12.63,
            "research_to_sale_ratio": 0.82,
            "price_fair": 89.5,
            "eps_avg_yearly": 2.56,
            "eps_latest_yearly": 2.24,
            "eps_growth_yearly": 91.37
        },
        "20142": {
            "year_quarter": 20142,
            "year": 2014,
            "quarter": 2,
            "eps": -0.24,
            "eps_growth_year": -192.31,
            "eps_4q": 0.64,
            "eps_4q_growth_year": -73.95,
            "roe": -2.58,
            "roe_4q": -4.91,
            "gross_profit": 362582,
            "gross_margin": 18.04,
            "gross_margin_4q_avg": 22.62,
            "net_income": -118413,
            "net_income_4q": null,
            "revenue": 2009717,
            "revenue_4q": null,
            "common_shares": 1468510,
            "book_valuer_per_share": 26.84,
            "book_valuer_per_share_4q_avg": 28.58,
            "equity": 4327291,
            "current_ratio": 224,
            "debt_ratio": 46.95,
            "inventory_turnover_ratio": 0.85,
            "account_receivable_turnover_ratio": 1.57,
            "reinvestment_rate": 38.75,
            "research_to_sale_ratio": 0.99,
            "price_fair": 87.98,
            "eps_avg_yearly": 2.51,
            "eps_latest_yearly": 2.24,
            "eps_growth_yearly": 103.9
        },
        "20143": {
            "year_quarter": 20143,
            "year": 2014,
            "quarter": 3,
            "eps": 0.14,
            "eps_growth_year": 133.33,
            "eps_4q": 0.72,
            "eps_4q_growth_year": -62.85,
            "roe": -2.32,
            "roe_4q": -5.66,
            "gross_profit": 368054,
            "gross_margin": 16.86,
            "gross_margin_4q_avg": 21.7,
            "net_income": -100990,
            "net_income_4q": null,
            "revenue": 2182567,
            "revenue_4q": null,
            "common_shares": 1468590,
            "book_valuer_per_share": 27.26,
            "book_valuer_per_share_4q_avg": 28.28,
            "equity": 4390057,
            "current_ratio": 268.73,
            "debt_ratio": 42.4,
            "inventory_turnover_ratio": 0.98,
            "account_receivable_turnover_ratio": 1.83,
            "reinvestment_rate": 27.46,
            "research_to_sale_ratio": 0.9,
            "price_fair": 86.33,
            "eps_avg_yearly": 2.47,
            "eps_latest_yearly": 2.24,
            "eps_growth_yearly": 112.99
        },
        "20144": {
            "year_quarter": 20144,
            "year": 2014,
            "quarter": 4,
            "eps": 0.52,
            "eps_growth_year": 95.75,
            "eps_4q": 0.97,
            "eps_4q_growth_year": -40.03,
            "roe": 1.85,
            "roe_4q": -3.09,
            "gross_profit": 306806,
            "gross_margin": 13.74,
            "gross_margin_4q_avg": 17.8,
            "net_income": 82927,
            "net_income_4q": null,
            "revenue": 2233253,
            "revenue_4q": null,
            "common_shares": 1468590,
            "book_valuer_per_share": 28.23,
            "book_valuer_per_share_4q_avg": 28.05,
            "equity": 4551602,
            "current_ratio": 210.07,
            "debt_ratio": 45.22,
            "inventory_turnover_ratio": 1.13,
            "account_receivable_turnover_ratio": 1.68,
            "reinvestment_rate": 68.62,
            "research_to_sale_ratio": 0.97,
            "price_fair": 80.97,
            "eps_avg_yearly": 2.31,
            "eps_latest_yearly": 2.08,
            "eps_growth_yearly": 194.37
        },
        "20151": {
            "year_quarter": 20151,
            "year": 2015,
            "quarter": 1,
            "eps": 0.46,
            "eps_growth_year": -17.86,
            "eps_4q": 0.88,
            "eps_4q_growth_year": -22.94,
            "roe": 0.42,
            "roe_4q": -2.63,
            "gross_profit": 539365,
            "gross_margin": 21.54,
            "gross_margin_4q_avg": 17.55,
            "net_income": 19075,
            "net_income_4q": null,
            "revenue": 2503737,
            "revenue_4q": null,
            "common_shares": 1466450,
            "book_valuer_per_share": 28.52,
            "book_valuer_per_share_4q_avg": 27.71,
            "equity": 4515434,
            "current_ratio": 186.97,
            "debt_ratio": 44.64,
            "inventory_turnover_ratio": 1.26,
            "account_receivable_turnover_ratio": 1.73,
            "reinvestment_rate": 56.43,
            "research_to_sale_ratio": 0.77,
            "price_fair": 73.62,
            "eps_avg_yearly": 2.1,
            "eps_latest_yearly": 1.84,
            "eps_growth_yearly": 186.79
        },
        "20152": {
            "year_quarter": 20152,
            "year": 2015,
            "quarter": 2,
            "eps": -0.23,
            "eps_growth_year": null,
            "eps_4q": 0.89,
            "eps_4q_growth_year": 38.95,
            "roe": -3.18,
            "roe_4q": -3.23,
            "gross_profit": 272127,
            "gross_margin": 13.67,
            "gross_margin_4q_avg": 16.45,
            "net_income": -137670,
            "net_income_4q": null,
            "revenue": 1990495,
            "revenue_4q": null,
            "common_shares": 1466450,
            "book_valuer_per_share": 26.39,
            "book_valuer_per_share_4q_avg": 27.6,
            "equity": 4155713,
            "current_ratio": 162.66,
            "debt_ratio": 45.67,
            "inventory_turnover_ratio": 1.25,
            "account_receivable_turnover_ratio": 1.46,
            "reinvestment_rate": 60.64,
            "research_to_sale_ratio": 0.95,
            "price_fair": 71.27,
            "eps_avg_yearly": 2.04,
            "eps_latest_yearly": 1.84,
            "eps_growth_yearly": 216.44
        },
        "20153": {
            "year_quarter": 20153,
            "year": 2015,
            "quarter": 3,
            "eps": 0.36,
            "eps_growth_year": 157.14,
            "eps_4q": 1.11,
            "eps_4q_growth_year": 54.75,
            "roe": -0.52,
            "roe_4q": -1.4300000000000002,
            "gross_profit": 336752,
            "gross_margin": 13.14,
            "gross_margin_4q_avg": 15.52,
            "net_income": -21965,
            "net_income_4q": null,
            "revenue": 2562577,
            "revenue_4q": null,
            "common_shares": 1464290,
            "book_valuer_per_share": 27.64,
            "book_valuer_per_share_4q_avg": 27.7,
            "equity": 4341753,
            "current_ratio": 160.67,
            "debt_ratio": 44.22,
            "inventory_turnover_ratio": 1.64,
            "account_receivable_turnover_ratio": 1.93,
            "reinvestment_rate": 53.95,
            "research_to_sale_ratio": 0.75,
            "price_fair": 65.66,
            "eps_avg_yearly": 1.88,
            "eps_latest_yearly": 1.84,
            "eps_growth_yearly": 226.82
        },
        "20154": {
            "year_quarter": 20154,
            "year": 2015,
            "quarter": 4,
            "eps": 0.06,
            "eps_growth_year": -88.63,
            "eps_4q": 0.65,
            "eps_4q_growth_year": -32.94,
            "roe": -1.19,
            "roe_4q": -4.470000000000001,
            "gross_profit": 414977,
            "gross_margin": 16.55,
            "gross_margin_4q_avg": 16.23,
            "net_income": -51476,
            "net_income_4q": null,
            "revenue": 2507164,
            "revenue_4q": null,
            "common_shares": 1464290,
            "book_valuer_per_share": 27.59,
            "book_valuer_per_share_4q_avg": 27.54,
            "equity": 4279377,
            "current_ratio": 161.79,
            "debt_ratio": 44.36,
            "inventory_turnover_ratio": 1.51,
            "account_receivable_turnover_ratio": 1.74,
            "reinvestment_rate": 41.73,
            "research_to_sale_ratio": 0.93,
            "price_fair": 58.52,
            "eps_avg_yearly": 1.67,
            "eps_latest_yearly": 0.24,
            "eps_growth_yearly": 208.43
        },
        "20161": {
            "year_quarter": 20161,
            "year": 2016,
            "quarter": 1,
            "eps": 1.22,
            "eps_growth_year": 165.22,
            "eps_4q": 1.41,
            "eps_4q_growth_year": 61,
            "roe": 3.91,
            "roe_4q": -0.98,
            "gross_profit": 679101,
            "gross_margin": 23.84,
            "gross_margin_4q_avg": 16.8,
            "net_income": 165304,
            "net_income_4q": null,
            "revenue": 2849152,
            "revenue_4q": null,
            "common_shares": 1467340,
            "book_valuer_per_share": 27.37,
            "book_valuer_per_share_4q_avg": 27.25,
            "equity": 4169576,
            "current_ratio": 169,
            "debt_ratio": 41.58,
            "inventory_turnover_ratio": 1.86,
            "account_receivable_turnover_ratio": 1.93,
            "reinvestment_rate": 44.27,
            "research_to_sale_ratio": 0.87,
            "price_fair": 70.28,
            "eps_avg_yearly": 2.01,
            "eps_latest_yearly": 4.88,
            "eps_growth_yearly": 995.1
        },
        "20162": {
            "year_quarter": 20162,
            "year": 2016,
            "quarter": 2,
            "eps": 0.05,
            "eps_growth_year": null,
            "eps_4q": 1.68,
            "eps_4q_growth_year": 89.63,
            "roe": -0.14,
            "roe_4q": 2.06,
            "gross_profit": 261242,
            "gross_margin": 12.61,
            "gross_margin_4q_avg": 16.54,
            "net_income": -6023,
            "net_income_4q": null,
            "revenue": 2071465,
            "revenue_4q": null,
            "common_shares": 1467340,
            "book_valuer_per_share": 27.38,
            "book_valuer_per_share_4q_avg": 27.5,
            "equity": 4168252,
            "current_ratio": 214.57,
            "debt_ratio": 39.95,
            "inventory_turnover_ratio": 1.7,
            "account_receivable_turnover_ratio": 1.55,
            "reinvestment_rate": 38.39,
            "research_to_sale_ratio": 1.17,
            "price_fair": 64.53,
            "eps_avg_yearly": 1.84,
            "eps_latest_yearly": 0.2,
            "eps_growth_yearly": 869.76
        },
        "20163": {
            "year_quarter": 20163,
            "year": 2016,
            "quarter": 3,
            "eps": 0.58,
            "eps_growth_year": 61.11,
            "eps_4q": 1.9,
            "eps_4q_growth_year": 71.61,
            "roe": 2,
            "roe_4q": 4.58,
            "gross_profit": 362936,
            "gross_margin": 13.74,
            "gross_margin_4q_avg": 16.69,
            "net_income": 83406,
            "net_income_4q": null,
            "revenue": 2642236,
            "revenue_4q": null,
            "common_shares": 1471080,
            "book_valuer_per_share": 27.47,
            "book_valuer_per_share_4q_avg": 27.45,
            "equity": 4193014,
            "current_ratio": 224.78,
            "debt_ratio": 38.38,
            "inventory_turnover_ratio": 2.3,
            "account_receivable_turnover_ratio": 1.85,
            "reinvestment_rate": 26.59,
            "research_to_sale_ratio": 1.01,
            "price_fair": 65.92,
            "eps_avg_yearly": 1.88,
            "eps_latest_yearly": 2.32,
            "eps_growth_yearly": 1150.62
        },
        "20164": {
            "year_quarter": 20164,
            "year": 2016,
            "quarter": 4,
            "eps": -0.31,
            "eps_growth_year": -624.86,
            "eps_4q": 1.53,
            "eps_4q_growth_year": 136.15,
            "roe": -1.46,
            "roe_4q": 4.3100000000000005,
            "gross_profit": 222164,
            "gross_margin": 12.55,
            "gross_margin_4q_avg": 15.69,
            "net_income": -61237,
            "net_income_4q": null,
            "revenue": 1769664,
            "revenue_4q": null,
            "common_shares": 1471360,
            "book_valuer_per_share": 27.55,
            "book_valuer_per_share_4q_avg": 27.44,
            "equity": 4192647,
            "current_ratio": 225.83,
            "debt_ratio": 38.89,
            "inventory_turnover_ratio": 1.77,
            "account_receivable_turnover_ratio": 1.17,
            "reinvestment_rate": 19.96,
            "research_to_sale_ratio": 1.51,
            "price_fair": 64.53,
            "eps_avg_yearly": 1.84,
            "eps_latest_yearly": 2.32,
            "eps_growth_yearly": 1254.58
        },
        "20171": {
            "year_quarter": 20171,
            "year": 2017,
            "quarter": 1,
            "eps": 0.42,
            "eps_growth_year": -65.57,
            "eps_4q": 0.74,
            "eps_4q_growth_year": -47.74,
            "roe": 1.34,
            "roe_4q": 1.7400000000000002,
            "gross_profit": 313353,
            "gross_margin": 14.27,
            "gross_margin_4q_avg": 13.29,
            "net_income": 55741,
            "net_income_4q": null,
            "revenue": 2196217,
            "revenue_4q": null,
            "common_shares": 1471450,
            "book_valuer_per_share": 26.98,
            "book_valuer_per_share_4q_avg": 27.35,
            "equity": 4095855,
            "current_ratio": 282.9,
            "debt_ratio": 35.39,
            "inventory_turnover_ratio": 2.17,
            "account_receivable_turnover_ratio": 1.54,
            "reinvestment_rate": -47.41,
            "research_to_sale_ratio": 1.24,
            "price_fair": 56.42,
            "eps_avg_yearly": 1.61,
            "eps_latest_yearly": 2.32,
            "eps_growth_yearly": 1348.31
        },
        "20172": {
            "year_quarter": 20172,
            "year": 2017,
            "quarter": 2,
            "eps": -0.15,
            "eps_growth_year": -400,
            "eps_4q": 0.53,
            "eps_4q_growth_year": -68.23,
            "roe": -0.97,
            "roe_4q": 0.9100000000000001,
            "gross_profit": 196580,
            "gross_margin": 10.88,
            "gross_margin_4q_avg": 12.86,
            "net_income": -38888,
            "net_income_4q": null,
            "revenue": 1806078,
            "revenue_4q": null,
            "common_shares": 1471480,
            "book_valuer_per_share": 25.82,
            "book_valuer_per_share_4q_avg": 26.96,
            "equity": 3910021,
            "current_ratio": 223.69,
            "debt_ratio": 39.77,
            "inventory_turnover_ratio": 1.77,
            "account_receivable_turnover_ratio": 1.3,
            "reinvestment_rate": 44.85,
            "research_to_sale_ratio": 1.41,
            "price_fair": 58.64,
            "eps_avg_yearly": 1.68,
            "eps_latest_yearly": 2.32,
            "eps_growth_yearly": 1531.46
        },
        "20173": {
            "year_quarter": 20173,
            "year": 2017,
            "quarter": 3,
            "eps": 0.47,
            "eps_growth_year": -18.97,
            "eps_4q": 0.43,
            "eps_4q_growth_year": -77.63,
            "roe": 1.61,
            "roe_4q": 0.5200000000000002,
            "gross_profit": 320283,
            "gross_margin": 12.91,
            "gross_margin_4q_avg": 12.65,
            "net_income": 63636,
            "net_income_4q": null,
            "revenue": 2480689,
            "revenue_4q": null,
            "common_shares": 1471480,
            "book_valuer_per_share": 26.35,
            "book_valuer_per_share_4q_avg": 26.68,
            "equity": 3997255,
            "current_ratio": 224.28,
            "debt_ratio": 39.23,
            "inventory_turnover_ratio": 2.36,
            "account_receivable_turnover_ratio": 1.68,
            "reinvestment_rate": 71.6,
            "research_to_sale_ratio": 1.06,
            "price_fair": 64.93,
            "eps_avg_yearly": 1.86,
            "eps_latest_yearly": 2.32,
            "eps_growth_yearly": 1761.35
        },
        "20174": {
            "year_quarter": 20174,
            "year": 2017,
            "quarter": 4,
            "eps": -0.09,
            "eps_growth_year": null,
            "eps_4q": 0.64,
            "eps_4q_growth_year": -58.34,
            "roe": -0.8,
            "roe_4q": 1.1800000000000002,
            "gross_profit": 216445,
            "gross_margin": 11.73,
            "gross_margin_4q_avg": 12.45,
            "net_income": -31557,
            "net_income_4q": null,
            "revenue": 1845562,
            "revenue_4q": null,
            "common_shares": 1471510,
            "book_valuer_per_share": 25.98,
            "book_valuer_per_share_4q_avg": 26.28,
            "equity": 3923269,
            "current_ratio": 244.25,
            "debt_ratio": 37.1,
            "inventory_turnover_ratio": 1.8,
            "account_receivable_turnover_ratio": 1.26,
            "reinvestment_rate": 58.7,
            "research_to_sale_ratio": 1.43,
            "price_fair": 69,
            "eps_avg_yearly": 1.97,
            "eps_latest_yearly": 2.32,
            "eps_growth_yearly": 1822.5
        },
        "20181": {
            "year_quarter": 20181,
            "year": 2018,
            "quarter": 1,
            "eps": -0.34,
            "eps_growth_year": -180.95,
            "eps_4q": -0.11,
            "eps_4q_growth_year": -115.44,
            "roe": -1.65,
            "roe_4q": -1.81,
            "gross_profit": 238835,
            "gross_margin": 10.78,
            "gross_margin_4q_avg": 11.58,
            "net_income": -63775,
            "net_income_4q": null,
            "revenue": 2215730,
            "revenue_4q": null,
            "common_shares": 1471535,
            "book_valuer_per_share": 25.35,
            "book_valuer_per_share_4q_avg": 25.88,
            "equity": 3815297,
            "current_ratio": 219.37,
            "debt_ratio": 38.77,
            "inventory_turnover_ratio": 1.98,
            "account_receivable_turnover_ratio": 1.73,
            "reinvestment_rate": -93,
            "research_to_sale_ratio": 1.09,
            "price_fair": 67.43,
            "eps_avg_yearly": 1.93,
            "eps_latest_yearly": 2.32,
            "eps_growth_yearly": 2049.33
        },
        "20182": {
            "year_quarter": 20182,
            "year": 2018,
            "quarter": 2,
            "eps": -0.33,
            "eps_growth_year": null,
            "eps_4q": -0.29,
            "eps_4q_growth_year": -154.25,
            "roe": -1.49,
            "roe_4q": -2.329999999999999,
            "gross_profit": 205516,
            "gross_margin": 10.67,
            "gross_margin_4q_avg": 11.52,
            "net_income": -56324,
            "net_income_4q": null,
            "revenue": 1926339,
            "revenue_4q": null,
            "common_shares": 1471535,
            "book_valuer_per_share": 25.15,
            "book_valuer_per_share_4q_avg": 25.71,
            "equity": 3755619,
            "current_ratio": 148.08,
            "debt_ratio": 44.77,
            "inventory_turnover_ratio": 1.65,
            "account_receivable_turnover_ratio": 1.45,
            "reinvestment_rate": -156.33,
            "research_to_sale_ratio": 1.59,
            "price_fair": 67.43,
            "eps_avg_yearly": 1.93,
            "eps_latest_yearly": 2.32,
            "eps_growth_yearly": 2049.33
        },
        "20183": {
            "year_quarter": 20183,
            "year": 2018,
            "quarter": 3,
            "eps": 0.56,
            "eps_growth_year": 19.15,
            "eps_4q": -0.2,
            "eps_4q_growth_year": -146.81,
            "roe": 2.23,
            "roe_4q": -1.71,
            "gross_profit": 374532,
            "gross_margin": 14.77,
            "gross_margin_4q_avg": 11.99,
            "net_income": 84603,
            "net_income_4q": null,
            "revenue": 2535815,
            "revenue_4q": null,
            "common_shares": 1471535,
            "book_valuer_per_share": 25.72,
            "book_valuer_per_share_4q_avg": 25.55,
            "equity": 3841834,
            "current_ratio": 163.89,
            "debt_ratio": 39.58,
            "inventory_turnover_ratio": 2.2,
            "account_receivable_turnover_ratio": 1.64,
            "reinvestment_rate": -110.64,
            "research_to_sale_ratio": 0.91,
            "price_fair": 67.43,
            "eps_avg_yearly": 1.93,
            "eps_latest_yearly": 2.32,
            "eps_growth_yearly": 2049.33
        },
        "20184": {
            "year_quarter": 20184,
            "year": 2018,
            "quarter": 4,
            "eps": 0.65,
            "eps_growth_year": null,
            "eps_4q": 0.54,
            "eps_4q_growth_year": -14.87,
            "roe": 2.6,
            "roe_4q": 1.69,
            "gross_profit": 248719,
            "gross_margin": 15.09,
            "gross_margin_4q_avg": 12.83,
            "net_income": 100429,
            "net_income_4q": null,
            "revenue": 1648475,
            "revenue_4q": null,
            "common_shares": 1471535,
            "book_valuer_per_share": 26.51,
            "book_valuer_per_share_4q_avg": 25.68,
            "equity": 3870976,
            "current_ratio": 165.67,
            "debt_ratio": 36.39,
            "inventory_turnover_ratio": 1.59,
            "account_receivable_turnover_ratio": 1.09,
            "reinvestment_rate": -160.54,
            "research_to_sale_ratio": 1.38,
            "price_fair": 70.47,
            "eps_avg_yearly": 2.01,
            "eps_latest_yearly": 2.6,
            "eps_growth_yearly": 1879.09
        },
        "20191": {
            "year_quarter": 20191,
            "year": 2019,
            "quarter": 1,
            "eps": 0.67,
            "eps_growth_year": null,
            "eps_4q": 1.56,
            "eps_4q_growth_year": null,
            "roe": 2.49,
            "roe_4q": 5.83,
            "gross_profit": 355282,
            "gross_margin": 16.78,
            "gross_margin_4q_avg": 14.33,
            "net_income": 97748,
            "net_income_4q": null,
            "revenue": 2116673,
            "revenue_4q": null,
            "common_shares": 1471535,
            "book_valuer_per_share": 27.27,
            "book_valuer_per_share_4q_avg": 26.16,
            "equity": 3981406,
            "current_ratio": 165.86,
            "debt_ratio": 37.23,
            "inventory_turnover_ratio": 1.91,
            "account_receivable_turnover_ratio": 1.47,
            "reinvestment_rate": -121.41,
            "research_to_sale_ratio": 1.05,
            "price_fair": 75.37,
            "eps_avg_yearly": 2.15,
            "eps_latest_yearly": 2.68,
            "eps_growth_yearly": 1888.83
        },
        "20192": {
            "year_quarter": 20192,
            "year": 2019,
            "quarter": 2,
            "eps": -0.16,
            "eps_growth_year": null,
            "eps_4q": 1.73,
            "eps_4q_growth_year": null,
            "roe": -0.62,
            "roe_4q": 6.700000000000001,
            "gross_profit": 224888,
            "gross_margin": 12.88,
            "gross_margin_4q_avg": 14.88,
            "net_income": -24313,
            "net_income_4q": null,
            "revenue": 1746704,
            "revenue_4q": null,
            "common_shares": 1471535,
            "book_valuer_per_share": 26.72,
            "book_valuer_per_share_4q_avg": 26.56,
            "equity": 3898882,
            "current_ratio": 164.68,
            "debt_ratio": 37.21,
            "inventory_turnover_ratio": 1.52,
            "account_receivable_turnover_ratio": 1.22,
            "reinvestment_rate": -113.99,
            "research_to_sale_ratio": 1.27,
            "price_fair": 75.37,
            "eps_avg_yearly": 2.15,
            "eps_latest_yearly": 2.68,
            "eps_growth_yearly": 1888.83
        },
        "20193": {
            "year_quarter": 20193,
            "year": 2019,
            "quarter": 3,
            "eps": 0.1,
            "eps_growth_year": -82.14,
            "eps_4q": 1.26,
            "eps_4q_growth_year": null,
            "roe": 0.46,
            "roe_4q": 4.93,
            "gross_profit": 300460,
            "gross_margin": 13.67,
            "gross_margin_4q_avg": 14.61,
            "net_income": 18111,
            "net_income_4q": null,
            "revenue": 2198303,
            "revenue_4q": null,
            "common_shares": 1471535,
            "book_valuer_per_share": 26.73,
            "book_valuer_per_share_4q_avg": 26.81,
            "equity": 3904944,
            "current_ratio": 183.09,
            "debt_ratio": 32.58,
            "inventory_turnover_ratio": 2.1,
            "account_receivable_turnover_ratio": 1.62,
            "reinvestment_rate": -175.36,
            "research_to_sale_ratio": 1.05,
            "price_fair": 75.37,
            "eps_avg_yearly": 2.15,
            "eps_latest_yearly": 2.68,
            "eps_growth_yearly": 1888.83
        },
        "20194": {
            "year_quarter": 20194,
            "year": 2019,
            "quarter": 4,
            "eps": -0.06,
            "eps_growth_year": -109.55,
            "eps_4q": 0.55,
            "eps_4q_growth_year": 1.18,
            "roe": -0.28,
            "roe_4q": 2.0500000000000003,
            "gross_profit": 185262,
            "gross_margin": 11.58,
            "gross_margin_4q_avg": 13.73,
            "net_income": -10758,
            "net_income_4q": null,
            "revenue": 1599168,
            "revenue_4q": null,
            "common_shares": 1471535,
            "book_valuer_per_share": 26.14,
            "book_valuer_per_share_4q_avg": 26.72,
            "equity": 3816393,
            "current_ratio": 175.14,
            "debt_ratio": 34.55,
            "inventory_turnover_ratio": 1.61,
            "account_receivable_turnover_ratio": 1.26,
            "reinvestment_rate": -159.75,
            "research_to_sale_ratio": 1.39,
            "price_fair": 88.76,
            "eps_avg_yearly": 2.54,
            "eps_latest_yearly": 2.68,
            "eps_growth_yearly": 2333.26
        },
        "20201": {
            "year_quarter": 20201,
            "year": 2020,
            "quarter": 1,
            "eps": 0.07,
            "eps_growth_year": -89.55,
            "eps_4q": -0.05,
            "eps_4q_growth_year": -103.36,
            "roe": 0.24,
            "roe_4q": -0.2,
            "gross_profit": 267923,
            "gross_margin": 13.52,
            "gross_margin_4q_avg": 12.91,
            "net_income": 9224,
            "net_income_4q": null,
            "revenue": 1980977,
            "revenue_4q": null,
            "common_shares": 1471535,
            "book_valuer_per_share": 26.3,
            "book_valuer_per_share_4q_avg": 26.47,
            "equity": 3838500,
            "current_ratio": 188.01,
            "debt_ratio": 36.71,
            "inventory_turnover_ratio": 1.81,
            "account_receivable_turnover_ratio": 1.52,
            "reinvestment_rate": -245.2,
            "research_to_sale_ratio": 1.06,
            "price_fair": 68.25,
            "eps_avg_yearly": 1.95,
            "eps_latest_yearly": 2.68,
            "eps_growth_yearly": 983.25
        },
        "20202": {
            "year_quarter": 20202,
            "year": 2020,
            "quarter": 2,
            "eps": -0.87,
            "eps_growth_year": null,
            "eps_4q": -0.76,
            "eps_4q_growth_year": -144.13,
            "roe": -3.34,
            "roe_4q": -2.92,
            "gross_profit": 98859,
            "gross_margin": 9.3,
            "gross_margin_4q_avg": 12.02,
            "net_income": -124011,
            "net_income_4q": null,
            "revenue": 1063476,
            "revenue_4q": null,
            "common_shares": 1471535,
            "book_valuer_per_share": 24.62,
            "book_valuer_per_share_4q_avg": 25.95,
            "equity": 3596876,
            "current_ratio": 178.51,
            "debt_ratio": 39,
            "inventory_turnover_ratio": 1.07,
            "account_receivable_turnover_ratio": 0.75,
            "reinvestment_rate": -454.56,
            "research_to_sale_ratio": 1.73,
            "price_fair": 88.67,
            "eps_avg_yearly": 2.53,
            "eps_latest_yearly": 2.68,
            "eps_growth_yearly": 1438.86
        },
        "20203": {
            "year_quarter": 20203,
            "year": 2020,
            "quarter": 3,
            "eps": -0.32,
            "eps_growth_year": -420,
            "eps_4q": -1.18,
            "eps_4q_growth_year": -193.33,
            "roe": -1.26,
            "roe_4q": -4.64,
            "gross_profit": 204555,
            "gross_margin": 12.11,
            "gross_margin_4q_avg": 11.63,
            "net_income": -44846,
            "net_income_4q": null,
            "revenue": 1689794,
            "revenue_4q": null,
            "common_shares": 1471535,
            "book_valuer_per_share": 24.09,
            "book_valuer_per_share_4q_avg": 25.29,
            "equity": 3519942,
            "current_ratio": 187.83,
            "debt_ratio": 36.71,
            "inventory_turnover_ratio": 1.83,
            "account_receivable_turnover_ratio": 1.19,
            "reinvestment_rate": -1828.04,
            "research_to_sale_ratio": 1.08,
            "price_fair": 92.4,
            "eps_avg_yearly": 2.64,
            "eps_latest_yearly": 2.68,
            "eps_growth_yearly": 38.3
        },
        "20204": {
            "year_quarter": 20204,
            "year": 2020,
            "quarter": 4,
            "eps": -1.34,
            "eps_growth_year": null,
            "eps_4q": -2.45,
            "eps_4q_growth_year": -545.58,
            "roe": -5.75,
            "roe_4q": -10.11,
            "gross_profit": 99615,
            "gross_margin": 8.06,
            "gross_margin_4q_avg": 10.75,
            "net_income": -195565,
            "net_income_4q": null,
            "revenue": 1236293,
            "revenue_4q": null,
            "common_shares": 1471535,
            "book_valuer_per_share": 22.44,
            "book_valuer_per_share_4q_avg": 24.36,
            "equity": 3279999,
            "current_ratio": 192.87,
            "debt_ratio": 34.91,
            "inventory_turnover_ratio": 1.58,
            "account_receivable_turnover_ratio": 1,
            "reinvestment_rate": null,
            "research_to_sale_ratio": 1.61,
            "price_fair": 92.4,
            "eps_avg_yearly": 2.64,
            "eps_latest_yearly": 2.68,
            "eps_growth_yearly": 38.3
        },
        "20211": {
            "year_quarter": 20211,
            "year": 2021,
            "quarter": 1,
            "eps": 0.31,
            "eps_growth_year": 342.86,
            "eps_4q": -2.22,
            "eps_4q_growth_year": null,
            "roe": 1.35,
            "roe_4q": -9,
            "gross_profit": 280504,
            "gross_margin": 16.47,
            "gross_margin_4q_avg": 11.49,
            "net_income": 44708,
            "net_income_4q": null,
            "revenue": 1703426,
            "revenue_4q": null,
            "common_shares": 1471535,
            "book_valuer_per_share": 22.77,
            "book_valuer_per_share_4q_avg": 23.48,
            "equity": 3327899,
            "current_ratio": 186.81,
            "debt_ratio": 36.68,
            "inventory_turnover_ratio": 2.17,
            "account_receivable_turnover_ratio": 1.38,
            "reinvestment_rate": null,
            "research_to_sale_ratio": 1.1,
            "price_fair": 92.4,
            "eps_avg_yearly": 2.64,
            "eps_latest_yearly": 2.68,
            "eps_growth_yearly": 38.3
        },
        "20212": {
            "year_quarter": 20212,
            "year": 2021,
            "quarter": 2,
            "eps": -0.84,
            "eps_growth_year": null,
            "eps_4q": -2.19,
            "eps_4q_growth_year": null,
            "roe": -3.8,
            "roe_4q": -9.459999999999999,
            "gross_profit": 69992,
            "gross_margin": 7.62,
            "gross_margin_4q_avg": 11.07,
            "net_income": -123145,
            "net_income_4q": null,
            "revenue": 918400,
            "revenue_4q": null,
            "common_shares": 1471535,
            "book_valuer_per_share": 21.63,
            "book_valuer_per_share_4q_avg": 22.73,
            "equity": 3161466,
            "current_ratio": 208.46,
            "debt_ratio": 31.72,
            "inventory_turnover_ratio": 1.25,
            "account_receivable_turnover_ratio": 0.85,
            "reinvestment_rate": null,
            "research_to_sale_ratio": 2.03,
            "price_fair": 92.4,
            "eps_avg_yearly": 2.64,
            "eps_latest_yearly": 2.68,
            "eps_growth_yearly": 38.3
        },
        "20213": {
            "year_quarter": 20213,
            "year": 2021,
            "quarter": 3,
            "eps": -0.21,
            "eps_growth_year": null,
            "eps_4q": -2.09,
            "eps_4q_growth_year": null,
            "roe": -0.99,
            "roe_4q": -9.19,
            "gross_profit": 223399,
            "gross_margin": 13.51,
            "gross_margin_4q_avg": 11.42,
            "net_income": -30979,
            "net_income_4q": null,
            "revenue": 1653392,
            "revenue_4q": null,
            "common_shares": 1471535,
            "book_valuer_per_share": 21.21,
            "book_valuer_per_share_4q_avg": 22.01,
            "equity": 3100235,
            "current_ratio": 181.11,
            "debt_ratio": 37.62,
            "inventory_turnover_ratio": 1.79,
            "account_receivable_turnover_ratio": 1.83,
            "reinvestment_rate": null,
            "research_to_sale_ratio": 1.12,
            "price_fair": 92.4,
            "eps_avg_yearly": 2.64,
            "eps_latest_yearly": 2.68,
            "eps_growth_yearly": 38.3
        },
        "20214": {
            "year_quarter": 20214,
            "year": 2021,
            "quarter": 4,
            "eps": -0.18,
            "eps_growth_year": null,
            "eps_4q": -0.92,
            "eps_4q_growth_year": null,
            "roe": -0.83,
            "roe_4q": -4.27,
            "gross_profit": 202313,
            "gross_margin": 13.61,
            "gross_margin_4q_avg": 12.8,
            "net_income": -25688,
            "net_income_4q": null,
            "revenue": 1486258,
            "revenue_4q": null,
            "common_shares": 1471535,
            "book_valuer_per_share": 20.89,
            "book_valuer_per_share_4q_avg": 21.63,
            "equity": 3053754,
            "current_ratio": 168.54,
            "debt_ratio": 41.42,
            "inventory_turnover_ratio": 1.28,
            "account_receivable_turnover_ratio": 1.33,
            "reinvestment_rate": null,
            "research_to_sale_ratio": 1.17,
            "price_fair": 92.4,
            "eps_avg_yearly": 2.64,
            "eps_latest_yearly": 2.68,
            "eps_growth_yearly": 38.3
        },
        "20221": {
            "year_quarter": 20221,
            "year": 2022,
            "quarter": 1,
            "eps": 0.77,
            "eps_growth_year": 148.39,
            "eps_4q": -0.46,
            "eps_4q_growth_year": null,
            "roe": 3.59,
            "roe_4q": -2.0300000000000002,
            "gross_profit": 376780,
            "gross_margin": 16.21,
            "gross_margin_4q_avg": 12.74,
            "net_income": 112683,
            "net_income_4q": null,
            "revenue": 2323687,
            "revenue_4q": null,
            "common_shares": 1471535,
            "book_valuer_per_share": 22.09,
            "book_valuer_per_share_4q_avg": 21.46,
            "equity": 3228858,
            "current_ratio": 165.1,
            "debt_ratio": 43.6,
            "inventory_turnover_ratio": 1.77,
            "account_receivable_turnover_ratio": 1.55,
            "reinvestment_rate": null,
            "research_to_sale_ratio": 0.8,
            "price_fair": 92.4,
            "eps_avg_yearly": 2.64,
            "eps_latest_yearly": 2.68,
            "eps_growth_yearly": 38.3
        },
        "20222": {
            "year_quarter": 20222,
            "year": 2022,
            "quarter": 2,
            "eps": 0.41,
            "eps_growth_year": null,
            "eps_4q": 0.79,
            "eps_4q_growth_year": null,
            "roe": 1.81,
            "roe_4q": 3.58,
            "gross_profit": 267286,
            "gross_margin": 15.88,
            "gross_margin_4q_avg": 14.8,
            "net_income": 59362,
            "net_income_4q": null,
            "revenue": 1682847,
            "revenue_4q": null,
            "common_shares": 1471535,
            "book_valuer_per_share": 22.8,
            "book_valuer_per_share_4q_avg": 21.75,
            "equity": 3332212,
            "current_ratio": 190.03,
            "debt_ratio": 37.31,
            "inventory_turnover_ratio": 1.37,
            "account_receivable_turnover_ratio": 1.07,
            "reinvestment_rate": null,
            "research_to_sale_ratio": 1.12,
            "price_fair": 6.92,
            "eps_avg_yearly": 2.31,
            "eps_latest_yearly": 1.64,
            "eps_growth_yearly": -36.81
        },
        "20223": {
            "year_quarter": 20223,
            "year": 2022,
            "quarter": 3,
            "eps": 0.61,
            "eps_growth_year": null,
            "eps_4q": 1.62,
            "eps_4q_growth_year": null,
            "roe": 2.61,
            "roe_4q": 7.18,
            "gross_profit": 292000,
            "gross_margin": 15.48,
            "gross_margin_4q_avg": 15.3,
            "net_income": 89875,
            "net_income_4q": null,
            "revenue": 1885915,
            "revenue_4q": null,
            "common_shares": 1471535,
            "book_valuer_per_share": 24.29,
            "book_valuer_per_share_4q_avg": 22.52,
            "equity": 3549347,
            "current_ratio": 204.56,
            "debt_ratio": 35.47,
            "inventory_turnover_ratio": 1.49,
            "account_receivable_turnover_ratio": 1.47,
            "reinvestment_rate": null,
            "research_to_sale_ratio": 1.06,
            "price_fair": 72.95,
            "eps_avg_yearly": 2.34,
            "eps_latest_yearly": 2.44,
            "eps_growth_yearly": 21.18
        },
        "20224": {
            "year_quarter": 20224,
            "year": 2022,
            "quarter": 4,
            "eps": 0.27,
            "eps_growth_year": null,
            "eps_4q": 2.06,
            "eps_4q_growth_year": null,
            "roe": 1.1,
            "roe_4q": 9.11,
            "gross_profit": 283199,
            "gross_margin": 17.3,
            "gross_margin_4q_avg": 16.22,
            "net_income": 39112,
            "net_income_4q": null,
            "revenue": 1637396,
            "revenue_4q": null,
            "common_shares": 1471535,
            "book_valuer_per_share": 24.21,
            "book_valuer_per_share_4q_avg": 23.35,
            "equity": 3538070,
            "current_ratio": 226.37,
            "debt_ratio": 31.66,
            "inventory_turnover_ratio": 1.28,
            "account_receivable_turnover_ratio": 1.32,
            "reinvestment_rate": null,
            "research_to_sale_ratio": 1.13,
            "price_fair": 5.88,
            "eps_avg_yearly": 1.96,
            "eps_latest_yearly": 1.08,
            "eps_growth_yearly": -50.63
        },
        "20231": {
            "year_quarter": 20231,
            "year": 2023,
            "quarter": 1,
            "eps": 0.53,
            "eps_growth_year": -31.17,
            "eps_4q": 1.82,
            "eps_4q_growth_year": null,
            "roe": 2.16,
            "roe_4q": 7.68,
            "gross_profit": 302928,
            "gross_margin": 17.34,
            "gross_margin_4q_avg": 16.5,
            "net_income": 77120,
            "net_income_4q": null,
            "revenue": 1746721,
            "revenue_4q": null,
            "common_shares": 1471535,
            "book_valuer_per_share": 24.68,
            "book_valuer_per_share_4q_avg": 24,
            "equity": 3606452,
            "current_ratio": 234.86,
            "debt_ratio": 30.89,
            "inventory_turnover_ratio": 1.44,
            "account_receivable_turnover_ratio": 1.5,
            "reinvestment_rate": null,
            "research_to_sale_ratio": 1.08,
            "price_fair": 63.7,
            "eps_avg_yearly": 1.82,
            "eps_latest_yearly": 2.12,
            "eps_growth_yearly": 42.59
        },
        "20232": {
            "year_quarter": 20232,
            "year": 2023,
            "quarter": 2,
            "eps": 0.42,
            "eps_growth_year": 2.44,
            "eps_4q": 1.83,
            "eps_4q_growth_year": 131.3,
            "roe": 1.7,
            "roe_4q": 7.57,
            "gross_profit": 257091,
            "gross_margin": 17.2,
            "gross_margin_4q_avg": 16.83,
            "net_income": 60768,
            "net_income_4q": null,
            "revenue": 1494588,
            "revenue_4q": null,
            "common_shares": 1461535,
            "book_valuer_per_share": 24.35,
            "book_valuer_per_share_4q_avg": 24.38,
            "equity": 3558798,
            "current_ratio": 228.55,
            "debt_ratio": 31.97,
            "inventory_turnover_ratio": 1.32,
            "account_receivable_turnover_ratio": 1.31,
            "reinvestment_rate": null,
            "research_to_sale_ratio": 1.28,
            "price_fair": 49.22,
            "eps_avg_yearly": 1.79,
            "eps_latest_yearly": 1.68,
            "eps_growth_yearly": 17.46
        },
        "20233": {
            "year_quarter": 20233,
            "year": 2023,
            "quarter": 3,
            "eps": 0.85,
            "eps_growth_year": 39.34,
            "eps_4q": 2.06,
            "eps_4q_growth_year": 27.55,
            "roe": 3.4,
            "roe_4q": 8.36,
            "gross_profit": 313981,
            "gross_margin": 18.58,
            "gross_margin_4q_avg": 17.61,
            "net_income": 124310,
            "net_income_4q": null,
            "revenue": 1690289,
            "revenue_4q": null,
            "common_shares": 1461535,
            "book_valuer_per_share": 25.74,
            "book_valuer_per_share_4q_avg": 24.75,
            "equity": 3762035,
            "current_ratio": 237.73,
            "debt_ratio": 30.17,
            "inventory_turnover_ratio": 1.55,
            "account_receivable_turnover_ratio": 1.44,
            "reinvestment_rate": -286.82,
            "research_to_sale_ratio": 1.14,
            "price_fair": 72.1,
            "eps_avg_yearly": 2.06,
            "eps_latest_yearly": 3.4,
            "eps_growth_yearly": 82.81
        }
    },
    "months": {
        "2001-06": {
            "month": "2001-06",
            "price": "40.40",
            "revenue": 234696
        },
        "2001-07": {
            "month": "2001-07",
            "price": "40.42",
            "revenue": 227498
        },
        "2001-08": {
            "month": "2001-08",
            "price": "40.11",
            "revenue": 340829
        },
        "2001-09": {
            "month": "2001-09",
            "price": "39.38",
            "revenue": 267702
        },
        "2001-10": {
            "month": "2001-10",
            "price": "36.54",
            "revenue": 232252
        },
        "2001-11": {
            "month": "2001-11",
            "price": "37.20",
            "revenue": 222221
        },
        "2001-12": {
            "month": "2001-12",
            "price": "39.42",
            "revenue": 351912
        },
        "2002-01": {
            "month": "2002-01",
            "price": "40.60",
            "revenue": 421395
        },
        "2002-02": {
            "month": "2002-02",
            "price": "41.12",
            "revenue": 435588
        },
        "2002-03": {
            "month": "2002-03",
            "price": "41.76",
            "revenue": 354395
        },
        "2002-04": {
            "month": "2002-04",
            "price": "43.54",
            "revenue": 314660
        },
        "2002-05": {
            "month": "2002-05",
            "price": "44.97",
            "revenue": 299931
        },
        "2002-06": {
            "month": "2002-06",
            "price": "41.86",
            "revenue": 336488
        },
        "2002-07": {
            "month": "2002-07",
            "price": "40.03",
            "revenue": 328837
        },
        "2002-08": {
            "month": "2002-08",
            "price": "39.41",
            "revenue": 316567
        },
        "2002-09": {
            "month": "2002-09",
            "price": "39.26",
            "revenue": 279630
        },
        "2002-10": {
            "month": "2002-10",
            "price": "38.25",
            "revenue": 367941
        },
        "2002-11": {
            "month": "2002-11",
            "price": "39.99",
            "revenue": 330040
        },
        "2002-12": {
            "month": "2002-12",
            "price": "39.99",
            "revenue": 433159
        },
        "2003-01": {
            "month": "2003-01",
            "price": "40.77",
            "revenue": 473014
        },
        "2003-02": {
            "month": "2003-02",
            "price": "40.98",
            "revenue": 324687
        },
        "2003-03": {
            "month": "2003-03",
            "price": "41.30",
            "revenue": 386214
        },
        "2003-04": {
            "month": "2003-04",
            "price": "40.28",
            "revenue": 324258
        },
        "2003-05": {
            "month": "2003-05",
            "price": "40.09",
            "revenue": 310521
        },
        "2003-06": {
            "month": "2003-06",
            "price": "42.77",
            "revenue": 269246
        },
        "2003-07": {
            "month": "2003-07",
            "price": "44.78",
            "revenue": 427934
        },
        "2003-08": {
            "month": "2003-08",
            "price": "50.49",
            "revenue": 342199
        },
        "2003-09": {
            "month": "2003-09",
            "price": "47.33",
            "revenue": 345935
        },
        "2003-10": {
            "month": "2003-10",
            "price": "45.42",
            "revenue": 333727
        },
        "2003-11": {
            "month": "2003-11",
            "price": "45.49",
            "revenue": 269163
        },
        "2003-12": {
            "month": "2003-12",
            "price": "45.45",
            "revenue": 366453
        },
        "2004-01": {
            "month": "2004-01",
            "price": "46.50",
            "revenue": 395174
        },
        "2004-02": {
            "month": "2004-02",
            "price": "49.13",
            "revenue": 394201
        },
        "2004-03": {
            "month": "2004-03",
            "price": "48.49",
            "revenue": 362793
        },
        "2004-04": {
            "month": "2004-04",
            "price": "48.14",
            "revenue": 286717
        },
        "2004-05": {
            "month": "2004-05",
            "price": "46.50",
            "revenue": 279717
        },
        "2004-06": {
            "month": "2004-06",
            "price": "44.19",
            "revenue": 412895
        },
        "2004-07": {
            "month": "2004-07",
            "price": "42.49",
            "revenue": 355752
        },
        "2004-08": {
            "month": "2004-08",
            "price": "42.72",
            "revenue": 308487
        },
        "2004-09": {
            "month": "2004-09",
            "price": "42.09",
            "revenue": 323570
        },
        "2004-10": {
            "month": "2004-10",
            "price": "41.56",
            "revenue": 339711
        },
        "2004-11": {
            "month": "2004-11",
            "price": "40.00",
            "revenue": 318082
        },
        "2004-12": {
            "month": "2004-12",
            "price": "40.65",
            "revenue": 426167
        },
        "2005-01": {
            "month": "2005-01",
            "price": "42.43",
            "revenue": 439600
        },
        "2005-02": {
            "month": "2005-02",
            "price": "41.92",
            "revenue": 422735
        },
        "2005-03": {
            "month": "2005-03",
            "price": "42.03",
            "revenue": 404173
        },
        "2005-04": {
            "month": "2005-04",
            "price": "41.64",
            "revenue": 332327
        },
        "2005-05": {
            "month": "2005-05",
            "price": "40.50",
            "revenue": 355587
        },
        "2005-06": {
            "month": "2005-06",
            "price": "40.92",
            "revenue": 449237
        },
        "2005-07": {
            "month": "2005-07",
            "price": "40.20",
            "revenue": 291886
        },
        "2005-08": {
            "month": "2005-08",
            "price": "39.36",
            "revenue": 316431
        },
        "2005-09": {
            "month": "2005-09",
            "price": "39.33",
            "revenue": 330554
        },
        "2005-10": {
            "month": "2005-10",
            "price": "38.83",
            "revenue": 317475
        },
        "2005-11": {
            "month": "2005-11",
            "price": "37.93",
            "revenue": 297055
        },
        "2005-12": {
            "month": "2005-12",
            "price": "38.13",
            "revenue": 373481
        },
        "2006-01": {
            "month": "2006-01",
            "price": "37.57",
            "revenue": 586234
        },
        "2006-02": {
            "month": "2006-02",
            "price": "37.49",
            "revenue": 624906
        },
        "2006-03": {
            "month": "2006-03",
            "price": "38.23",
            "revenue": 687629
        },
        "2006-04": {
            "month": "2006-04",
            "price": "39.36",
            "revenue": 618015
        },
        "2006-05": {
            "month": "2006-05",
            "price": "41.64",
            "revenue": 647491
        },
        "2006-06": {
            "month": "2006-06",
            "price": "40.09",
            "revenue": 740023
        },
        "2006-07": {
            "month": "2006-07",
            "price": "40.38",
            "revenue": 706704
        },
        "2006-08": {
            "month": "2006-08",
            "price": "39.02",
            "revenue": 654786
        },
        "2006-09": {
            "month": "2006-09",
            "price": "39.75",
            "revenue": 626292
        },
        "2006-10": {
            "month": "2006-10",
            "price": "43.12",
            "revenue": 550479
        },
        "2006-11": {
            "month": "2006-11",
            "price": "44.24",
            "revenue": 516483
        },
        "2006-12": {
            "month": "2006-12",
            "price": "50.07",
            "revenue": 615789
        },
        "2007-01": {
            "month": "2007-01",
            "price": "57.27",
            "revenue": 799214
        },
        "2007-02": {
            "month": "2007-02",
            "price": "55.46",
            "revenue": 741705
        },
        "2007-03": {
            "month": "2007-03",
            "price": "51.20",
            "revenue": 896999
        },
        "2007-04": {
            "month": "2007-04",
            "price": "54.20",
            "revenue": 773923
        },
        "2007-05": {
            "month": "2007-05",
            "price": "53.66",
            "revenue": 775311
        },
        "2007-06": {
            "month": "2007-06",
            "price": "53.22",
            "revenue": 799534
        },
        "2007-07": {
            "month": "2007-07",
            "price": "55.05",
            "revenue": 846584
        },
        "2007-08": {
            "month": "2007-08",
            "price": "50.50",
            "revenue": 792732
        },
        "2007-09": {
            "month": "2007-09",
            "price": "49.19",
            "revenue": 825973
        },
        "2007-10": {
            "month": "2007-10",
            "price": "47.12",
            "revenue": 700074
        },
        "2007-11": {
            "month": "2007-11",
            "price": "43.86",
            "revenue": 753320
        },
        "2007-12": {
            "month": "2007-12",
            "price": "43.45",
            "revenue": 767297
        },
        "2008-01": {
            "month": "2008-01",
            "price": "41.98",
            "revenue": 916610
        },
        "2008-02": {
            "month": "2008-02",
            "price": "40.81",
            "revenue": 1058739
        },
        "2008-03": {
            "month": "2008-03",
            "price": "41.22",
            "revenue": 930892
        },
        "2008-04": {
            "month": "2008-04",
            "price": "41.42",
            "revenue": 791811
        },
        "2008-05": {
            "month": "2008-05",
            "price": "39.68",
            "revenue": 717859
        },
        "2008-06": {
            "month": "2008-06",
            "price": "35.18",
            "revenue": 593185
        },
        "2008-07": {
            "month": "2008-07",
            "price": "28.99",
            "revenue": 557406
        },
        "2008-08": {
            "month": "2008-08",
            "price": "24.79",
            "revenue": 651306
        },
        "2008-09": {
            "month": "2008-09",
            "price": "20.12",
            "revenue": 853474
        },
        "2008-10": {
            "month": "2008-10",
            "price": "18.03",
            "revenue": 724027
        },
        "2008-11": {
            "month": "2008-11",
            "price": "17.04",
            "revenue": 696248
        },
        "2008-12": {
            "month": "2008-12",
            "price": "17.03",
            "revenue": 760968
        },
        "2009-01": {
            "month": "2009-01",
            "price": "17.13",
            "revenue": 905055
        },
        "2009-02": {
            "month": "2009-02",
            "price": "17.56",
            "revenue": 740217
        },
        "2009-03": {
            "month": "2009-03",
            "price": "18.54",
            "revenue": 732299
        },
        "2009-04": {
            "month": "2009-04",
            "price": "20.03",
            "revenue": 602013
        },
        "2009-05": {
            "month": "2009-05",
            "price": "23.36",
            "revenue": 637643
        },
        "2009-06": {
            "month": "2009-06",
            "price": "23.07",
            "revenue": 523168
        },
        "2009-07": {
            "month": "2009-07",
            "price": "23.53",
            "revenue": 661370
        },
        "2009-08": {
            "month": "2009-08",
            "price": "22.82",
            "revenue": 686567
        },
        "2009-09": {
            "month": "2009-09",
            "price": "23.56",
            "revenue": 714087
        },
        "2009-10": {
            "month": "2009-10",
            "price": "23.84",
            "revenue": 697559
        },
        "2009-11": {
            "month": "2009-11",
            "price": "25.22",
            "revenue": 787588
        },
        "2009-12": {
            "month": "2009-12",
            "price": "31.94",
            "revenue": 864542
        },
        "2010-01": {
            "month": "2010-01",
            "price": "33.46",
            "revenue": 911722
        },
        "2010-02": {
            "month": "2010-02",
            "price": "31.96",
            "revenue": 868021
        },
        "2010-03": {
            "month": "2010-03",
            "price": "33.45",
            "revenue": 744721
        },
        "2010-04": {
            "month": "2010-04",
            "price": "37.35",
            "revenue": 618871
        },
        "2010-05": {
            "month": "2010-05",
            "price": "34.19",
            "revenue": 712432
        },
        "2010-06": {
            "month": "2010-06",
            "price": "33.16",
            "revenue": 660892
        },
        "2010-07": {
            "month": "2010-07",
            "price": "38.11",
            "revenue": 709539
        },
        "2010-08": {
            "month": "2010-08",
            "price": "46.24",
            "revenue": 733425
        },
        "2010-09": {
            "month": "2010-09",
            "price": "46.05",
            "revenue": 913406
        },
        "2010-10": {
            "month": "2010-10",
            "price": "43.48",
            "revenue": 761823
        },
        "2010-11": {
            "month": "2010-11",
            "price": "41.12",
            "revenue": 790389
        },
        "2010-12": {
            "month": "2010-12",
            "price": "45.62",
            "revenue": 929978
        },
        "2011-01": {
            "month": "2011-01",
            "price": "43.68",
            "revenue": 992533
        },
        "2011-02": {
            "month": "2011-02",
            "price": "38.71",
            "revenue": 873322
        },
        "2011-03": {
            "month": "2011-03",
            "price": "38.86",
            "revenue": 840436
        },
        "2011-04": {
            "month": "2011-04",
            "price": "41.38",
            "revenue": 787977
        },
        "2011-05": {
            "month": "2011-05",
            "price": "40.79",
            "revenue": 722567
        },
        "2011-06": {
            "month": "2011-06",
            "price": "39.78",
            "revenue": 670913
        },
        "2011-07": {
            "month": "2011-07",
            "price": "40.34",
            "revenue": 771737
        },
        "2011-08": {
            "month": "2011-08",
            "price": "38.00",
            "revenue": 828234
        },
        "2011-09": {
            "month": "2011-09",
            "price": "37.04",
            "revenue": 981092
        },
        "2011-10": {
            "month": "2011-10",
            "price": "35.00",
            "revenue": 770335
        },
        "2011-11": {
            "month": "2011-11",
            "price": "35.81",
            "revenue": 846820
        },
        "2011-12": {
            "month": "2011-12",
            "price": "35.54",
            "revenue": 1210841
        },
        "2012-01": {
            "month": "2012-01",
            "price": "36.67",
            "revenue": 1042103
        },
        "2012-02": {
            "month": "2012-02",
            "price": "39.43",
            "revenue": 846101
        },
        "2012-03": {
            "month": "2012-03",
            "price": "38.75",
            "revenue": 1002905
        },
        "2012-04": {
            "month": "2012-04",
            "price": "36.34",
            "revenue": 759389
        },
        "2012-05": {
            "month": "2012-05",
            "price": "32.97",
            "revenue": 624138
        },
        "2012-06": {
            "month": "2012-06",
            "price": "30.29",
            "revenue": 632037
        },
        "2012-07": {
            "month": "2012-07",
            "price": "29.36",
            "revenue": 1103117
        },
        "2012-08": {
            "month": "2012-08",
            "price": "28.94",
            "revenue": 1042542
        },
        "2012-09": {
            "month": "2012-09",
            "price": "27.80",
            "revenue": 920871
        },
        "2012-10": {
            "month": "2012-10",
            "price": "28.27",
            "revenue": 790749
        },
        "2012-11": {
            "month": "2012-11",
            "price": "28.14",
            "revenue": 839180
        },
        "2012-12": {
            "month": "2012-12",
            "price": "29.56",
            "revenue": 895551
        },
        "2013-01": {
            "month": "2013-01",
            "price": "31.07",
            "revenue": 924317
        },
        "2013-02": {
            "month": "2013-02",
            "price": "30.39",
            "revenue": 948447
        },
        "2013-03": {
            "month": "2013-03",
            "price": "30.43",
            "revenue": 911402
        },
        "2013-04": {
            "month": "2013-04",
            "price": "35.62",
            "revenue": 746997
        },
        "2013-05": {
            "month": "2013-05",
            "price": "36.03",
            "revenue": 677575
        },
        "2013-06": {
            "month": "2013-06",
            "price": "34.79",
            "revenue": 779368
        },
        "2013-07": {
            "month": "2013-07",
            "price": "31.95",
            "revenue": 817108
        },
        "2013-08": {
            "month": "2013-08",
            "price": "34.60",
            "revenue": 761029
        },
        "2013-09": {
            "month": "2013-09",
            "price": "35.10",
            "revenue": 696105
        },
        "2013-10": {
            "month": "2013-10",
            "price": "34.35",
            "revenue": 651650
        },
        "2013-11": {
            "month": "2013-11",
            "price": "31.22",
            "revenue": 688447
        },
        "2013-12": {
            "month": "2013-12",
            "price": "29.71",
            "revenue": 725697
        },
        "2014-01": {
            "month": "2014-01",
            "price": "31.34",
            "revenue": 1036765
        },
        "2014-02": {
            "month": "2014-02",
            "price": "32.85",
            "revenue": 793245
        },
        "2014-03": {
            "month": "2014-03",
            "price": "32.35",
            "revenue": 883016
        },
        "2014-04": {
            "month": "2014-04",
            "price": "33.05",
            "revenue": 666723
        },
        "2014-05": {
            "month": "2014-05",
            "price": "31.70",
            "revenue": 570635
        },
        "2014-06": {
            "month": "2014-06",
            "price": "31.46",
            "revenue": 775984
        },
        "2014-07": {
            "month": "2014-07",
            "price": "31.15",
            "revenue": 833941
        },
        "2014-08": {
            "month": "2014-08",
            "price": "28.59",
            "revenue": 609928
        },
        "2014-09": {
            "month": "2014-09",
            "price": "27.99",
            "revenue": 740322
        },
        "2014-10": {
            "month": "2014-10",
            "price": "25.91",
            "revenue": 609871
        },
        "2014-11": {
            "month": "2014-11",
            "price": "25.07",
            "revenue": 658291
        },
        "2014-12": {
            "month": "2014-12",
            "price": "25.22",
            "revenue": 970175
        },
        "2015-01": {
            "month": "2015-01",
            "price": "26.65",
            "revenue": 915335
        },
        "2015-02": {
            "month": "2015-02",
            "price": "27.40",
            "revenue": 741427
        },
        "2015-03": {
            "month": "2015-03",
            "price": "27.31",
            "revenue": 846433
        },
        "2015-04": {
            "month": "2015-04",
            "price": "31.01",
            "revenue": 622245
        },
        "2015-05": {
            "month": "2015-05",
            "price": "30.30",
            "revenue": 568079
        },
        "2015-06": {
            "month": "2015-06",
            "price": "29.60",
            "revenue": 801614
        },
        "2015-07": {
            "month": "2015-07",
            "price": "27.57",
            "revenue": 993771
        },
        "2015-08": {
            "month": "2015-08",
            "price": "23.75",
            "revenue": 760674
        },
        "2015-09": {
            "month": "2015-09",
            "price": "24.68",
            "revenue": 813184
        },
        "2015-10": {
            "month": "2015-10",
            "price": "25.64",
            "revenue": 740910
        },
        "2015-11": {
            "month": "2015-11",
            "price": "25.54",
            "revenue": 545131
        },
        "2015-12": {
            "month": "2015-12",
            "price": "26.92",
            "revenue": 1219067
        },
        "2016-01": {
            "month": "2016-01",
            "price": "34.38",
            "revenue": 1007526
        },
        "2016-02": {
            "month": "2016-02",
            "price": "37.00",
            "revenue": 801150
        },
        "2016-03": {
            "month": "2016-03",
            "price": "38.61",
            "revenue": 1038168
        },
        "2016-04": {
            "month": "2016-04",
            "price": "37.49",
            "revenue": 695932
        },
        "2016-05": {
            "month": "2016-05",
            "price": "40.75",
            "revenue": 555068
        },
        "2016-06": {
            "month": "2016-06",
            "price": "39.09",
            "revenue": 818276
        },
        "2016-07": {
            "month": "2016-07",
            "price": "35.94",
            "revenue": 887033
        },
        "2016-08": {
            "month": "2016-08",
            "price": "32.09",
            "revenue": 935281
        },
        "2016-09": {
            "month": "2016-09",
            "price": "29.72",
            "revenue": 816683
        },
        "2016-10": {
            "month": "2016-10",
            "price": "29.56",
            "revenue": 572314
        },
        "2016-11": {
            "month": "2016-11",
            "price": "29.30",
            "revenue": 448854
        },
        "2016-12": {
            "month": "2016-12",
            "price": "30.20",
            "revenue": 748353
        },
        "2017-01": {
            "month": "2017-01",
            "price": "29.50",
            "revenue": 764222
        },
        "2017-02": {
            "month": "2017-02",
            "price": "29.52",
            "revenue": 616554
        },
        "2017-03": {
            "month": "2017-03",
            "price": "28.64",
            "revenue": 815382
        },
        "2017-04": {
            "month": "2017-04",
            "price": "26.42",
            "revenue": 552709
        },
        "2017-05": {
            "month": "2017-05",
            "price": "25.95",
            "revenue": 503918
        },
        "2017-06": {
            "month": "2017-06",
            "price": "26.06",
            "revenue": 749555
        },
        "2017-07": {
            "month": "2017-07",
            "price": "25.86",
            "revenue": 839430
        },
        "2017-08": {
            "month": "2017-08",
            "price": "24.28",
            "revenue": 871017
        },
        "2017-09": {
            "month": "2017-09",
            "price": "24.38",
            "revenue": 770190
        },
        "2017-10": {
            "month": "2017-10",
            "price": "23.66",
            "revenue": 461467
        },
        "2017-11": {
            "month": "2017-11",
            "price": "23.42",
            "revenue": 603504
        },
        "2017-12": {
            "month": "2017-12",
            "price": "23.62",
            "revenue": 779283
        },
        "2018-01": {
            "month": "2018-01",
            "price": "24.41",
            "revenue": 808378
        },
        "2018-02": {
            "month": "2018-02",
            "price": "23.34",
            "revenue": 720386
        },
        "2018-03": {
            "month": "2018-03",
            "price": "23.65",
            "revenue": 686894
        },
        "2018-04": {
            "month": "2018-04",
            "price": "23.35",
            "revenue": 578803
        },
        "2018-05": {
            "month": "2018-05",
            "price": "22.18",
            "revenue": 526060
        },
        "2018-06": {
            "month": "2018-06",
            "price": "21.22",
            "revenue": 821492
        },
        "2018-07": {
            "month": "2018-07",
            "price": "20.27",
            "revenue": 936009
        },
        "2018-08": {
            "month": "2018-08",
            "price": "20.49",
            "revenue": 896058
        },
        "2018-09": {
            "month": "2018-09",
            "price": "19.93",
            "revenue": 703900
        },
        "2018-10": {
            "month": "2018-10",
            "price": "17.83",
            "revenue": 407865
        },
        "2018-11": {
            "month": "2018-11",
            "price": "17.51",
            "revenue": 539692
        },
        "2018-12": {
            "month": "2018-12",
            "price": "17.58",
            "revenue": 700515
        },
        "2019-01": {
            "month": "2019-01",
            "price": "17.45",
            "revenue": 746584
        },
        "2019-02": {
            "month": "2019-02",
            "price": "18.95",
            "revenue": 624697
        },
        "2019-03": {
            "month": "2019-03",
            "price": "19.63",
            "revenue": 745383
        },
        "2019-04": {
            "month": "2019-04",
            "price": "23.33",
            "revenue": 391520
        },
        "2019-05": {
            "month": "2019-05",
            "price": "26.64",
            "revenue": 705402
        },
        "2019-06": {
            "month": "2019-06",
            "price": "28.78",
            "revenue": 649785
        },
        "2019-07": {
            "month": "2019-07",
            "price": "27.16",
            "revenue": 772497
        },
        "2019-08": {
            "month": "2019-08",
            "price": "25.67",
            "revenue": 772965
        },
        "2019-09": {
            "month": "2019-09",
            "price": "26.47",
            "revenue": 650505
        },
        "2019-10": {
            "month": "2019-10",
            "price": "24.52",
            "revenue": 354161
        },
        "2019-11": {
            "month": "2019-11",
            "price": "23.52",
            "revenue": 564510
        },
        "2019-12": {
            "month": "2019-12",
            "price": "23.61",
            "revenue": 687386
        },
        "2020-01": {
            "month": "2020-01",
            "price": "24.73",
            "revenue": 806567
        },
        "2020-02": {
            "month": "2020-02",
            "price": "28.54",
            "revenue": 650767
        },
        "2020-03": {
            "month": "2020-03",
            "price": "25.17",
            "revenue": 523620
        },
        "2020-04": {
            "month": "2020-04",
            "price": "20.77",
            "revenue": 306666
        },
        "2020-05": {
            "month": "2020-05",
            "price": "19.88",
            "revenue": 266508
        },
        "2020-06": {
            "month": "2020-06",
            "price": "20.48",
            "revenue": 490280
        },
        "2020-07": {
            "month": "2020-07",
            "price": "19.46",
            "revenue": 530119
        },
        "2020-08": {
            "month": "2020-08",
            "price": "18.25",
            "revenue": 578104
        },
        "2020-09": {
            "month": "2020-09",
            "price": "18.40",
            "revenue": 581438
        },
        "2020-10": {
            "month": "2020-10",
            "price": "17.95",
            "revenue": 329912
        },
        "2020-11": {
            "month": "2020-11",
            "price": "18.02",
            "revenue": 410395
        },
        "2020-12": {
            "month": "2020-12",
            "price": "18.24",
            "revenue": 497702
        },
        "2021-01": {
            "month": "2021-01",
            "price": "17.86",
            "revenue": 612453
        },
        "2021-02": {
            "month": "2021-02",
            "price": "17.29",
            "revenue": 480887
        },
        "2021-03": {
            "month": "2021-03",
            "price": "17.94",
            "revenue": 610081
        },
        "2021-04": {
            "month": "2021-04",
            "price": "19.08",
            "revenue": 384725
        },
        "2021-05": {
            "month": "2021-05",
            "price": "18.07",
            "revenue": 183663
        },
        "2021-06": {
            "month": "2021-06",
            "price": "18.18",
            "revenue": 350096
        },
        "2021-07": {
            "month": "2021-07",
            "price": "18.23",
            "revenue": 598052
        },
        "2021-08": {
            "month": "2021-08",
            "price": "17.63",
            "revenue": 475063
        },
        "2021-09": {
            "month": "2021-09",
            "price": "17.66",
            "revenue": 580293
        },
        "2021-10": {
            "month": "2021-10",
            "price": "17.82",
            "revenue": 435361
        },
        "2021-11": {
            "month": "2021-11",
            "price": "18.01",
            "revenue": 507273
        },
        "2021-12": {
            "month": "2021-12",
            "price": "17.94",
            "revenue": 543668
        },
        "2022-01": {
            "month": "2022-01",
            "price": "18.05",
            "revenue": 797210
        },
        "2022-02": {
            "month": "2022-02",
            "price": "18.36",
            "revenue": 757514
        },
        "2022-03": {
            "month": "2022-03",
            "price": "18.55",
            "revenue": 768899
        },
        "2022-04": {
            "month": "2022-04",
            "price": "18.53",
            "revenue": 454728
        },
        "2022-05": {
            "month": "2022-05",
            "price": "18.80",
            "revenue": 484028
        },
        "2022-06": {
            "month": "2022-06",
            "price": "19.15",
            "revenue": 743969
        },
        "2022-07": {
            "month": "2022-07",
            "price": "19.71",
            "revenue": 787362
        },
        "2022-08": {
            "month": "2022-08",
            "price": "22.14",
            "revenue": 707355
        },
        "2022-09": {
            "month": "2022-09",
            "price": "20.67",
            "revenue": 391158
        },
        "2022-10": {
            "month": "2022-10",
            "price": "18.49",
            "revenue": 514145
        },
        "2022-11": {
            "month": "2022-11",
            "price": "19.39",
            "revenue": 573336
        },
        "2022-12": {
            "month": "2022-12",
            "price": "20.90",
            "revenue": 549939
        },
        "2023-01": {
            "month": "2023-01",
            "price": "21.22",
            "revenue": 808935
        },
        "2023-02": {
            "month": "2023-02",
            "price": "23.17",
            "revenue": 509235
        },
        "2023-03": {
            "month": "2023-03",
            "price": "24.93",
            "revenue": 428536
        },
        "2023-04": {
            "month": "2023-04",
            "price": "22.96",
            "revenue": 409020
        },
        "2023-05": {
            "month": "2023-05",
            "price": "23.61",
            "revenue": 407637
        },
        "2023-06": {
            "month": "2023-06",
            "price": "24.36",
            "revenue": 677989
        },
        "2023-07": {
            "month": "2023-07",
            "price": "24.47",
            "revenue": 621373
        },
        "2023-08": {
            "month": "2023-08",
            "price": "24.48",
            "revenue": 664222
        },
        "2023-09": {
            "month": "2023-09",
            "price": "26.40",
            "revenue": 404571
        },
        "2023-10": {
            "month": "2023-10",
            "price": "28.42",
            "revenue": 401621
        },
        "2023-11": {
            "month": "2023-11",
            "price": "30.02",
            "revenue": 543815
        },
        "2023-12": {
            "month": "2023-12",
            "price": "29.33",
            "revenue": 631256
        }
    }
}
