{
    "summary": {
        "stock_name": "弘裕",
        "stock_id": "1474",
        "category": "紡織纖維",
        "main_business": "各種塑膠製品之加工製造買賣<br>各種棉毛絲纖維織品之製造代織,買賣,印染,整理及加工內外銷<br>有關行紀業務進出口貿易事業",
        "website_url": "http://www.textile-hy.com.tw",
        "ceo": "郭正沛",
        "pe_ratio": -19,
        "report_year_from": 2001,
        "report_year_to": 2023,
        "age": 23,
        "eps_negative_percentage": 13,
        "eps_growth_avg": {
            "last_all": -11.64,
            "last_2y": -37.16,
            "last_4y": -12.99,
            "last_8y": 2.65,
            "last_12y": -12.12,
            "last_16y": -10.53,
            "last_20y": -12.22,
            "at_2006_last_3y": -18.56,
            "at_2007_last_3y": -19.53,
            "at_2008_last_3y": -42.64,
            "at_2009_last_3y": -43.25,
            "at_2010_last_3y": -4.17,
            "at_2011_last_3y": -16.32,
            "at_2012_last_3y": -16.32,
            "at_2013_last_3y": -16.32,
            "at_2014_last_3y": -56.44,
            "at_2015_last_3y": -19.19,
            "at_2016_last_3y": 25.57,
            "at_2017_last_3y": 16.52,
            "at_2018_last_3y": 22.2,
            "at_2019_last_3y": -6.87,
            "at_2020_last_3y": 9.56,
            "at_2021_last_3y": 21.06,
            "at_2022_last_3y": 8.76,
            "at_2023_last_3y": -2.87,
            "at_2024_last_3y": -2.87,
            "at_2006_last_all": -14.96,
            "at_2007_last_all": -14.55,
            "at_2008_last_all": -26.76,
            "at_2009_last_all": -26.76,
            "at_2010_last_all": -10.91,
            "at_2011_last_all": -15.14,
            "at_2012_last_all": -23.63,
            "at_2013_last_all": -23.63,
            "at_2014_last_all": -23.33,
            "at_2015_last_all": -16.15,
            "at_2016_last_all": -12.27,
            "at_2017_last_all": -12.16,
            "at_2018_last_all": -11.19,
            "at_2019_last_all": -13.83,
            "at_2020_last_all": -7.14,
            "at_2021_last_all": -4.77,
            "at_2022_last_all": -6.99,
            "at_2023_last_all": -11.64,
            "at_2024_last_all": -11.64
        },
        "latest_eps": -0.65,
        "latest_price": 12.25,
        "latest_roe": -4.05,
        "latest_gross_margin": 7.53,
        "latest_equity": 2006421,
        "latest_revenue": 725181,
        "latest_gross_profit": 54583,
        "latest_net_income": -34430,
        "latest_debt_ratio": 46.42,
        "latest_current_ratio": 190.63,
        "latest_account_receivable_turnover_ratio": 1.5,
        "latest_inventory_turnover_ratio": 0.77,
        "latest_reinvestment_rate": 76.36,
        "latest_research_to_sale_ratio": 1.54
    },
    "eps_dividends": {
        "1998": {
            "cash": 0,
            "stock": 1.3,
            "eps": 0
        },
        "1999": {
            "cash": 0,
            "stock": 1.3,
            "eps": 0
        },
        "2000": {
            "cash": 0,
            "stock": 2.5,
            "eps": 0
        },
        "2001": {
            "cash": 0,
            "stock": 2,
            "eps": 1.75
        },
        "2002": {
            "cash": 0,
            "stock": 1.2,
            "eps": 1.74
        },
        "2003": {
            "cash": 0.3,
            "stock": 0.7,
            "eps": 1.59
        },
        "2004": {
            "cash": 0.59,
            "stock": 0.4,
            "eps": 1.47
        },
        "2005": {
            "cash": 0.3,
            "stock": 0.8,
            "eps": 0.87
        },
        "2006": {
            "cash": 0.5,
            "stock": 0,
            "eps": 0.72
        },
        "2007": {
            "cash": 0.5,
            "stock": 0,
            "eps": 0.63
        },
        "2008": {
            "cash": 0.1,
            "stock": 0.4,
            "eps": -0.01
        },
        "2009": {
            "cash": 0,
            "stock": 0,
            "eps": 0.1
        },
        "2010": {
            "cash": 0.2,
            "stock": 0,
            "eps": 0.96
        },
        "2011": {
            "cash": 0.8,
            "stock": 0,
            "eps": 0.49
        },
        "2012": {
            "cash": 0,
            "stock": 0,
            "eps": -0.59
        },
        "2013": {
            "cash": 0.1,
            "stock": 0,
            "eps": 0.54
        },
        "2014": {
            "cash": 0.3,
            "stock": 0,
            "eps": 0.43
        },
        "2015": {
            "cash": 0.3,
            "stock": 0,
            "eps": 0.7
        },
        "2016": {
            "cash": 0.5,
            "stock": 0,
            "eps": 0.94
        },
        "2017": {
            "cash": 0.6,
            "stock": 0,
            "eps": 0.84
        },
        "2018": {
            "cash": 0.6,
            "stock": 0,
            "eps": 0.86
        },
        "2019": {
            "cash": 0.3,
            "stock": 0,
            "eps": 0.4
        },
        "2020": {
            "cash": 0,
            "stock": 0,
            "eps": 0.82
        },
        "2021": {
            "cash": 0.4,
            "stock": 0,
            "eps": 1.11
        },
        "2022": {
            "cash": 0.5,
            "stock": 0,
            "eps": 0.59
        },
        "2023": {
            "cash": 0.4,
            "stock": 0,
            "eps": -0.6
        }
    },
    "dividends": {
        "1998-05-22": {
            "cash": 0,
            "stock": 1.3
        },
        "1999-04-27": {
            "cash": 0,
            "stock": 1.3
        },
        "2000-05-03": {
            "cash": 0,
            "stock": 2.5
        },
        "2001-06-08": {
            "cash": 0,
            "stock": 2
        },
        "2002-05-28": {
            "cash": 0,
            "stock": 1.2
        },
        "2003-03-12": {
            "cash": 0.3,
            "stock": 0.7
        },
        "2004-03-12": {
            "cash": 0.59,
            "stock": 0.4
        },
        "2005-03-26": {
            "cash": 0.3,
            "stock": 0.8
        },
        "2006-02-23": {
            "cash": 0.5,
            "stock": 0
        },
        "2007-04-09": {
            "cash": 0.5,
            "stock": 0
        },
        "2008-03-24": {
            "cash": 0.1,
            "stock": 0.4
        },
        "2010-03-23": {
            "cash": 0.2,
            "stock": 0
        },
        "2011-01-01": {
            "cash": 0.3,
            "stock": 0
        },
        "2011-03-17": {
            "cash": 0.5,
            "stock": 0
        },
        "2013-03-27": {
            "cash": 0.1,
            "stock": 0
        },
        "2014-09-19": {
            "cash": 0.3,
            "stock": 0
        },
        "2015-09-18": {
            "cash": 0.3,
            "stock": 0
        },
        "2016-07-29": {
            "cash": 0.5,
            "stock": 0
        },
        "2017-08-25": {
            "cash": 0.6,
            "stock": 0
        },
        "2018-08-23": {
            "cash": 0.6,
            "stock": 0
        },
        "2019-09-20": {
            "cash": 0.3,
            "stock": 0
        },
        "2021-10-28": {
            "cash": 0.4,
            "stock": 0
        },
        "2022-08-26": {
            "cash": 0.5,
            "stock": 0
        },
        "2023-09-27": {
            "cash": 0.4,
            "stock": 0
        }
    },
    "prices": {
        "200101": "13.12",
        "200102": "14.75",
        "200103": "16.15",
        "200104": "15.59",
        "200105": "13.43",
        "200106": "12.78",
        "200107": "10.66",
        "200108": "10.77",
        "200109": "9.13",
        "200110": "9.03",
        "200111": "9.77",
        "200112": "11.16",
        "200201": "12.16",
        "200202": "12.77",
        "200203": "13.32",
        "200204": "15.02",
        "200205": "20.25",
        "200206": "20.67",
        "200207": "17.53",
        "200208": "16.08",
        "200209": "16.32",
        "200210": "16.30",
        "200211": "17.60",
        "200212": "17.35",
        "200301": "18.12",
        "200302": "16.72",
        "200303": "14.20",
        "200304": "13.70",
        "200305": "12.61",
        "200306": "13.53",
        "200307": "13.54",
        "200308": "13.15",
        "200309": "13.12",
        "200310": "13.16",
        "200311": "12.94",
        "200312": "12.94",
        "200401": "13.60",
        "200402": "14.46",
        "200403": "14.02",
        "200404": "13.98",
        "200405": "12.62",
        "200406": "12.47",
        "200407": "12.51",
        "200408": "10.90",
        "200409": "11.29",
        "200410": "11.03",
        "200411": "10.99",
        "200412": "11.91",
        "200501": "11.90",
        "200502": "11.89",
        "200503": "11.66",
        "200504": "10.82",
        "200505": "10.18",
        "200506": "10.06",
        "200507": "9.78",
        "200508": "9.13",
        "200509": "7.80",
        "200510": "7.69",
        "200511": "7.71",
        "200512": "8.02",
        "200601": "8.13",
        "200602": "8.09",
        "200603": "7.97",
        "200604": "8.80",
        "200605": "9.01",
        "200606": "8.14",
        "200607": "8.15",
        "200608": "8.14",
        "200609": "7.96",
        "200610": "8.53",
        "200611": "8.26",
        "200612": "8.85",
        "200701": "9.01",
        "200702": "9.06",
        "200703": "9.07",
        "200704": "9.82",
        "200705": "10.05",
        "200706": "10.05",
        "200707": "11.15",
        "200708": "10.78",
        "200709": "10.19",
        "200710": "10.33",
        "200711": "9.19",
        "200712": "8.64",
        "200801": "8.30",
        "200802": "8.28",
        "200803": "8.75",
        "200804": "9.00",
        "200805": "8.66",
        "200806": "8.01",
        "200807": "6.62",
        "200808": "6.31",
        "200809": "5.25",
        "200810": "4.13",
        "200811": "3.43",
        "200812": "3.44",
        "200901": "3.44",
        "200902": "3.59",
        "200903": "4.16",
        "200904": "4.87",
        "200905": "5.04",
        "200906": "4.95",
        "200907": "5.58",
        "200908": "6.18",
        "200909": "6.03",
        "200910": "6.49",
        "200911": "6.34",
        "200912": "6.60",
        "201001": "7.20",
        "201002": "6.44",
        "201003": "7.53",
        "201004": "8.66",
        "201005": "8.73",
        "201006": "8.45",
        "201007": "8.83",
        "201008": "10.18",
        "201009": "10.82",
        "201010": "12.26",
        "201011": "10.70",
        "201012": "11.13",
        "201101": "11.60",
        "201102": "11.41",
        "201103": "10.61",
        "201104": "10.68",
        "201105": "11.04",
        "201106": "10.57",
        "201107": "11.05",
        "201108": "10.81",
        "201109": "9.93",
        "201110": "8.59",
        "201111": "8.25",
        "201112": "7.51",
        "201201": "7.50",
        "201202": "8.36",
        "201203": "8.51",
        "201204": "7.35",
        "201205": "7.23",
        "201206": "6.91",
        "201207": "7.04",
        "201208": "7.07",
        "201209": "7.20",
        "201210": "6.96",
        "201211": "6.83",
        "201212": "7.01",
        "201301": "7.06",
        "201302": "6.96",
        "201303": "6.91",
        "201304": "6.71",
        "201305": "7.02",
        "201306": "7.30",
        "201307": "8.11",
        "201308": "9.35",
        "201309": "8.45",
        "201310": "9.21",
        "201311": "9.07",
        "201312": "9.40",
        "201401": "9.14",
        "201402": "8.87",
        "201403": "9.04",
        "201404": "9.08",
        "201405": "9.01",
        "201406": "8.94",
        "201407": "9.09",
        "201408": "8.98",
        "201409": "8.89",
        "201410": "8.34",
        "201411": "7.83",
        "201412": "8.05",
        "201501": "8.66",
        "201502": "8.81",
        "201503": "9.03",
        "201504": "9.50",
        "201505": "9.64",
        "201506": "11.72",
        "201507": "9.83",
        "201508": "8.85",
        "201509": "9.71",
        "201510": "10.37",
        "201511": "10.58",
        "201512": "9.40",
        "201601": "9.13",
        "201602": "9.83",
        "201603": "10.58",
        "201604": "10.46",
        "201605": "10.71",
        "201606": "10.39",
        "201607": "10.34",
        "201608": "10.33",
        "201609": "10.31",
        "201610": "11.70",
        "201611": "10.58",
        "201612": "11.05",
        "201701": "11.30",
        "201702": "11.40",
        "201703": "11.44",
        "201704": "11.30",
        "201705": "11.32",
        "201706": "11.51",
        "201707": "11.75",
        "201708": "11.23",
        "201709": "11.47",
        "201710": "11.67",
        "201711": "11.31",
        "201712": "11.20",
        "201801": "11.52",
        "201802": "11.24",
        "201803": "11.58",
        "201804": "11.82",
        "201805": "11.95",
        "201806": "12.18",
        "201807": "12.27",
        "201808": "11.54",
        "201809": "11.14",
        "201810": "10.78",
        "201811": "10.59",
        "201812": "10.58",
        "201901": "10.49",
        "201902": "10.60",
        "201903": "10.70",
        "201904": "10.60",
        "201905": "10.15",
        "201906": "10.03",
        "201907": "9.97",
        "201908": "9.52",
        "201909": "9.01",
        "201910": "8.98",
        "201911": "9.24",
        "201912": "9.59",
        "202001": "9.65",
        "202002": "10.12",
        "202003": "8.77",
        "202004": "9.17",
        "202005": "10.02",
        "202006": "15.08",
        "202007": "14.00",
        "202008": "13.35",
        "202009": "12.44",
        "202010": "12.41",
        "202011": "12.71",
        "202012": "12.82",
        "202101": "12.28",
        "202102": "11.87",
        "202103": "12.57",
        "202104": "14.61",
        "202105": "16.44",
        "202106": "16.40",
        "202107": "15.09",
        "202108": "14.59",
        "202109": "15.42",
        "202110": "15.20",
        "202111": "15.06",
        "202112": "15.18",
        "202201": "15.50",
        "202202": "15.35",
        "202203": "15.18",
        "202204": "14.31",
        "202205": "12.97",
        "202206": "12.66",
        "202207": "11.59",
        "202208": "11.98",
        "202209": "12.35",
        "202210": "11.12",
        "202211": "11.26",
        "202212": "12.09",
        "202301": "12.06",
        "202302": "12.15",
        "202303": "12.26",
        "202304": "12.70",
        "202305": "12.51",
        "202306": "12.84",
        "202307": "12.53",
        "202308": "11.98",
        "202309": "11.54",
        "202310": "11.32",
        "202311": "11.56",
        "202312": "11.94"
    },
    "quarters": {
        "20011": {
            "year_quarter": 20011,
            "year": 2001,
            "quarter": 1,
            "eps": 0.4,
            "eps_growth_year": -44.44,
            "eps_4q": 1.84,
            "eps_4q_growth_year": -39.88,
            "roe": 2.88,
            "roe_4q": 2.88,
            "gross_profit": 84948,
            "gross_margin": 11.91,
            "gross_margin_4q_avg": 11.91,
            "net_income": 24094,
            "net_income_4q": null,
            "revenue": 713431,
            "revenue_4q": null,
            "common_shares": 608862,
            "book_valuer_per_share": 13.95,
            "book_valuer_per_share_4q_avg": 13.95,
            "equity": 849445,
            "current_ratio": 139.45,
            "debt_ratio": 52.53,
            "inventory_turnover_ratio": 2.13,
            "account_receivable_turnover_ratio": null,
            "reinvestment_rate": null,
            "research_to_sale_ratio": null,
            "price_fair": 0,
            "eps_avg_yearly": 0,
            "eps_latest_yearly": 0,
            "eps_growth_yearly": 0
        },
        "20012": {
            "year_quarter": 20012,
            "year": 2001,
            "quarter": 2,
            "eps": 0.55,
            "eps_growth_year": -25.68,
            "eps_4q": 1.79,
            "eps_4q_growth_year": -32.16,
            "roe": 3.86,
            "roe_4q": 6.74,
            "gross_profit": 77859,
            "gross_margin": 11.38,
            "gross_margin_4q_avg": 11.65,
            "net_income": 33342,
            "net_income_4q": null,
            "revenue": 684328,
            "revenue_4q": null,
            "common_shares": 608862,
            "book_valuer_per_share": 14.46,
            "book_valuer_per_share_4q_avg": 14.21,
            "equity": 880115,
            "current_ratio": 168.57,
            "debt_ratio": 48.1,
            "inventory_turnover_ratio": 1.85,
            "account_receivable_turnover_ratio": null,
            "reinvestment_rate": null,
            "research_to_sale_ratio": null,
            "price_fair": 0,
            "eps_avg_yearly": 0,
            "eps_latest_yearly": 0,
            "eps_growth_yearly": 0
        },
        "20013": {
            "year_quarter": 20013,
            "year": 2001,
            "quarter": 3,
            "eps": 0.46,
            "eps_growth_year": 27.78,
            "eps_4q": 1.87,
            "eps_4q_growth_year": -7.43,
            "roe": 3.15,
            "roe_4q": 9.89,
            "gross_profit": 71300,
            "gross_margin": 11.46,
            "gross_margin_4q_avg": 11.58,
            "net_income": 28152,
            "net_income_4q": null,
            "revenue": 622402,
            "revenue_4q": null,
            "common_shares": 608862,
            "book_valuer_per_share": 14.92,
            "book_valuer_per_share_4q_avg": 14.44,
            "equity": 908267,
            "current_ratio": 176.26,
            "debt_ratio": 45.82,
            "inventory_turnover_ratio": 1.54,
            "account_receivable_turnover_ratio": null,
            "reinvestment_rate": null,
            "research_to_sale_ratio": null,
            "price_fair": 0,
            "eps_avg_yearly": 0,
            "eps_latest_yearly": 0,
            "eps_growth_yearly": 0
        },
        "20014": {
            "year_quarter": 20014,
            "year": 2001,
            "quarter": 4,
            "eps": 0.34,
            "eps_growth_year": -29.17,
            "eps_4q": 1.52,
            "eps_4q_growth_year": -24.34,
            "roe": 2.68,
            "roe_4q": 12.57,
            "gross_profit": 73669,
            "gross_margin": 9.39,
            "gross_margin_4q_avg": 11.04,
            "net_income": 24638,
            "net_income_4q": null,
            "revenue": 784790,
            "revenue_4q": null,
            "common_shares": 730635,
            "book_valuer_per_share": 12.77,
            "book_valuer_per_share_4q_avg": 14.03,
            "equity": 932905,
            "current_ratio": 170.25,
            "debt_ratio": 47.59,
            "inventory_turnover_ratio": 1.83,
            "account_receivable_turnover_ratio": null,
            "reinvestment_rate": null,
            "research_to_sale_ratio": null,
            "price_fair": 0,
            "eps_avg_yearly": 0,
            "eps_latest_yearly": 0,
            "eps_growth_yearly": 0
        },
        "20021": {
            "year_quarter": 20021,
            "year": 2002,
            "quarter": 1,
            "eps": 0.48,
            "eps_growth_year": 20,
            "eps_4q": 1.65,
            "eps_4q_growth_year": -10.63,
            "roe": 3.72,
            "roe_4q": 13.41,
            "gross_profit": 93072,
            "gross_margin": 11.38,
            "gross_margin_4q_avg": 10.9,
            "net_income": 35381,
            "net_income_4q": null,
            "revenue": 817772,
            "revenue_4q": null,
            "common_shares": 730635,
            "book_valuer_per_share": 13.25,
            "book_valuer_per_share_4q_avg": 13.85,
            "equity": 968286,
            "current_ratio": 167.46,
            "debt_ratio": 48.9,
            "inventory_turnover_ratio": 1.68,
            "account_receivable_turnover_ratio": null,
            "reinvestment_rate": null,
            "research_to_sale_ratio": null,
            "price_fair": 67.2,
            "eps_avg_yearly": 1.92,
            "eps_latest_yearly": 1.92,
            "eps_growth_yearly": 164.71
        },
        "20022": {
            "year_quarter": 20022,
            "year": 2002,
            "quarter": 2,
            "eps": 0.53,
            "eps_growth_year": -3.64,
            "eps_4q": 1.73,
            "eps_4q_growth_year": -3.3,
            "roe": 3.95,
            "roe_4q": 13.5,
            "gross_profit": 95045,
            "gross_margin": 10.45,
            "gross_margin_4q_avg": 10.67,
            "net_income": 38946,
            "net_income_4q": null,
            "revenue": 909657,
            "revenue_4q": null,
            "common_shares": 730635,
            "book_valuer_per_share": 13.72,
            "book_valuer_per_share_4q_avg": 13.67,
            "equity": 1002272,
            "current_ratio": 172.45,
            "debt_ratio": 47.54,
            "inventory_turnover_ratio": 1.8,
            "account_receivable_turnover_ratio": null,
            "reinvestment_rate": null,
            "research_to_sale_ratio": null,
            "price_fair": 70.7,
            "eps_avg_yearly": 2.02,
            "eps_latest_yearly": 2.12,
            "eps_growth_yearly": 103.19
        },
        "20023": {
            "year_quarter": 20023,
            "year": 2002,
            "quarter": 3,
            "eps": 0.32,
            "eps_growth_year": -30.43,
            "eps_4q": 1.52,
            "eps_4q_growth_year": -18.75,
            "roe": 2.59,
            "roe_4q": 12.94,
            "gross_profit": 69867,
            "gross_margin": 9.86,
            "gross_margin_4q_avg": 10.27,
            "net_income": 26343,
            "net_income_4q": null,
            "revenue": 708676,
            "revenue_4q": null,
            "common_shares": 818311,
            "book_valuer_per_share": 12.57,
            "book_valuer_per_share_4q_avg": 13.08,
            "equity": 1028615,
            "current_ratio": 176.87,
            "debt_ratio": 47.66,
            "inventory_turnover_ratio": 1.31,
            "account_receivable_turnover_ratio": null,
            "reinvestment_rate": null,
            "research_to_sale_ratio": null,
            "price_fair": 46.04,
            "eps_avg_yearly": 1.77,
            "eps_latest_yearly": 1.28,
            "eps_growth_yearly": 15.96
        },
        "20024": {
            "year_quarter": 20024,
            "year": 2002,
            "quarter": 4,
            "eps": 0.41,
            "eps_growth_year": 20.59,
            "eps_4q": 1.64,
            "eps_4q_growth_year": 8.13,
            "roe": 3.2,
            "roe_4q": 13.46,
            "gross_profit": 87834,
            "gross_margin": 10.22,
            "gross_margin_4q_avg": 10.48,
            "net_income": 33428,
            "net_income_4q": null,
            "revenue": 859154,
            "revenue_4q": null,
            "common_shares": 818311,
            "book_valuer_per_share": 12.98,
            "book_valuer_per_share_4q_avg": 13.13,
            "equity": 1062043,
            "current_ratio": 170.64,
            "debt_ratio": 48.08,
            "inventory_turnover_ratio": 1.6,
            "account_receivable_turnover_ratio": null,
            "reinvestment_rate": 18.74,
            "research_to_sale_ratio": null,
            "price_fair": 60.9,
            "eps_avg_yearly": 1.74,
            "eps_latest_yearly": 1.64,
            "eps_growth_yearly": 40.1
        },
        "20031": {
            "year_quarter": 20031,
            "year": 2003,
            "quarter": 1,
            "eps": 0.4,
            "eps_growth_year": -16.67,
            "eps_4q": 1.62,
            "eps_4q_growth_year": -1.82,
            "roe": 3.01,
            "roe_4q": 12.75,
            "gross_profit": 87588,
            "gross_margin": 11.79,
            "gross_margin_4q_avg": 10.58,
            "net_income": 32405,
            "net_income_4q": null,
            "revenue": 742838,
            "revenue_4q": null,
            "common_shares": 818311,
            "book_valuer_per_share": 13.37,
            "book_valuer_per_share_4q_avg": 13.16,
            "equity": 1094448,
            "current_ratio": 165.44,
            "debt_ratio": 50.02,
            "inventory_turnover_ratio": 1.3,
            "account_receivable_turnover_ratio": null,
            "reinvestment_rate": 11.7,
            "research_to_sale_ratio": null,
            "price_fair": 59.92,
            "eps_avg_yearly": 1.71,
            "eps_latest_yearly": 1.6,
            "eps_growth_yearly": 30.13
        },
        "20032": {
            "year_quarter": 20032,
            "year": 2003,
            "quarter": 2,
            "eps": 0.35,
            "eps_growth_year": -33.96,
            "eps_4q": 1.49,
            "eps_4q_growth_year": -14.1,
            "roe": 2.6,
            "roe_4q": 11.399999999999999,
            "gross_profit": 83698,
            "gross_margin": 9.51,
            "gross_margin_4q_avg": 10.35,
            "net_income": 28398,
            "net_income_4q": null,
            "revenue": 879932,
            "revenue_4q": null,
            "common_shares": 818311,
            "book_valuer_per_share": 13.29,
            "book_valuer_per_share_4q_avg": 13.05,
            "equity": 1087762,
            "current_ratio": 167.58,
            "debt_ratio": 50.59,
            "inventory_turnover_ratio": 1.46,
            "account_receivable_turnover_ratio": null,
            "reinvestment_rate": 24.19,
            "research_to_sale_ratio": null,
            "price_fair": 44.44,
            "eps_avg_yearly": 1.66,
            "eps_latest_yearly": 1.4,
            "eps_growth_yearly": 16.77
        },
        "20033": {
            "year_quarter": 20033,
            "year": 2003,
            "quarter": 3,
            "eps": 0.36,
            "eps_growth_year": 12.5,
            "eps_4q": 1.4,
            "eps_4q_growth_year": -8.27,
            "roe": 2.78,
            "roe_4q": 11.59,
            "gross_profit": 88822,
            "gross_margin": 11.53,
            "gross_margin_4q_avg": 10.76,
            "net_income": 32737,
            "net_income_4q": null,
            "revenue": 770663,
            "revenue_4q": null,
            "common_shares": 968311,
            "book_valuer_per_share": 13.12,
            "book_valuer_per_share_4q_avg": 13.19,
            "equity": 1270499,
            "current_ratio": 261.63,
            "debt_ratio": 47.94,
            "inventory_turnover_ratio": 1.29,
            "account_receivable_turnover_ratio": null,
            "reinvestment_rate": 16.45,
            "research_to_sale_ratio": null,
            "price_fair": 42.36,
            "eps_avg_yearly": 1.63,
            "eps_latest_yearly": 1.44,
            "eps_growth_yearly": 16.01
        },
        "20034": {
            "year_quarter": 20034,
            "year": 2003,
            "quarter": 4,
            "eps": 0.48,
            "eps_growth_year": 17.07,
            "eps_4q": 1.47,
            "eps_4q_growth_year": -10.38,
            "roe": 3.47,
            "roe_4q": 11.86,
            "gross_profit": 98103,
            "gross_margin": 11.3,
            "gross_margin_4q_avg": 11.03,
            "net_income": 45172,
            "net_income_4q": null,
            "revenue": 868141,
            "revenue_4q": null,
            "common_shares": 1051629,
            "book_valuer_per_share": 12.69,
            "book_valuer_per_share_4q_avg": 13.12,
            "equity": 1334752,
            "current_ratio": 248.18,
            "debt_ratio": 47.66,
            "inventory_turnover_ratio": 1.46,
            "account_receivable_turnover_ratio": null,
            "reinvestment_rate": 15.86,
            "research_to_sale_ratio": null,
            "price_fair": 58.28,
            "eps_avg_yearly": 1.67,
            "eps_latest_yearly": 1.92,
            "eps_growth_yearly": 30.67
        },
        "20041": {
            "year_quarter": 20041,
            "year": 2004,
            "quarter": 1,
            "eps": 0.36,
            "eps_growth_year": -10,
            "eps_4q": 1.36,
            "eps_4q_growth_year": -16.02,
            "roe": 2.81,
            "roe_4q": 11.66,
            "gross_profit": 110363,
            "gross_margin": 12.2,
            "gross_margin_4q_avg": 11.14,
            "net_income": 38298,
            "net_income_4q": null,
            "revenue": 904938,
            "revenue_4q": null,
            "common_shares": 1067662,
            "book_valuer_per_share": 13.05,
            "book_valuer_per_share_4q_avg": 13.04,
            "equity": 1392892,
            "current_ratio": 238.7,
            "debt_ratio": 47.96,
            "inventory_turnover_ratio": 1.43,
            "account_receivable_turnover_ratio": null,
            "reinvestment_rate": 16.01,
            "research_to_sale_ratio": null,
            "price_fair": 42.89,
            "eps_avg_yearly": 1.64,
            "eps_latest_yearly": 1.44,
            "eps_growth_yearly": 16.15
        },
        "20042": {
            "year_quarter": 20042,
            "year": 2004,
            "quarter": 2,
            "eps": 0.33,
            "eps_growth_year": -5.71,
            "eps_4q": 1.37,
            "eps_4q_growth_year": -7.52,
            "roe": 2.67,
            "roe_4q": 11.73,
            "gross_profit": 84852,
            "gross_margin": 9.85,
            "gross_margin_4q_avg": 11.22,
            "net_income": 36719,
            "net_income_4q": null,
            "revenue": 861233,
            "revenue_4q": null,
            "common_shares": 1069563,
            "book_valuer_per_share": 12.74,
            "book_valuer_per_share_4q_avg": 12.9,
            "equity": 1362189,
            "current_ratio": 217.75,
            "debt_ratio": 47.96,
            "inventory_turnover_ratio": 1.31,
            "account_receivable_turnover_ratio": null,
            "reinvestment_rate": 48.2,
            "research_to_sale_ratio": null,
            "price_fair": 34.1,
            "eps_avg_yearly": 1.61,
            "eps_latest_yearly": 1.32,
            "eps_growth_yearly": 11.21
        },
        "20043": {
            "year_quarter": 20043,
            "year": 2004,
            "quarter": 3,
            "eps": 0.35,
            "eps_growth_year": -2.78,
            "eps_4q": 1.45,
            "eps_4q_growth_year": 3.69,
            "roe": 2.77,
            "roe_4q": 11.72,
            "gross_profit": 84521,
            "gross_margin": 10.45,
            "gross_margin_4q_avg": 10.95,
            "net_income": 38319,
            "net_income_4q": null,
            "revenue": 809015,
            "revenue_4q": null,
            "common_shares": 1112432,
            "book_valuer_per_share": 12.6,
            "book_valuer_per_share_4q_avg": 12.77,
            "equity": 1401131,
            "current_ratio": 195.4,
            "debt_ratio": 47.8,
            "inventory_turnover_ratio": 1.07,
            "account_receivable_turnover_ratio": null,
            "reinvestment_rate": 44.47,
            "research_to_sale_ratio": null,
            "price_fair": 35.58,
            "eps_avg_yearly": 1.59,
            "eps_latest_yearly": 1.4,
            "eps_growth_yearly": 12.39
        },
        "20044": {
            "year_quarter": 20044,
            "year": 2004,
            "quarter": 4,
            "eps": 0.43,
            "eps_growth_year": -10.42,
            "eps_4q": 1.45,
            "eps_4q_growth_year": -1.9,
            "roe": 3.36,
            "roe_4q": 11.610000000000001,
            "gross_profit": 120419,
            "gross_margin": 12.91,
            "gross_margin_4q_avg": 11.35,
            "net_income": 47966,
            "net_income_4q": null,
            "revenue": 932443,
            "revenue_4q": null,
            "common_shares": 1119909,
            "book_valuer_per_share": 13,
            "book_valuer_per_share_4q_avg": 12.85,
            "equity": 1455893,
            "current_ratio": 215.99,
            "debt_ratio": 45.7,
            "inventory_turnover_ratio": 1.14,
            "account_receivable_turnover_ratio": null,
            "reinvestment_rate": 37.38,
            "research_to_sale_ratio": null,
            "price_fair": 46.36,
            "eps_avg_yearly": 1.6,
            "eps_latest_yearly": 1.72,
            "eps_growth_yearly": 18.98
        },
        "20051": {
            "year_quarter": 20051,
            "year": 2005,
            "quarter": 1,
            "eps": 0.12,
            "eps_growth_year": -66.67,
            "eps_4q": 1.2,
            "eps_4q_growth_year": -11.51,
            "roe": 0.93,
            "roe_4q": 9.73,
            "gross_profit": 71882,
            "gross_margin": 9.49,
            "gross_margin_4q_avg": 10.68,
            "net_income": 13631,
            "net_income_4q": null,
            "revenue": 757630,
            "revenue_4q": null,
            "common_shares": 1124504,
            "book_valuer_per_share": 13.12,
            "book_valuer_per_share_4q_avg": 12.87,
            "equity": 1474899,
            "current_ratio": 212.52,
            "debt_ratio": 46.75,
            "inventory_turnover_ratio": 0.88,
            "account_receivable_turnover_ratio": null,
            "reinvestment_rate": 36.51,
            "research_to_sale_ratio": null,
            "price_fair": 4.54,
            "eps_avg_yearly": 1.51,
            "eps_latest_yearly": 0.48,
            "eps_growth_yearly": -4.67
        },
        "20052": {
            "year_quarter": 20052,
            "year": 2005,
            "quarter": 2,
            "eps": 0.19,
            "eps_growth_year": -42.42,
            "eps_4q": 1.1,
            "eps_4q_growth_year": -19.82,
            "roe": 1.42,
            "roe_4q": 8.48,
            "gross_profit": 53154,
            "gross_margin": 6.41,
            "gross_margin_4q_avg": 9.82,
            "net_income": 20817,
            "net_income_4q": null,
            "revenue": 829483,
            "revenue_4q": null,
            "common_shares": 1124504,
            "book_valuer_per_share": 12.91,
            "book_valuer_per_share_4q_avg": 12.91,
            "equity": 1451580,
            "current_ratio": 227.19,
            "debt_ratio": 44.97,
            "inventory_turnover_ratio": 0.96,
            "account_receivable_turnover_ratio": null,
            "reinvestment_rate": 34.21,
            "research_to_sale_ratio": null,
            "price_fair": 32.61,
            "eps_avg_yearly": 1.46,
            "eps_latest_yearly": 0.76,
            "eps_growth_yearly": 12.33
        },
        "20053": {
            "year_quarter": 20053,
            "year": 2005,
            "quarter": 3,
            "eps": 0.31,
            "eps_growth_year": -11.43,
            "eps_4q": 0.99,
            "eps_4q_growth_year": -31.86,
            "roe": 2.56,
            "roe_4q": 8.27,
            "gross_profit": 58525,
            "gross_margin": 7.78,
            "gross_margin_4q_avg": 9.15,
            "net_income": 37768,
            "net_income_4q": null,
            "revenue": 752441,
            "revenue_4q": null,
            "common_shares": 1214443,
            "book_valuer_per_share": 12.3,
            "book_valuer_per_share_4q_avg": 12.83,
            "equity": 1493665,
            "current_ratio": 227.18,
            "debt_ratio": 44.29,
            "inventory_turnover_ratio": 0.93,
            "account_receivable_turnover_ratio": null,
            "reinvestment_rate": 31.04,
            "research_to_sale_ratio": null,
            "price_fair": 50.59,
            "eps_avg_yearly": 1.45,
            "eps_latest_yearly": 1.24,
            "eps_growth_yearly": 28.35
        },
        "20054": {
            "year_quarter": 20054,
            "year": 2005,
            "quarter": 4,
            "eps": 0.25,
            "eps_growth_year": -41.86,
            "eps_4q": 0.84,
            "eps_4q_growth_year": -42.11,
            "roe": 2.04,
            "roe_4q": 6.949999999999999,
            "gross_profit": 89718,
            "gross_margin": 10.05,
            "gross_margin_4q_avg": 8.43,
            "net_income": 30749,
            "net_income_4q": null,
            "revenue": 892417,
            "revenue_4q": null,
            "common_shares": 1214443,
            "book_valuer_per_share": 12.53,
            "book_valuer_per_share_4q_avg": 12.72,
            "equity": 1522203,
            "current_ratio": 168.54,
            "debt_ratio": 47.08,
            "inventory_turnover_ratio": 1.01,
            "account_receivable_turnover_ratio": null,
            "reinvestment_rate": 37.74,
            "research_to_sale_ratio": null,
            "price_fair": 45,
            "eps_avg_yearly": 1.42,
            "eps_latest_yearly": 1,
            "eps_growth_yearly": 21.74
        },
        "20061": {
            "year_quarter": 20061,
            "year": 2006,
            "quarter": 1,
            "eps": 0.23,
            "eps_growth_year": 91.67,
            "eps_4q": 0.97,
            "eps_4q_growth_year": -19.39,
            "roe": 1.81,
            "roe_4q": 7.83,
            "gross_profit": 76716,
            "gross_margin": 8.45,
            "gross_margin_4q_avg": 8.17,
            "net_income": 27778,
            "net_income_4q": null,
            "revenue": 908175,
            "revenue_4q": null,
            "common_shares": 1214443,
            "book_valuer_per_share": 12.75,
            "book_valuer_per_share_4q_avg": 12.62,
            "equity": 1548439,
            "current_ratio": 163.33,
            "debt_ratio": 46.58,
            "inventory_turnover_ratio": 1.04,
            "account_receivable_turnover_ratio": null,
            "reinvestment_rate": 40.4,
            "research_to_sale_ratio": null,
            "price_fair": 26.35,
            "eps_avg_yearly": 1.36,
            "eps_latest_yearly": 0.92,
            "eps_growth_yearly": 9.45
        },
        "20062": {
            "year_quarter": 20062,
            "year": 2006,
            "quarter": 2,
            "eps": 0.15,
            "eps_growth_year": -21.05,
            "eps_4q": 0.97,
            "eps_4q_growth_year": -12.18,
            "roe": 1.12,
            "roe_4q": 7.530000000000001,
            "gross_profit": 79678,
            "gross_margin": 8.55,
            "gross_margin_4q_avg": 8.71,
            "net_income": 17663,
            "net_income_4q": null,
            "revenue": 931991,
            "revenue_4q": null,
            "common_shares": 1323908,
            "book_valuer_per_share": 12.08,
            "book_valuer_per_share_4q_avg": 12.42,
            "equity": 1598842,
            "current_ratio": 170.25,
            "debt_ratio": 43.63,
            "inventory_turnover_ratio": 1.12,
            "account_receivable_turnover_ratio": null,
            "reinvestment_rate": 41.01,
            "research_to_sale_ratio": null,
            "price_fair": 3.78,
            "eps_avg_yearly": 1.26,
            "eps_latest_yearly": 0.6,
            "eps_growth_yearly": -1.85
        },
        "20063": {
            "year_quarter": 20063,
            "year": 2006,
            "quarter": 3,
            "eps": 0.22,
            "eps_growth_year": -29.03,
            "eps_4q": 0.82,
            "eps_4q_growth_year": -17.07,
            "roe": 1.73,
            "roe_4q": 6.7,
            "gross_profit": 74118,
            "gross_margin": 9.24,
            "gross_margin_4q_avg": 9.07,
            "net_income": 28026,
            "net_income_4q": null,
            "revenue": 801727,
            "revenue_4q": null,
            "common_shares": 1325715,
            "book_valuer_per_share": 12.32,
            "book_valuer_per_share_4q_avg": 12.42,
            "equity": 1632696,
            "current_ratio": 180.44,
            "debt_ratio": 40.14,
            "inventory_turnover_ratio": 0.96,
            "account_receivable_turnover_ratio": null,
            "reinvestment_rate": 38.81,
            "research_to_sale_ratio": null,
            "price_fair": 36.71,
            "eps_avg_yearly": 1.24,
            "eps_latest_yearly": 0.88,
            "eps_growth_yearly": 19.72
        },
        "20064": {
            "year_quarter": 20064,
            "year": 2006,
            "quarter": 4,
            "eps": 0.12,
            "eps_growth_year": -52,
            "eps_4q": 0.7,
            "eps_4q_growth_year": -15.99,
            "roe": 0.92,
            "roe_4q": 5.58,
            "gross_profit": 72340,
            "gross_margin": 8.37,
            "gross_margin_4q_avg": 8.65,
            "net_income": 15114,
            "net_income_4q": null,
            "revenue": 864641,
            "revenue_4q": null,
            "common_shares": 1325715,
            "book_valuer_per_share": 12.45,
            "book_valuer_per_share_4q_avg": 12.4,
            "equity": 1650611,
            "current_ratio": 189.56,
            "debt_ratio": 42.81,
            "inventory_turnover_ratio": 1.01,
            "account_receivable_turnover_ratio": null,
            "reinvestment_rate": 64.08,
            "research_to_sale_ratio": null,
            "price_fair": 13.17,
            "eps_avg_yearly": 1.16,
            "eps_latest_yearly": 0.48,
            "eps_growth_yearly": 1.33
        },
        "20071": {
            "year_quarter": 20071,
            "year": 2007,
            "quarter": 1,
            "eps": 0.22,
            "eps_growth_year": -4.35,
            "eps_4q": 0.68,
            "eps_4q_growth_year": -29.65,
            "roe": 1.73,
            "roe_4q": 5.5,
            "gross_profit": 75949,
            "gross_margin": 8.62,
            "gross_margin_4q_avg": 8.7,
            "net_income": 28942,
            "net_income_4q": null,
            "revenue": 881183,
            "revenue_4q": null,
            "common_shares": 1325715,
            "book_valuer_per_share": 12.72,
            "book_valuer_per_share_4q_avg": 12.39,
            "equity": 1685863,
            "current_ratio": 183.65,
            "debt_ratio": 44.12,
            "inventory_turnover_ratio": 0.97,
            "account_receivable_turnover_ratio": null,
            "reinvestment_rate": 37.74,
            "research_to_sale_ratio": null,
            "price_fair": 36.62,
            "eps_avg_yearly": 1.12,
            "eps_latest_yearly": 0.88,
            "eps_growth_yearly": 22.77
        },
        "20072": {
            "year_quarter": 20072,
            "year": 2007,
            "quarter": 2,
            "eps": 0.18,
            "eps_growth_year": 20,
            "eps_4q": 0.73,
            "eps_4q_growth_year": -24.92,
            "roe": 1.43,
            "roe_4q": 5.8100000000000005,
            "gross_profit": 67407,
            "gross_margin": 7.2,
            "gross_margin_4q_avg": 8.36,
            "net_income": 23737,
            "net_income_4q": null,
            "revenue": 935726,
            "revenue_4q": null,
            "common_shares": 1325715,
            "book_valuer_per_share": 12.34,
            "book_valuer_per_share_4q_avg": 12.46,
            "equity": 1636218,
            "current_ratio": 161.09,
            "debt_ratio": 48.89,
            "inventory_turnover_ratio": 1.01,
            "account_receivable_turnover_ratio": null,
            "reinvestment_rate": 22.69,
            "research_to_sale_ratio": null,
            "price_fair": 33.7,
            "eps_avg_yearly": 1.08,
            "eps_latest_yearly": 0.72,
            "eps_growth_yearly": 21.35
        },
        "20073": {
            "year_quarter": 20073,
            "year": 2007,
            "quarter": 3,
            "eps": 0.08,
            "eps_growth_year": -63.64,
            "eps_4q": 0.59,
            "eps_4q_growth_year": -27.8,
            "roe": 0.65,
            "roe_4q": 4.73,
            "gross_profit": 55808,
            "gross_margin": 5.74,
            "gross_margin_4q_avg": 7.48,
            "net_income": 10621,
            "net_income_4q": null,
            "revenue": 972850,
            "revenue_4q": null,
            "common_shares": 1325715,
            "book_valuer_per_share": 12.44,
            "book_valuer_per_share_4q_avg": 12.49,
            "equity": 1649383,
            "current_ratio": 160.7,
            "debt_ratio": 48.73,
            "inventory_turnover_ratio": 1.02,
            "account_receivable_turnover_ratio": null,
            "reinvestment_rate": 23.09,
            "research_to_sale_ratio": null,
            "price_fair": 16.83,
            "eps_avg_yearly": 1.01,
            "eps_latest_yearly": 0.32,
            "eps_growth_yearly": 6.75
        },
        "20074": {
            "year_quarter": 20074,
            "year": 2007,
            "quarter": 4,
            "eps": 0.15,
            "eps_growth_year": 25,
            "eps_4q": 0.62,
            "eps_4q_growth_year": -11.5,
            "roe": 1.21,
            "roe_4q": 5.02,
            "gross_profit": 60421,
            "gross_margin": 6.14,
            "gross_margin_4q_avg": 6.93,
            "net_income": 20100,
            "net_income_4q": null,
            "revenue": 984546,
            "revenue_4q": null,
            "common_shares": 1325715,
            "book_valuer_per_share": 12.65,
            "book_valuer_per_share_4q_avg": 12.54,
            "equity": 1676667,
            "current_ratio": 167.78,
            "debt_ratio": 52.57,
            "inventory_turnover_ratio": 0.94,
            "account_receivable_turnover_ratio": null,
            "reinvestment_rate": 97.19,
            "research_to_sale_ratio": null,
            "price_fair": 27.94,
            "eps_avg_yearly": 0.92,
            "eps_latest_yearly": 0.6,
            "eps_growth_yearly": 20.29
        },
        "20081": {
            "year_quarter": 20081,
            "year": 2008,
            "quarter": 1,
            "eps": -0.1,
            "eps_growth_year": -145.45,
            "eps_4q": 0.32,
            "eps_4q_growth_year": -53.13,
            "roe": -0.77,
            "roe_4q": 2.5199999999999996,
            "gross_profit": 57466,
            "gross_margin": 6.54,
            "gross_margin_4q_avg": 6.41,
            "net_income": -12886,
            "net_income_4q": null,
            "revenue": 878817,
            "revenue_4q": null,
            "common_shares": 1325715,
            "book_valuer_per_share": 12.46,
            "book_valuer_per_share_4q_avg": 12.47,
            "equity": 1651406,
            "current_ratio": 159.53,
            "debt_ratio": 51.55,
            "inventory_turnover_ratio": 0.78,
            "account_receivable_turnover_ratio": null,
            "reinvestment_rate": 103.39,
            "research_to_sale_ratio": null,
            "price_fair": 31.08,
            "eps_avg_yearly": 0.89,
            "eps_latest_yearly": 0.6,
            "eps_growth_yearly": 28.31
        },
        "20082": {
            "year_quarter": 20082,
            "year": 2008,
            "quarter": 2,
            "eps": 0.05,
            "eps_growth_year": -72.22,
            "eps_4q": 0.19,
            "eps_4q_growth_year": -73.64,
            "roe": 0.37,
            "roe_4q": 1.46,
            "gross_profit": 63860,
            "gross_margin": 6.79,
            "gross_margin_4q_avg": 6.3,
            "net_income": 6170,
            "net_income_4q": null,
            "revenue": 940076,
            "revenue_4q": null,
            "common_shares": 1325715,
            "book_valuer_per_share": 12.84,
            "book_valuer_per_share_4q_avg": 12.6,
            "equity": 1702437,
            "current_ratio": 159.44,
            "debt_ratio": 49.4,
            "inventory_turnover_ratio": 0.87,
            "account_receivable_turnover_ratio": null,
            "reinvestment_rate": 76.53,
            "research_to_sale_ratio": null,
            "price_fair": 30,
            "eps_avg_yearly": 0.86,
            "eps_latest_yearly": 0.6,
            "eps_growth_yearly": 32.71
        },
        "20083": {
            "year_quarter": 20083,
            "year": 2008,
            "quarter": 3,
            "eps": 0.03,
            "eps_growth_year": -62.5,
            "eps_4q": 0.12,
            "eps_4q_growth_year": -79.11,
            "roe": 0.24,
            "roe_4q": 1.0499999999999998,
            "gross_profit": 46556,
            "gross_margin": 6.03,
            "gross_margin_4q_avg": 6.38,
            "net_income": 4088,
            "net_income_4q": null,
            "revenue": 772006,
            "revenue_4q": null,
            "common_shares": 1378744,
            "book_valuer_per_share": 12.6,
            "book_valuer_per_share_4q_avg": 12.64,
            "equity": 1737269,
            "current_ratio": 160.82,
            "debt_ratio": 47.14,
            "inventory_turnover_ratio": 0.79,
            "account_receivable_turnover_ratio": null,
            "reinvestment_rate": 88.27,
            "research_to_sale_ratio": null,
            "price_fair": 22.63,
            "eps_avg_yearly": 0.77,
            "eps_latest_yearly": 0.12,
            "eps_growth_yearly": 19.55
        },
        "20084": {
            "year_quarter": 20084,
            "year": 2008,
            "quarter": 4,
            "eps": 0.01,
            "eps_growth_year": -93.33,
            "eps_4q": -0.02,
            "eps_4q_growth_year": -103.34,
            "roe": 0.11,
            "roe_4q": -0.050000000000000044,
            "gross_profit": 34397,
            "gross_margin": 4.72,
            "gross_margin_4q_avg": 6.02,
            "net_income": 1983,
            "net_income_4q": null,
            "revenue": 728346,
            "revenue_4q": null,
            "common_shares": 1378744,
            "book_valuer_per_share": 12.7,
            "book_valuer_per_share_4q_avg": 12.65,
            "equity": 1751693,
            "current_ratio": 182.57,
            "debt_ratio": 43.05,
            "inventory_turnover_ratio": 0.89,
            "account_receivable_turnover_ratio": 2.79,
            "reinvestment_rate": 124.67,
            "research_to_sale_ratio": null,
            "price_fair": 1.94,
            "eps_avg_yearly": 0.65,
            "eps_latest_yearly": 0.04,
            "eps_growth_yearly": -6.03
        },
        "20091": {
            "year_quarter": 20091,
            "year": 2009,
            "quarter": 1,
            "eps": 0.07,
            "eps_growth_year": null,
            "eps_4q": 0.15,
            "eps_4q_growth_year": -51.7,
            "roe": 0.56,
            "roe_4q": 1.28,
            "gross_profit": 52732,
            "gross_margin": 8.72,
            "gross_margin_4q_avg": 6.57,
            "net_income": 9891,
            "net_income_4q": null,
            "revenue": 604880,
            "revenue_4q": null,
            "common_shares": 1378744,
            "book_valuer_per_share": 12.89,
            "book_valuer_per_share_4q_avg": 12.76,
            "equity": 1778123,
            "current_ratio": 161.11,
            "debt_ratio": 46.03,
            "inventory_turnover_ratio": 0.76,
            "account_receivable_turnover_ratio": 1.18,
            "reinvestment_rate": 143.54,
            "research_to_sale_ratio": null,
            "price_fair": 22.1,
            "eps_avg_yearly": 0.63,
            "eps_latest_yearly": 0.28,
            "eps_growth_yearly": 186
        },
        "20092": {
            "year_quarter": 20092,
            "year": 2009,
            "quarter": 2,
            "eps": 0,
            "eps_growth_year": -100,
            "eps_4q": 0.11,
            "eps_4q_growth_year": -41.31,
            "roe": -0,
            "roe_4q": 0.91,
            "gross_profit": 70814,
            "gross_margin": 11.07,
            "gross_margin_4q_avg": 7.64,
            "net_income": -86,
            "net_income_4q": null,
            "revenue": 639913,
            "revenue_4q": null,
            "common_shares": 1378744,
            "book_valuer_per_share": 12.77,
            "book_valuer_per_share_4q_avg": 12.74,
            "equity": 1760981,
            "current_ratio": 174.69,
            "debt_ratio": 44.13,
            "inventory_turnover_ratio": 0.73,
            "account_receivable_turnover_ratio": 1.31,
            "reinvestment_rate": 154.48,
            "research_to_sale_ratio": null,
            "price_fair": 21.75,
            "eps_avg_yearly": 0.62,
            "eps_latest_yearly": 0.28,
            "eps_growth_yearly": 182.36
        },
        "20093": {
            "year_quarter": 20093,
            "year": 2009,
            "quarter": 3,
            "eps": 0.05,
            "eps_growth_year": 66.67,
            "eps_4q": 0.13,
            "eps_4q_growth_year": 8.42,
            "roe": 0.4,
            "roe_4q": 1.07,
            "gross_profit": 77821,
            "gross_margin": 11.95,
            "gross_margin_4q_avg": 9.12,
            "net_income": 6999,
            "net_income_4q": null,
            "revenue": 651267,
            "revenue_4q": null,
            "common_shares": 1378744,
            "book_valuer_per_share": 12.75,
            "book_valuer_per_share_4q_avg": 12.78,
            "equity": 1758514,
            "current_ratio": 168.77,
            "debt_ratio": 43.14,
            "inventory_turnover_ratio": 0.73,
            "account_receivable_turnover_ratio": 1.41,
            "reinvestment_rate": 167.99,
            "research_to_sale_ratio": null,
            "price_fair": 19.95,
            "eps_avg_yearly": 0.57,
            "eps_latest_yearly": 0.28,
            "eps_growth_yearly": 176.5
        },
        "20094": {
            "year_quarter": 20094,
            "year": 2009,
            "quarter": 4,
            "eps": -0.02,
            "eps_growth_year": -300,
            "eps_4q": 0.1,
            "eps_4q_growth_year": null,
            "roe": -0.16,
            "roe_4q": 0.8,
            "gross_profit": 80448,
            "gross_margin": 9.7,
            "gross_margin_4q_avg": 10.36,
            "net_income": -2793,
            "net_income_4q": null,
            "revenue": 829334,
            "revenue_4q": null,
            "common_shares": 1378744,
            "book_valuer_per_share": 12.72,
            "book_valuer_per_share_4q_avg": 12.78,
            "equity": 1754882,
            "current_ratio": 161.76,
            "debt_ratio": 44.42,
            "inventory_turnover_ratio": 0.97,
            "account_receivable_turnover_ratio": 2.86,
            "reinvestment_rate": 224.75,
            "research_to_sale_ratio": null,
            "price_fair": 18.58,
            "eps_avg_yearly": 0.53,
            "eps_latest_yearly": 0.28,
            "eps_growth_yearly": 199.59
        },
        "20101": {
            "year_quarter": 20101,
            "year": 2010,
            "quarter": 1,
            "eps": 0.18,
            "eps_growth_year": 157.14,
            "eps_4q": 0.21,
            "eps_4q_growth_year": 38.73,
            "roe": 1.44,
            "roe_4q": 1.6800000000000002,
            "gross_profit": 93560,
            "gross_margin": 11.36,
            "gross_margin_4q_avg": 11.02,
            "net_income": 25441,
            "net_income_4q": null,
            "revenue": 823745,
            "revenue_4q": null,
            "common_shares": 1378744,
            "book_valuer_per_share": 12.89,
            "book_valuer_per_share_4q_avg": 12.78,
            "equity": 1778254,
            "current_ratio": 156.12,
            "debt_ratio": 46.25,
            "inventory_turnover_ratio": 0.94,
            "account_receivable_turnover_ratio": 1.36,
            "reinvestment_rate": 237.12,
            "research_to_sale_ratio": 0.16,
            "price_fair": 17.22,
            "eps_avg_yearly": 0.49,
            "eps_latest_yearly": 0.28,
            "eps_growth_yearly": 222.74
        },
        "20102": {
            "year_quarter": 20102,
            "year": 2010,
            "quarter": 2,
            "eps": 0.33,
            "eps_growth_year": null,
            "eps_4q": 0.54,
            "eps_4q_growth_year": 382.76,
            "roe": 2.52,
            "roe_4q": 4.2,
            "gross_profit": 109143,
            "gross_margin": 10.03,
            "gross_margin_4q_avg": 10.76,
            "net_income": 45111,
            "net_income_4q": null,
            "revenue": 1087872,
            "revenue_4q": null,
            "common_shares": 1378744,
            "book_valuer_per_share": 13.09,
            "book_valuer_per_share_4q_avg": 12.86,
            "equity": 1804800,
            "current_ratio": 160.47,
            "debt_ratio": 45.72,
            "inventory_turnover_ratio": 1.34,
            "account_receivable_turnover_ratio": 1.65,
            "reinvestment_rate": 208.67,
            "research_to_sale_ratio": 0.21,
            "price_fair": 19.74,
            "eps_avg_yearly": 0.56,
            "eps_latest_yearly": 1.32,
            "eps_growth_yearly": 269.99
        },
        "20103": {
            "year_quarter": 20103,
            "year": 2010,
            "quarter": 3,
            "eps": 0.18,
            "eps_growth_year": 254.24,
            "eps_4q": 0.67,
            "eps_4q_growth_year": 399.78,
            "roe": 1.36,
            "roe_4q": 5.16,
            "gross_profit": 94769,
            "gross_margin": 10,
            "gross_margin_4q_avg": 10.27,
            "net_income": 24420,
            "net_income_4q": null,
            "revenue": 947771,
            "revenue_4q": null,
            "common_shares": 1378744,
            "book_valuer_per_share": 12.98,
            "book_valuer_per_share_4q_avg": 12.92,
            "equity": 1789981,
            "current_ratio": 162.92,
            "debt_ratio": 43.72,
            "inventory_turnover_ratio": 1.21,
            "account_receivable_turnover_ratio": 1.48,
            "reinvestment_rate": 206.71,
            "research_to_sale_ratio": 0.25,
            "price_fair": 19.18,
            "eps_avg_yearly": 0.55,
            "eps_latest_yearly": 0.72,
            "eps_growth_yearly": 233.14
        },
        "20104": {
            "year_quarter": 20104,
            "year": 2010,
            "quarter": 4,
            "eps": 0.27,
            "eps_growth_year": null,
            "eps_4q": 0.97,
            "eps_4q_growth_year": 857.61,
            "roe": 2.03,
            "roe_4q": 7.35,
            "gross_profit": 115660,
            "gross_margin": 8.93,
            "gross_margin_4q_avg": 10.08,
            "net_income": 36400,
            "net_income_4q": null,
            "revenue": 1295867,
            "revenue_4q": null,
            "common_shares": 1378744,
            "book_valuer_per_share": 13.32,
            "book_valuer_per_share_4q_avg": 13.07,
            "equity": 1800579,
            "current_ratio": 159.73,
            "debt_ratio": 45.25,
            "inventory_turnover_ratio": 1.62,
            "account_receivable_turnover_ratio": 1.9,
            "reinvestment_rate": 48.52,
            "research_to_sale_ratio": 0.19,
            "price_fair": 21.28,
            "eps_avg_yearly": 0.61,
            "eps_latest_yearly": 1.08,
            "eps_growth_yearly": 271.32
        },
        "20111": {
            "year_quarter": 20111,
            "year": 2011,
            "quarter": 1,
            "eps": 0.31,
            "eps_growth_year": 72.22,
            "eps_4q": 1.09,
            "eps_4q_growth_year": 407.17,
            "roe": 2.32,
            "roe_4q": 8.23,
            "gross_profit": 113634,
            "gross_margin": 10.65,
            "gross_margin_4q_avg": 9.9,
            "net_income": 42535,
            "net_income_4q": null,
            "revenue": 1066676,
            "revenue_4q": null,
            "common_shares": 1378744,
            "book_valuer_per_share": 13.68,
            "book_valuer_per_share_4q_avg": 13.27,
            "equity": 1868549,
            "current_ratio": 150.17,
            "debt_ratio": 47.63,
            "inventory_turnover_ratio": 1.16,
            "account_receivable_turnover_ratio": 1.44,
            "reinvestment_rate": 197.33,
            "research_to_sale_ratio": 0.27,
            "price_fair": 22.54,
            "eps_avg_yearly": 0.64,
            "eps_latest_yearly": 1.24,
            "eps_growth_yearly": 243.92
        },
        "20112": {
            "year_quarter": 20112,
            "year": 2011,
            "quarter": 2,
            "eps": 0.16,
            "eps_growth_year": -50.81,
            "eps_4q": 0.92,
            "eps_4q_growth_year": 69.08,
            "roe": 1.19,
            "roe_4q": 6.8999999999999995,
            "gross_profit": 102942,
            "gross_margin": 8.77,
            "gross_margin_4q_avg": 9.59,
            "net_income": 21989,
            "net_income_4q": null,
            "revenue": 1173464,
            "revenue_4q": null,
            "common_shares": 1378744,
            "book_valuer_per_share": 13.31,
            "book_valuer_per_share_4q_avg": 13.32,
            "equity": 1817931,
            "current_ratio": 156.23,
            "debt_ratio": 44.19,
            "inventory_turnover_ratio": 1.27,
            "account_receivable_turnover_ratio": 1.83,
            "reinvestment_rate": 147.87,
            "research_to_sale_ratio": 0.34,
            "price_fair": 22.26,
            "eps_avg_yearly": 0.64,
            "eps_latest_yearly": 0.64,
            "eps_growth_yearly": 231.83
        },
        "20113": {
            "year_quarter": 20113,
            "year": 2011,
            "quarter": 3,
            "eps": 0.16,
            "eps_growth_year": -8.6,
            "eps_4q": 0.92,
            "eps_4q_growth_year": 37.91,
            "roe": 1.18,
            "roe_4q": 6.719999999999999,
            "gross_profit": 70852,
            "gross_margin": 7.36,
            "gross_margin_4q_avg": 8.93,
            "net_income": 21487,
            "net_income_4q": null,
            "revenue": 962012,
            "revenue_4q": null,
            "common_shares": 1378744,
            "book_valuer_per_share": 13.84,
            "book_valuer_per_share_4q_avg": 13.54,
            "equity": 1837424,
            "current_ratio": 155.63,
            "debt_ratio": 43.66,
            "inventory_turnover_ratio": 1.07,
            "account_receivable_turnover_ratio": 1.72,
            "reinvestment_rate": 146.65,
            "research_to_sale_ratio": 0.3,
            "price_fair": 23.38,
            "eps_avg_yearly": 0.67,
            "eps_latest_yearly": 0.64,
            "eps_growth_yearly": 254.06
        },
        "20114": {
            "year_quarter": 20114,
            "year": 2011,
            "quarter": 4,
            "eps": -0.14,
            "eps_growth_year": -152.61,
            "eps_4q": 0.51,
            "eps_4q_growth_year": -47.88,
            "roe": -1.02,
            "roe_4q": 3.67,
            "gross_profit": 38478,
            "gross_margin": 4.4,
            "gross_margin_4q_avg": 7.8,
            "net_income": -18793,
            "net_income_4q": null,
            "revenue": 873581,
            "revenue_4q": null,
            "common_shares": 1378744,
            "book_valuer_per_share": 13.9,
            "book_valuer_per_share_4q_avg": 13.68,
            "equity": 1844942,
            "current_ratio": 154.36,
            "debt_ratio": 43.12,
            "inventory_turnover_ratio": 1.01,
            "account_receivable_turnover_ratio": 1.6,
            "reinvestment_rate": 19,
            "research_to_sale_ratio": 0.29,
            "price_fair": 23.64,
            "eps_avg_yearly": 0.68,
            "eps_latest_yearly": 0.64,
            "eps_growth_yearly": 243.4
        },
        "20121": {
            "year_quarter": 20121,
            "year": 2012,
            "quarter": 1,
            "eps": 0.06,
            "eps_growth_year": -80.65,
            "eps_4q": 0.25,
            "eps_4q_growth_year": -77.23,
            "roe": 0.44,
            "roe_4q": 1.7899999999999998,
            "gross_profit": 58178,
            "gross_margin": 7.4,
            "gross_margin_4q_avg": 6.98,
            "net_income": 8157,
            "net_income_4q": null,
            "revenue": 786161,
            "revenue_4q": null,
            "common_shares": 1378744,
            "book_valuer_per_share": 13.87,
            "book_valuer_per_share_4q_avg": 13.73,
            "equity": 1841376,
            "current_ratio": 156.72,
            "debt_ratio": 44.62,
            "inventory_turnover_ratio": 0.91,
            "account_receivable_turnover_ratio": 1.43,
            "reinvestment_rate": 9.48,
            "research_to_sale_ratio": 0.28,
            "price_fair": 23.64,
            "eps_avg_yearly": 0.68,
            "eps_latest_yearly": 0.64,
            "eps_growth_yearly": 243.4
        },
        "20122": {
            "year_quarter": 20122,
            "year": 2012,
            "quarter": 2,
            "eps": -0,
            "eps_growth_year": -101.48,
            "eps_4q": 0.08,
            "eps_4q_growth_year": -91.35,
            "roe": -0.02,
            "roe_4q": 0.5799999999999998,
            "gross_profit": 60555,
            "gross_margin": 7.06,
            "gross_margin_4q_avg": 6.56,
            "net_income": -316,
            "net_income_4q": null,
            "revenue": 857522,
            "revenue_4q": null,
            "common_shares": 1378744,
            "book_valuer_per_share": 13.6,
            "book_valuer_per_share_4q_avg": 13.8,
            "equity": 1804431,
            "current_ratio": 152.56,
            "debt_ratio": 45.15,
            "inventory_turnover_ratio": 0.99,
            "account_receivable_turnover_ratio": 1.56,
            "reinvestment_rate": -38.11,
            "research_to_sale_ratio": 0.36,
            "price_fair": 23.64,
            "eps_avg_yearly": 0.68,
            "eps_latest_yearly": 0.64,
            "eps_growth_yearly": 243.4
        },
        "20123": {
            "year_quarter": 20123,
            "year": 2012,
            "quarter": 3,
            "eps": -0.14,
            "eps_growth_year": -186.83,
            "eps_4q": -0.22,
            "eps_4q_growth_year": -124.19,
            "roe": -1.04,
            "roe_4q": -1.6400000000000001,
            "gross_profit": 35012,
            "gross_margin": 4.11,
            "gross_margin_4q_avg": 5.74,
            "net_income": -18657,
            "net_income_4q": null,
            "revenue": 851174,
            "revenue_4q": null,
            "common_shares": 1378744,
            "book_valuer_per_share": 13.41,
            "book_valuer_per_share_4q_avg": 13.7,
            "equity": 1780145,
            "current_ratio": 150.62,
            "debt_ratio": 45.26,
            "inventory_turnover_ratio": 1.08,
            "account_receivable_turnover_ratio": 1.55,
            "reinvestment_rate": -44.27,
            "research_to_sale_ratio": 0.32,
            "price_fair": 26.08,
            "eps_avg_yearly": 0.75,
            "eps_latest_yearly": 0.64,
            "eps_growth_yearly": 293.82
        },
        "20124": {
            "year_quarter": 20124,
            "year": 2012,
            "quarter": 4,
            "eps": -0.51,
            "eps_growth_year": null,
            "eps_4q": -0.59,
            "eps_4q_growth_year": -217.22,
            "roe": -3.9,
            "roe_4q": -4.519999999999999,
            "gross_profit": 44003,
            "gross_margin": 4.86,
            "gross_margin_4q_avg": 5.86,
            "net_income": -67974,
            "net_income_4q": null,
            "revenue": 905423,
            "revenue_4q": null,
            "common_shares": 1378744,
            "book_valuer_per_share": 12.88,
            "book_valuer_per_share_4q_avg": 13.44,
            "equity": 1709679,
            "current_ratio": 143.8,
            "debt_ratio": 47.62,
            "inventory_turnover_ratio": 1.15,
            "account_receivable_turnover_ratio": 1.59,
            "reinvestment_rate": -116.16,
            "research_to_sale_ratio": 0.29,
            "price_fair": 29.6,
            "eps_avg_yearly": 0.85,
            "eps_latest_yearly": 0.64,
            "eps_growth_yearly": 373.89
        },
        "20131": {
            "year_quarter": 20131,
            "year": 2013,
            "quarter": 1,
            "eps": 0.05,
            "eps_growth_year": -16.67,
            "eps_4q": -0.6,
            "eps_4q_growth_year": -343.77,
            "roe": 0.4,
            "roe_4q": -4.56,
            "gross_profit": 56471,
            "gross_margin": 5.98,
            "gross_margin_4q_avg": 5.5,
            "net_income": 6892,
            "net_income_4q": null,
            "revenue": 943833,
            "revenue_4q": null,
            "common_shares": 1378744,
            "book_valuer_per_share": 12.92,
            "book_valuer_per_share_4q_avg": 13.2,
            "equity": 1714545,
            "current_ratio": 140.16,
            "debt_ratio": 49.19,
            "inventory_turnover_ratio": 1.11,
            "account_receivable_turnover_ratio": 1.48,
            "reinvestment_rate": -159.01,
            "research_to_sale_ratio": 0.31,
            "price_fair": 32.9,
            "eps_avg_yearly": 0.94,
            "eps_latest_yearly": 0.64,
            "eps_growth_yearly": 36.2
        },
        "20132": {
            "year_quarter": 20132,
            "year": 2013,
            "quarter": 2,
            "eps": 0.05,
            "eps_growth_year": null,
            "eps_4q": -0.56,
            "eps_4q_growth_year": -805.85,
            "roe": 0.38,
            "roe_4q": -4.16,
            "gross_profit": 58621,
            "gross_margin": 6.49,
            "gross_margin_4q_avg": 5.36,
            "net_income": 6518,
            "net_income_4q": null,
            "revenue": 902632,
            "revenue_4q": null,
            "common_shares": 1378744,
            "book_valuer_per_share": 13.02,
            "book_valuer_per_share_4q_avg": 13.06,
            "equity": 1701343,
            "current_ratio": 138.59,
            "debt_ratio": 49.04,
            "inventory_turnover_ratio": 0.96,
            "account_receivable_turnover_ratio": 1.39,
            "reinvestment_rate": -140.38,
            "research_to_sale_ratio": 0.36,
            "price_fair": 29.2,
            "eps_avg_yearly": 0.83,
            "eps_latest_yearly": 0.2,
            "eps_growth_yearly": 31.03
        },
        "20133": {
            "year_quarter": 20133,
            "year": 2013,
            "quarter": 3,
            "eps": 0.11,
            "eps_growth_year": null,
            "eps_4q": -0.31,
            "eps_4q_growth_year": null,
            "roe": 0.86,
            "roe_4q": -2.26,
            "gross_profit": 65983,
            "gross_margin": 7.99,
            "gross_margin_4q_avg": 6.33,
            "net_income": 14624,
            "net_income_4q": null,
            "revenue": 826027,
            "revenue_4q": null,
            "common_shares": 1337880,
            "book_valuer_per_share": 13.14,
            "book_valuer_per_share_4q_avg": 12.99,
            "equity": 1707434,
            "current_ratio": 137.21,
            "debt_ratio": 49.91,
            "inventory_turnover_ratio": 0.83,
            "account_receivable_turnover_ratio": 1.34,
            "reinvestment_rate": -123.13,
            "research_to_sale_ratio": 0.32,
            "price_fair": 27.48,
            "eps_avg_yearly": 0.79,
            "eps_latest_yearly": 0.44,
            "eps_growth_yearly": 87.15
        },
        "20134": {
            "year_quarter": 20134,
            "year": 2013,
            "quarter": 4,
            "eps": 0.33,
            "eps_growth_year": null,
            "eps_4q": 0.55,
            "eps_4q_growth_year": null,
            "roe": 2.5,
            "roe_4q": 4.14,
            "gross_profit": 45809,
            "gross_margin": 4.94,
            "gross_margin_4q_avg": 6.35,
            "net_income": 43245,
            "net_income_4q": null,
            "revenue": 927067,
            "revenue_4q": null,
            "common_shares": 1337880,
            "book_valuer_per_share": 13.49,
            "book_valuer_per_share_4q_avg": 13.14,
            "equity": 1752563,
            "current_ratio": 129.07,
            "debt_ratio": 49.46,
            "inventory_turnover_ratio": 0.95,
            "account_receivable_turnover_ratio": 1.51,
            "reinvestment_rate": -45.58,
            "research_to_sale_ratio": 0.48,
            "price_fair": 29.56,
            "eps_avg_yearly": 0.84,
            "eps_latest_yearly": 1.32,
            "eps_growth_yearly": 166.36
        },
        "20141": {
            "year_quarter": 20141,
            "year": 2014,
            "quarter": 1,
            "eps": 0.04,
            "eps_growth_year": -20,
            "eps_4q": 0.54,
            "eps_4q_growth_year": null,
            "roe": 0.31,
            "roe_4q": 4.05,
            "gross_profit": 69802,
            "gross_margin": 8.03,
            "gross_margin_4q_avg": 6.86,
            "net_income": 5445,
            "net_income_4q": null,
            "revenue": 869750,
            "revenue_4q": null,
            "common_shares": 1337880,
            "book_valuer_per_share": 13.52,
            "book_valuer_per_share_4q_avg": 13.29,
            "equity": 1756568,
            "current_ratio": 129.97,
            "debt_ratio": 49.04,
            "inventory_turnover_ratio": 0.86,
            "account_receivable_turnover_ratio": 1.46,
            "reinvestment_rate": -47.65,
            "research_to_sale_ratio": 0.33,
            "price_fair": 27.16,
            "eps_avg_yearly": 0.78,
            "eps_latest_yearly": 0.16,
            "eps_growth_yearly": 114.57
        },
        "20142": {
            "year_quarter": 20142,
            "year": 2014,
            "quarter": 2,
            "eps": 0.05,
            "eps_growth_year": 0,
            "eps_4q": 0.54,
            "eps_4q_growth_year": null,
            "roe": 0.41,
            "roe_4q": 4.08,
            "gross_profit": 64529,
            "gross_margin": 8.13,
            "gross_margin_4q_avg": 7.27,
            "net_income": 7087,
            "net_income_4q": null,
            "revenue": 793248,
            "revenue_4q": null,
            "common_shares": 1337880,
            "book_valuer_per_share": 13.22,
            "book_valuer_per_share_4q_avg": 13.34,
            "equity": 1717863,
            "current_ratio": 132.05,
            "debt_ratio": 47.85,
            "inventory_turnover_ratio": 0.78,
            "account_receivable_turnover_ratio": 1.48,
            "reinvestment_rate": -75.38,
            "research_to_sale_ratio": 0.59,
            "price_fair": 23.24,
            "eps_avg_yearly": 0.66,
            "eps_latest_yearly": 0.2,
            "eps_growth_yearly": 91.24
        },
        "20143": {
            "year_quarter": 20143,
            "year": 2014,
            "quarter": 3,
            "eps": 0.09,
            "eps_growth_year": -18.18,
            "eps_4q": 0.52,
            "eps_4q_growth_year": null,
            "roe": 0.65,
            "roe_4q": 3.87,
            "gross_profit": 59446,
            "gross_margin": 6.65,
            "gross_margin_4q_avg": 6.94,
            "net_income": 11307,
            "net_income_4q": null,
            "revenue": 894338,
            "revenue_4q": null,
            "common_shares": 1298970,
            "book_valuer_per_share": 13.4,
            "book_valuer_per_share_4q_avg": 13.41,
            "equity": 1740092,
            "current_ratio": 131.57,
            "debt_ratio": 48.5,
            "inventory_turnover_ratio": 0.94,
            "account_receivable_turnover_ratio": 1.67,
            "reinvestment_rate": -57.1,
            "research_to_sale_ratio": 0.59,
            "price_fair": 21.98,
            "eps_avg_yearly": 0.63,
            "eps_latest_yearly": 0.36,
            "eps_growth_yearly": 141.42
        },
        "20144": {
            "year_quarter": 20144,
            "year": 2014,
            "quarter": 4,
            "eps": 0.25,
            "eps_growth_year": -23.48,
            "eps_4q": 0.44,
            "eps_4q_growth_year": -20.13,
            "roe": 1.88,
            "roe_4q": 3.25,
            "gross_profit": 85113,
            "gross_margin": 8.72,
            "gross_margin_4q_avg": 7.88,
            "net_income": 33091,
            "net_income_4q": null,
            "revenue": 976312,
            "revenue_4q": null,
            "common_shares": 1298970,
            "book_valuer_per_share": 13.75,
            "book_valuer_per_share_4q_avg": 13.47,
            "equity": 1786397,
            "current_ratio": 131.24,
            "debt_ratio": 48.25,
            "inventory_turnover_ratio": 1.03,
            "account_receivable_turnover_ratio": 1.52,
            "reinvestment_rate": 114.44,
            "research_to_sale_ratio": 0.59,
            "price_fair": 21.7,
            "eps_avg_yearly": 0.62,
            "eps_latest_yearly": 1,
            "eps_growth_yearly": 192.53
        },
        "20151": {
            "year_quarter": 20151,
            "year": 2015,
            "quarter": 1,
            "eps": 0.15,
            "eps_growth_year": 275,
            "eps_4q": 0.55,
            "eps_4q_growth_year": 1.5,
            "roe": 1.08,
            "roe_4q": 4.02,
            "gross_profit": 88706,
            "gross_margin": 10.51,
            "gross_margin_4q_avg": 8.5,
            "net_income": 19396,
            "net_income_4q": null,
            "revenue": 843838,
            "revenue_4q": null,
            "common_shares": 1298970,
            "book_valuer_per_share": 13.87,
            "book_valuer_per_share_4q_avg": 13.56,
            "equity": 1801489,
            "current_ratio": 133.05,
            "debt_ratio": 50.03,
            "inventory_turnover_ratio": 0.87,
            "account_receivable_turnover_ratio": 1.22,
            "reinvestment_rate": -89.09,
            "research_to_sale_ratio": 0.54,
            "price_fair": 19.46,
            "eps_avg_yearly": 0.56,
            "eps_latest_yearly": 0.6,
            "eps_growth_yearly": 170.6
        },
        "20152": {
            "year_quarter": 20152,
            "year": 2015,
            "quarter": 2,
            "eps": 0.2,
            "eps_growth_year": 300,
            "eps_4q": 0.69,
            "eps_4q_growth_year": 28.06,
            "roe": 1.47,
            "roe_4q": 5.08,
            "gross_profit": 98397,
            "gross_margin": 10.93,
            "gross_margin_4q_avg": 9.2,
            "net_income": 26364,
            "net_income_4q": null,
            "revenue": 900487,
            "revenue_4q": null,
            "common_shares": 1298970,
            "book_valuer_per_share": 13.73,
            "book_valuer_per_share_4q_avg": 13.69,
            "equity": 1783567,
            "current_ratio": 128.37,
            "debt_ratio": 50.94,
            "inventory_turnover_ratio": 0.89,
            "account_receivable_turnover_ratio": 1.32,
            "reinvestment_rate": 30.42,
            "research_to_sale_ratio": 0.55,
            "price_fair": 20.02,
            "eps_avg_yearly": 0.57,
            "eps_latest_yearly": 0.8,
            "eps_growth_yearly": 203.29
        },
        "20153": {
            "year_quarter": 20153,
            "year": 2015,
            "quarter": 3,
            "eps": 0.28,
            "eps_growth_year": 211.11,
            "eps_4q": 0.88,
            "eps_4q_growth_year": 71.1,
            "roe": 1.99,
            "roe_4q": 6.42,
            "gross_profit": 95557,
            "gross_margin": 11.33,
            "gross_margin_4q_avg": 10.37,
            "net_income": 35932,
            "net_income_4q": null,
            "revenue": 843702,
            "revenue_4q": null,
            "common_shares": 1298970,
            "book_valuer_per_share": 14.12,
            "book_valuer_per_share_4q_avg": 13.87,
            "equity": 1834635,
            "current_ratio": 133.55,
            "debt_ratio": 47.76,
            "inventory_turnover_ratio": 0.81,
            "account_receivable_turnover_ratio": 1.26,
            "reinvestment_rate": 36.87,
            "research_to_sale_ratio": 0.71,
            "price_fair": 21.7,
            "eps_avg_yearly": 0.62,
            "eps_latest_yearly": 1.12,
            "eps_growth_yearly": 219.29
        },
        "20154": {
            "year_quarter": 20154,
            "year": 2015,
            "quarter": 4,
            "eps": 0.07,
            "eps_growth_year": -72.05,
            "eps_4q": 0.7,
            "eps_4q_growth_year": 59.74,
            "roe": 0.5,
            "roe_4q": 5.04,
            "gross_profit": 82176,
            "gross_margin": 8.99,
            "gross_margin_4q_avg": 10.44,
            "net_income": 9250,
            "net_income_4q": null,
            "revenue": 913984,
            "revenue_4q": null,
            "common_shares": 1298970,
            "book_valuer_per_share": 14.11,
            "book_valuer_per_share_4q_avg": 13.96,
            "equity": 1833081,
            "current_ratio": 132.61,
            "debt_ratio": 47.61,
            "inventory_turnover_ratio": 0.92,
            "account_receivable_turnover_ratio": 1.4,
            "reinvestment_rate": -11.03,
            "research_to_sale_ratio": 0.65,
            "price_fair": 20.62,
            "eps_avg_yearly": 0.59,
            "eps_latest_yearly": 0.28,
            "eps_growth_yearly": 172.08
        },
        "20161": {
            "year_quarter": 20161,
            "year": 2016,
            "quarter": 1,
            "eps": 0.25,
            "eps_growth_year": 66.67,
            "eps_4q": 0.8,
            "eps_4q_growth_year": 45.9,
            "roe": 1.73,
            "roe_4q": 5.6899999999999995,
            "gross_profit": 111502,
            "gross_margin": 13.15,
            "gross_margin_4q_avg": 11.1,
            "net_income": 31866,
            "net_income_4q": null,
            "revenue": 848203,
            "revenue_4q": null,
            "common_shares": 1298970,
            "book_valuer_per_share": 14.31,
            "book_valuer_per_share_4q_avg": 14.07,
            "equity": 1858671,
            "current_ratio": 137.68,
            "debt_ratio": 45.58,
            "inventory_turnover_ratio": 0.87,
            "account_receivable_turnover_ratio": 1.3,
            "reinvestment_rate": -7.49,
            "research_to_sale_ratio": 0.54,
            "price_fair": 21.82,
            "eps_avg_yearly": 0.62,
            "eps_latest_yearly": 1,
            "eps_growth_yearly": 243.46
        },
        "20162": {
            "year_quarter": 20162,
            "year": 2016,
            "quarter": 2,
            "eps": 0.25,
            "eps_growth_year": 25,
            "eps_4q": 0.84,
            "eps_4q_growth_year": 21.45,
            "roe": 1.77,
            "roe_4q": 5.99,
            "gross_profit": 112133,
            "gross_margin": 13.84,
            "gross_margin_4q_avg": 11.83,
            "net_income": 32453,
            "net_income_4q": null,
            "revenue": 810336,
            "revenue_4q": null,
            "common_shares": 1298970,
            "book_valuer_per_share": 13.98,
            "book_valuer_per_share_4q_avg": 14.13,
            "equity": 1816118,
            "current_ratio": 145.04,
            "debt_ratio": 45.48,
            "inventory_turnover_ratio": 0.85,
            "account_receivable_turnover_ratio": 1.35,
            "reinvestment_rate": 18.28,
            "research_to_sale_ratio": 0.61,
            "price_fair": 22.83,
            "eps_avg_yearly": 0.65,
            "eps_latest_yearly": 1,
            "eps_growth_yearly": 224.73
        },
        "20163": {
            "year_quarter": 20163,
            "year": 2016,
            "quarter": 3,
            "eps": 0.17,
            "eps_growth_year": -39.29,
            "eps_4q": 0.74,
            "eps_4q_growth_year": -16.76,
            "roe": 1.21,
            "roe_4q": 5.21,
            "gross_profit": 110573,
            "gross_margin": 14.73,
            "gross_margin_4q_avg": 12.68,
            "net_income": 21981,
            "net_income_4q": null,
            "revenue": 750705,
            "revenue_4q": null,
            "common_shares": 1298970,
            "book_valuer_per_share": 14.07,
            "book_valuer_per_share_4q_avg": 14.12,
            "equity": 1827344,
            "current_ratio": 149.73,
            "debt_ratio": 43.77,
            "inventory_turnover_ratio": 0.76,
            "account_receivable_turnover_ratio": 1.44,
            "reinvestment_rate": 15.92,
            "research_to_sale_ratio": 0.73,
            "price_fair": 22.9,
            "eps_avg_yearly": 0.65,
            "eps_latest_yearly": 0.68,
            "eps_growth_yearly": 199.54
        },
        "20164": {
            "year_quarter": 20164,
            "year": 2016,
            "quarter": 4,
            "eps": 0.27,
            "eps_growth_year": 282.16,
            "eps_4q": 0.94,
            "eps_4q_growth_year": 33.77,
            "roe": 1.92,
            "roe_4q": 6.630000000000001,
            "gross_profit": 112442,
            "gross_margin": 13.47,
            "gross_margin_4q_avg": 13.8,
            "net_income": 35350,
            "net_income_4q": null,
            "revenue": 834724,
            "revenue_4q": null,
            "common_shares": 1298970,
            "book_valuer_per_share": 14.28,
            "book_valuer_per_share_4q_avg": 14.16,
            "equity": 1854475,
            "current_ratio": 149.35,
            "debt_ratio": 44.66,
            "inventory_turnover_ratio": 0.83,
            "account_receivable_turnover_ratio": 1.58,
            "reinvestment_rate": 12.13,
            "research_to_sale_ratio": 0.78,
            "price_fair": 23.89,
            "eps_avg_yearly": 0.68,
            "eps_latest_yearly": 1.08,
            "eps_growth_yearly": 201.92
        },
        "20171": {
            "year_quarter": 20171,
            "year": 2017,
            "quarter": 1,
            "eps": 0.18,
            "eps_growth_year": -28,
            "eps_4q": 0.87,
            "eps_4q_growth_year": 9.42,
            "roe": 1.27,
            "roe_4q": 6.17,
            "gross_profit": 138716,
            "gross_margin": 17.69,
            "gross_margin_4q_avg": 14.93,
            "net_income": 23611,
            "net_income_4q": null,
            "revenue": 784320,
            "revenue_4q": null,
            "common_shares": 1298970,
            "book_valuer_per_share": 14.31,
            "book_valuer_per_share_4q_avg": 14.16,
            "equity": 1870052,
            "current_ratio": 145.99,
            "debt_ratio": 47.04,
            "inventory_turnover_ratio": 0.73,
            "account_receivable_turnover_ratio": 1.44,
            "reinvestment_rate": 9.17,
            "research_to_sale_ratio": 0.64,
            "price_fair": 23.98,
            "eps_avg_yearly": 0.69,
            "eps_latest_yearly": 0.72,
            "eps_growth_yearly": 180.97
        },
        "20172": {
            "year_quarter": 20172,
            "year": 2017,
            "quarter": 2,
            "eps": 0.2,
            "eps_growth_year": -20,
            "eps_4q": 0.82,
            "eps_4q_growth_year": -2.9,
            "roe": 1.34,
            "roe_4q": 5.74,
            "gross_profit": 101341,
            "gross_margin": 13.12,
            "gross_margin_4q_avg": 14.75,
            "net_income": 24785,
            "net_income_4q": null,
            "revenue": 772637,
            "revenue_4q": null,
            "common_shares": 1298970,
            "book_valuer_per_share": 13.96,
            "book_valuer_per_share_4q_avg": 14.16,
            "equity": 1824371,
            "current_ratio": 138.23,
            "debt_ratio": 49.44,
            "inventory_turnover_ratio": 0.76,
            "account_receivable_turnover_ratio": 1.49,
            "reinvestment_rate": 10.33,
            "research_to_sale_ratio": 0.78,
            "price_fair": 25.29,
            "eps_avg_yearly": 0.72,
            "eps_latest_yearly": 0.8,
            "eps_growth_yearly": 183.74
        },
        "20173": {
            "year_quarter": 20173,
            "year": 2017,
            "quarter": 3,
            "eps": 0.21,
            "eps_growth_year": 23.53,
            "eps_4q": 0.86,
            "eps_4q_growth_year": 17.38,
            "roe": 1.49,
            "roe_4q": 6.02,
            "gross_profit": 98691,
            "gross_margin": 11.14,
            "gross_margin_4q_avg": 13.86,
            "net_income": 27492,
            "net_income_4q": null,
            "revenue": 885865,
            "revenue_4q": null,
            "common_shares": 1298970,
            "book_valuer_per_share": 14.22,
            "book_valuer_per_share_4q_avg": 14.19,
            "equity": 1857634,
            "current_ratio": 134.29,
            "debt_ratio": 51.34,
            "inventory_turnover_ratio": 0.88,
            "account_receivable_turnover_ratio": 1.64,
            "reinvestment_rate": 26.03,
            "research_to_sale_ratio": 0.56,
            "price_fair": 26.16,
            "eps_avg_yearly": 0.75,
            "eps_latest_yearly": 0.84,
            "eps_growth_yearly": 154.99
        },
        "20174": {
            "year_quarter": 20174,
            "year": 2017,
            "quarter": 4,
            "eps": 0.25,
            "eps_growth_year": -8.93,
            "eps_4q": 0.84,
            "eps_4q_growth_year": -10.4,
            "roe": 1.71,
            "roe_4q": 5.8100000000000005,
            "gross_profit": 120916,
            "gross_margin": 13.16,
            "gross_margin_4q_avg": 13.78,
            "net_income": 31990,
            "net_income_4q": null,
            "revenue": 918755,
            "revenue_4q": null,
            "common_shares": 1298970,
            "book_valuer_per_share": 14.46,
            "book_valuer_per_share_4q_avg": 14.24,
            "equity": 1888512,
            "current_ratio": 132.96,
            "debt_ratio": 52.92,
            "inventory_turnover_ratio": 0.88,
            "account_receivable_turnover_ratio": 1.48,
            "reinvestment_rate": -15.03,
            "research_to_sale_ratio": 1.84,
            "price_fair": 25.46,
            "eps_avg_yearly": 0.73,
            "eps_latest_yearly": 1,
            "eps_growth_yearly": 109.76
        },
        "20181": {
            "year_quarter": 20181,
            "year": 2018,
            "quarter": 1,
            "eps": 0.33,
            "eps_growth_year": 83.33,
            "eps_4q": 0.99,
            "eps_4q_growth_year": 13.12,
            "roe": 2.18,
            "roe_4q": 6.72,
            "gross_profit": 115687,
            "gross_margin": 13.33,
            "gross_margin_4q_avg": 12.69,
            "net_income": 41727,
            "net_income_4q": null,
            "revenue": 868172,
            "revenue_4q": null,
            "common_shares": 1298970,
            "book_valuer_per_share": 14.83,
            "book_valuer_per_share_4q_avg": 14.37,
            "equity": 1936262,
            "current_ratio": 137.09,
            "debt_ratio": 51.43,
            "inventory_turnover_ratio": 0.81,
            "account_receivable_turnover_ratio": 1.34,
            "reinvestment_rate": -32.58,
            "research_to_sale_ratio": 1.51,
            "price_fair": 28,
            "eps_avg_yearly": 0.8,
            "eps_latest_yearly": 1.32,
            "eps_growth_yearly": 139.73
        },
        "20182": {
            "year_quarter": 20182,
            "year": 2018,
            "quarter": 2,
            "eps": 0.21,
            "eps_growth_year": 5,
            "eps_4q": 1,
            "eps_4q_growth_year": 22.5,
            "roe": 1.42,
            "roe_4q": 6.800000000000001,
            "gross_profit": 107455,
            "gross_margin": 11.43,
            "gross_margin_4q_avg": 12.27,
            "net_income": 27194,
            "net_income_4q": null,
            "revenue": 940227,
            "revenue_4q": null,
            "common_shares": 1298970,
            "book_valuer_per_share": 14.42,
            "book_valuer_per_share_4q_avg": 14.48,
            "equity": 1882045,
            "current_ratio": 131.65,
            "debt_ratio": 52.2,
            "inventory_turnover_ratio": 0.88,
            "account_receivable_turnover_ratio": 1.5,
            "reinvestment_rate": -22.99,
            "research_to_sale_ratio": 1.75,
            "price_fair": 29.4,
            "eps_avg_yearly": 0.84,
            "eps_latest_yearly": 0.84,
            "eps_growth_yearly": 124.38
        },
        "20183": {
            "year_quarter": 20183,
            "year": 2018,
            "quarter": 3,
            "eps": 0.02,
            "eps_growth_year": -90.48,
            "eps_4q": 0.81,
            "eps_4q_growth_year": -5.93,
            "roe": 0.06,
            "roe_4q": 5.37,
            "gross_profit": 106823,
            "gross_margin": 11.74,
            "gross_margin_4q_avg": 12.42,
            "net_income": 1156,
            "net_income_4q": null,
            "revenue": 910196,
            "revenue_4q": null,
            "common_shares": 1298970,
            "book_valuer_per_share": 14.31,
            "book_valuer_per_share_4q_avg": 14.51,
            "equity": 1895270,
            "current_ratio": 126.92,
            "debt_ratio": 53.43,
            "inventory_turnover_ratio": 0.85,
            "account_receivable_turnover_ratio": 1.4,
            "reinvestment_rate": -10.2,
            "research_to_sale_ratio": 1.67,
            "price_fair": 28.79,
            "eps_avg_yearly": 0.82,
            "eps_latest_yearly": 0.08,
            "eps_growth_yearly": 81.77
        },
        "20184": {
            "year_quarter": 20184,
            "year": 2018,
            "quarter": 4,
            "eps": 0.3,
            "eps_growth_year": 22.64,
            "eps_4q": 0.87,
            "eps_4q_growth_year": 3.48,
            "roe": 1.81,
            "roe_4q": 5.470000000000001,
            "gross_profit": 83323,
            "gross_margin": 9.27,
            "gross_margin_4q_avg": 11.44,
            "net_income": 34549,
            "net_income_4q": null,
            "revenue": 898964,
            "revenue_4q": null,
            "common_shares": 1298970,
            "book_valuer_per_share": 14.59,
            "book_valuer_per_share_4q_avg": 14.54,
            "equity": 1927922,
            "current_ratio": 132.33,
            "debt_ratio": 49.27,
            "inventory_turnover_ratio": 0.88,
            "account_receivable_turnover_ratio": 1.34,
            "reinvestment_rate": 22.41,
            "research_to_sale_ratio": 1.77,
            "price_fair": 29.23,
            "eps_avg_yearly": 0.84,
            "eps_latest_yearly": 1.2,
            "eps_growth_yearly": 387.32
        },
        "20191": {
            "year_quarter": 20191,
            "year": 2019,
            "quarter": 1,
            "eps": 0.02,
            "eps_growth_year": -93.94,
            "eps_4q": 0.56,
            "eps_4q_growth_year": -42.81,
            "roe": -0.11,
            "roe_4q": 3.1799999999999997,
            "gross_profit": 73141,
            "gross_margin": 8.47,
            "gross_margin_4q_avg": 10.23,
            "net_income": -2091,
            "net_income_4q": null,
            "revenue": 863937,
            "revenue_4q": null,
            "common_shares": 1298970,
            "book_valuer_per_share": 14.7,
            "book_valuer_per_share_4q_avg": 14.51,
            "equity": 1936880,
            "current_ratio": 130.11,
            "debt_ratio": 51.08,
            "inventory_turnover_ratio": 0.84,
            "account_receivable_turnover_ratio": 1.28,
            "reinvestment_rate": 26.72,
            "research_to_sale_ratio": 2.01,
            "price_fair": 28.09,
            "eps_avg_yearly": 0.8,
            "eps_latest_yearly": 0.08,
            "eps_growth_yearly": 373.99
        },
        "20192": {
            "year_quarter": 20192,
            "year": 2019,
            "quarter": 2,
            "eps": -0.08,
            "eps_growth_year": -138.1,
            "eps_4q": 0.27,
            "eps_4q_growth_year": -73.34,
            "roe": -0.7,
            "roe_4q": 1.06,
            "gross_profit": 61673,
            "gross_margin": 7.22,
            "gross_margin_4q_avg": 9.18,
            "net_income": -13380,
            "net_income_4q": null,
            "revenue": 853698,
            "revenue_4q": null,
            "common_shares": 1298970,
            "book_valuer_per_share": 14.24,
            "book_valuer_per_share_4q_avg": 14.46,
            "equity": 1877247,
            "current_ratio": 125.97,
            "debt_ratio": 50.45,
            "inventory_turnover_ratio": 0.84,
            "account_receivable_turnover_ratio": 1.29,
            "reinvestment_rate": 33.67,
            "research_to_sale_ratio": 2.02,
            "price_fair": 28.09,
            "eps_avg_yearly": 0.8,
            "eps_latest_yearly": 0.08,
            "eps_growth_yearly": 390.03
        },
        "20193": {
            "year_quarter": 20193,
            "year": 2019,
            "quarter": 3,
            "eps": -0.01,
            "eps_growth_year": -150,
            "eps_4q": 0.24,
            "eps_4q_growth_year": -70.61,
            "roe": -0.18,
            "roe_4q": 0.8200000000000002,
            "gross_profit": 87821,
            "gross_margin": 10.42,
            "gross_margin_4q_avg": 8.85,
            "net_income": -3347,
            "net_income_4q": null,
            "revenue": 842563,
            "revenue_4q": null,
            "common_shares": 1298970,
            "book_valuer_per_share": 14.1,
            "book_valuer_per_share_4q_avg": 14.41,
            "equity": 1856414,
            "current_ratio": 131.16,
            "debt_ratio": 50.39,
            "inventory_turnover_ratio": 0.83,
            "account_receivable_turnover_ratio": 1.31,
            "reinvestment_rate": 37.64,
            "research_to_sale_ratio": 2.05,
            "price_fair": 27.3,
            "eps_avg_yearly": 0.78,
            "eps_latest_yearly": 0.08,
            "eps_growth_yearly": 406.46
        },
        "20194": {
            "year_quarter": 20194,
            "year": 2019,
            "quarter": 4,
            "eps": 0.47,
            "eps_growth_year": 53.09,
            "eps_4q": 0.4,
            "eps_4q_growth_year": -53.93,
            "roe": 3.08,
            "roe_4q": 2.0900000000000003,
            "gross_profit": 96995,
            "gross_margin": 10.87,
            "gross_margin_4q_avg": 9.25,
            "net_income": 57894,
            "net_income_4q": null,
            "revenue": 892215,
            "revenue_4q": null,
            "common_shares": 1298970,
            "book_valuer_per_share": 14.45,
            "book_valuer_per_share_4q_avg": 14.37,
            "equity": 1899623,
            "current_ratio": 157.89,
            "debt_ratio": 47.54,
            "inventory_turnover_ratio": 0.93,
            "account_receivable_turnover_ratio": 1.37,
            "reinvestment_rate": 28.77,
            "research_to_sale_ratio": 1.82,
            "price_fair": 28.65,
            "eps_avg_yearly": 0.82,
            "eps_latest_yearly": 0.08,
            "eps_growth_yearly": 460.81
        },
        "20201": {
            "year_quarter": 20201,
            "year": 2020,
            "quarter": 1,
            "eps": 0.02,
            "eps_growth_year": 0,
            "eps_4q": 0.4,
            "eps_4q_growth_year": -28.89,
            "roe": 0.03,
            "roe_4q": 2.2299999999999995,
            "gross_profit": 82902,
            "gross_margin": 12.2,
            "gross_margin_4q_avg": 10.18,
            "net_income": 599,
            "net_income_4q": null,
            "revenue": 679351,
            "revenue_4q": null,
            "common_shares": 1298970,
            "book_valuer_per_share": 14.44,
            "book_valuer_per_share_4q_avg": 14.31,
            "equity": 1896788,
            "current_ratio": 165.2,
            "debt_ratio": 47.54,
            "inventory_turnover_ratio": 0.7,
            "account_receivable_turnover_ratio": 1.1,
            "reinvestment_rate": 32.42,
            "research_to_sale_ratio": 1.96,
            "price_fair": 26.17,
            "eps_avg_yearly": 0.75,
            "eps_latest_yearly": 0.08,
            "eps_growth_yearly": 352.22
        },
        "20202": {
            "year_quarter": 20202,
            "year": 2020,
            "quarter": 2,
            "eps": 0.15,
            "eps_growth_year": null,
            "eps_4q": 0.64,
            "eps_4q_growth_year": 138.37,
            "roe": 0.97,
            "roe_4q": 3.9,
            "gross_profit": 83499,
            "gross_margin": 14.09,
            "gross_margin_4q_avg": 11.9,
            "net_income": 18389,
            "net_income_4q": null,
            "revenue": 592699,
            "revenue_4q": null,
            "common_shares": 1298970,
            "book_valuer_per_share": 14.53,
            "book_valuer_per_share_4q_avg": 14.38,
            "equity": 1909766,
            "current_ratio": 162.38,
            "debt_ratio": 48.5,
            "inventory_turnover_ratio": 0.57,
            "account_receivable_turnover_ratio": 1.13,
            "reinvestment_rate": 28.63,
            "research_to_sale_ratio": 2.68,
            "price_fair": 25.09,
            "eps_avg_yearly": 0.72,
            "eps_latest_yearly": 0.6,
            "eps_growth_yearly": 552.22
        },
        "20203": {
            "year_quarter": 20203,
            "year": 2020,
            "quarter": 3,
            "eps": 0.21,
            "eps_growth_year": null,
            "eps_4q": 0.85,
            "eps_4q_growth_year": 256.51,
            "roe": 1.33,
            "roe_4q": 5.41,
            "gross_profit": 98109,
            "gross_margin": 13.27,
            "gross_margin_4q_avg": 12.61,
            "net_income": 25716,
            "net_income_4q": null,
            "revenue": 739201,
            "revenue_4q": null,
            "common_shares": 1298970,
            "book_valuer_per_share": 14.81,
            "book_valuer_per_share_4q_avg": 14.56,
            "equity": 1944865,
            "current_ratio": 161.72,
            "debt_ratio": 49.11,
            "inventory_turnover_ratio": 0.72,
            "account_receivable_turnover_ratio": 1.42,
            "reinvestment_rate": 43.38,
            "research_to_sale_ratio": 2.26,
            "price_fair": 25.52,
            "eps_avg_yearly": 0.73,
            "eps_latest_yearly": 0.84,
            "eps_growth_yearly": 574.38
        },
        "20204": {
            "year_quarter": 20204,
            "year": 2020,
            "quarter": 4,
            "eps": 0.44,
            "eps_growth_year": -5.31,
            "eps_4q": 0.83,
            "eps_4q_growth_year": 106.55,
            "roe": 2.85,
            "roe_4q": 5.18,
            "gross_profit": 137576,
            "gross_margin": 16.24,
            "gross_margin_4q_avg": 13.95,
            "net_income": 56176,
            "net_income_4q": null,
            "revenue": 847226,
            "revenue_4q": null,
            "common_shares": 1298970,
            "book_valuer_per_share": 15.21,
            "book_valuer_per_share_4q_avg": 14.75,
            "equity": 1995694,
            "current_ratio": 168.14,
            "debt_ratio": 48.33,
            "inventory_turnover_ratio": 0.8,
            "account_receivable_turnover_ratio": 1.42,
            "reinvestment_rate": 43.8,
            "research_to_sale_ratio": 2.38,
            "price_fair": 27.35,
            "eps_avg_yearly": 0.78,
            "eps_latest_yearly": 1.76,
            "eps_growth_yearly": 589.98
        },
        "20211": {
            "year_quarter": 20211,
            "year": 2021,
            "quarter": 1,
            "eps": 0.35,
            "eps_growth_year": 1650,
            "eps_4q": 1.15,
            "eps_4q_growth_year": 187.04,
            "roe": 2.16,
            "roe_4q": 7.31,
            "gross_profit": 136717,
            "gross_margin": 17.32,
            "gross_margin_4q_avg": 15.23,
            "net_income": 43478,
            "net_income_4q": null,
            "revenue": 789530,
            "revenue_4q": null,
            "common_shares": 1298970,
            "book_valuer_per_share": 15.53,
            "book_valuer_per_share_4q_avg": 15.02,
            "equity": 2034897,
            "current_ratio": 177.46,
            "debt_ratio": 46.05,
            "inventory_turnover_ratio": 0.71,
            "account_receivable_turnover_ratio": 1.26,
            "reinvestment_rate": 51.74,
            "research_to_sale_ratio": 1.96,
            "price_fair": 29.18,
            "eps_avg_yearly": 0.83,
            "eps_latest_yearly": 1.4,
            "eps_growth_yearly": 593.94
        },
        "20212": {
            "year_quarter": 20212,
            "year": 2021,
            "quarter": 2,
            "eps": 0.36,
            "eps_growth_year": 140,
            "eps_4q": 1.36,
            "eps_4q_growth_year": 113.06,
            "roe": 2.27,
            "roe_4q": 8.61,
            "gross_profit": 144119,
            "gross_margin": 17.81,
            "gross_margin_4q_avg": 16.16,
            "net_income": 46602,
            "net_income_4q": null,
            "revenue": 809333,
            "revenue_4q": null,
            "common_shares": 1298970,
            "book_valuer_per_share": 15.84,
            "book_valuer_per_share_4q_avg": 15.35,
            "equity": 2076487,
            "current_ratio": 184,
            "debt_ratio": 48.34,
            "inventory_turnover_ratio": 0.71,
            "account_receivable_turnover_ratio": 1.29,
            "reinvestment_rate": 61.66,
            "research_to_sale_ratio": 3.01,
            "price_fair": 30.91,
            "eps_avg_yearly": 0.88,
            "eps_latest_yearly": 1.44,
            "eps_growth_yearly": 591.4
        },
        "20213": {
            "year_quarter": 20213,
            "year": 2021,
            "quarter": 3,
            "eps": 0.26,
            "eps_growth_year": 23.81,
            "eps_4q": 1.41,
            "eps_4q_growth_year": 65.35,
            "roe": 1.6,
            "roe_4q": 8.88,
            "gross_profit": 129937,
            "gross_margin": 13.5,
            "gross_margin_4q_avg": 16.22,
            "net_income": 33066,
            "net_income_4q": null,
            "revenue": 962565,
            "revenue_4q": null,
            "common_shares": 1298970,
            "book_valuer_per_share": 15.68,
            "book_valuer_per_share_4q_avg": 15.57,
            "equity": 2055948,
            "current_ratio": 166.89,
            "debt_ratio": 50.81,
            "inventory_turnover_ratio": 0.86,
            "account_receivable_turnover_ratio": 1.39,
            "reinvestment_rate": 58.58,
            "research_to_sale_ratio": 1.82,
            "price_fair": 31.45,
            "eps_avg_yearly": 0.9,
            "eps_latest_yearly": 1.04,
            "eps_growth_yearly": 581.32
        },
        "20214": {
            "year_quarter": 20214,
            "year": 2021,
            "quarter": 4,
            "eps": 0.14,
            "eps_growth_year": -67.87,
            "eps_4q": 1.11,
            "eps_4q_growth_year": 34.11,
            "roe": 0.86,
            "roe_4q": 6.890000000000001,
            "gross_profit": 104879,
            "gross_margin": 11.13,
            "gross_margin_4q_avg": 14.94,
            "net_income": 17893,
            "net_income_4q": null,
            "revenue": 942441,
            "revenue_4q": null,
            "common_shares": 1298970,
            "book_valuer_per_share": 15.93,
            "book_valuer_per_share_4q_avg": 15.75,
            "equity": 2087887,
            "current_ratio": 166.71,
            "debt_ratio": 51.02,
            "inventory_turnover_ratio": 0.87,
            "account_receivable_turnover_ratio": 1.22,
            "reinvestment_rate": 89.17,
            "research_to_sale_ratio": 2.05,
            "price_fair": 30.26,
            "eps_avg_yearly": 0.86,
            "eps_latest_yearly": 0.56,
            "eps_growth_yearly": 561.25
        },
        "20221": {
            "year_quarter": 20221,
            "year": 2022,
            "quarter": 1,
            "eps": 0.26,
            "eps_growth_year": -25.71,
            "eps_4q": 1.02,
            "eps_4q_growth_year": -11.22,
            "roe": 1.61,
            "roe_4q": 6.34,
            "gross_profit": 114072,
            "gross_margin": 12.84,
            "gross_margin_4q_avg": 13.82,
            "net_income": 34427,
            "net_income_4q": null,
            "revenue": 888242,
            "revenue_4q": null,
            "common_shares": 1298970,
            "book_valuer_per_share": 16.79,
            "book_valuer_per_share_4q_avg": 16.06,
            "equity": 2200716,
            "current_ratio": 221.08,
            "debt_ratio": 47.81,
            "inventory_turnover_ratio": 0.83,
            "account_receivable_turnover_ratio": 1.21,
            "reinvestment_rate": 121.4,
            "research_to_sale_ratio": 1.91,
            "price_fair": 29.51,
            "eps_avg_yearly": 0.84,
            "eps_latest_yearly": 1.04,
            "eps_growth_yearly": 577.78
        },
        "20222": {
            "year_quarter": 20222,
            "year": 2022,
            "quarter": 2,
            "eps": 0.18,
            "eps_growth_year": -50,
            "eps_4q": 0.84,
            "eps_4q_growth_year": -37.87,
            "roe": 1.15,
            "roe_4q": 5.22,
            "gross_profit": 121651,
            "gross_margin": 14.82,
            "gross_margin_4q_avg": 13.07,
            "net_income": 25019,
            "net_income_4q": null,
            "revenue": 820805,
            "revenue_4q": null,
            "common_shares": 1298970,
            "book_valuer_per_share": 16.37,
            "book_valuer_per_share_4q_avg": 16.19,
            "equity": 2146649,
            "current_ratio": 230.94,
            "debt_ratio": 45.93,
            "inventory_turnover_ratio": 0.77,
            "account_receivable_turnover_ratio": 1.3,
            "reinvestment_rate": 120.08,
            "research_to_sale_ratio": 2.05,
            "price_fair": 29.18,
            "eps_avg_yearly": 0.83,
            "eps_latest_yearly": 0.72,
            "eps_growth_yearly": 579.5
        },
        "20223": {
            "year_quarter": 20223,
            "year": 2022,
            "quarter": 3,
            "eps": 0.2,
            "eps_growth_year": -23.08,
            "eps_4q": 0.79,
            "eps_4q_growth_year": -44.22,
            "roe": 1.29,
            "roe_4q": 4.91,
            "gross_profit": 95320,
            "gross_margin": 12.04,
            "gross_margin_4q_avg": 12.71,
            "net_income": 27943,
            "net_income_4q": null,
            "revenue": 791537,
            "revenue_4q": null,
            "common_shares": 1298970,
            "book_valuer_per_share": 16.61,
            "book_valuer_per_share_4q_avg": 16.43,
            "equity": 2179541,
            "current_ratio": 220.71,
            "debt_ratio": 45.39,
            "inventory_turnover_ratio": 0.81,
            "account_receivable_turnover_ratio": 1.37,
            "reinvestment_rate": 110.91,
            "research_to_sale_ratio": 1.77,
            "price_fair": 31.12,
            "eps_avg_yearly": 0.89,
            "eps_latest_yearly": 0.8,
            "eps_growth_yearly": 610.76
        },
        "20224": {
            "year_quarter": 20224,
            "year": 2022,
            "quarter": 4,
            "eps": -0.05,
            "eps_growth_year": -133.51,
            "eps_4q": 0.6,
            "eps_4q_growth_year": -46.22,
            "roe": -0.32,
            "roe_4q": 3.7300000000000004,
            "gross_profit": 75001,
            "gross_margin": 10.89,
            "gross_margin_4q_avg": 12.65,
            "net_income": -6820,
            "net_income_4q": null,
            "revenue": 688436,
            "revenue_4q": null,
            "common_shares": 1298970,
            "book_valuer_per_share": 16.28,
            "book_valuer_per_share_4q_avg": 16.51,
            "equity": 2136872,
            "current_ratio": 219.8,
            "debt_ratio": 44.96,
            "inventory_turnover_ratio": 0.75,
            "account_receivable_turnover_ratio": 1.28,
            "reinvestment_rate": 76.72,
            "research_to_sale_ratio": 2.11,
            "price_fair": 30.22,
            "eps_avg_yearly": 0.86,
            "eps_latest_yearly": 0.8,
            "eps_growth_yearly": 194.99
        },
        "20231": {
            "year_quarter": 20231,
            "year": 2023,
            "quarter": 1,
            "eps": -0.15,
            "eps_growth_year": -157.69,
            "eps_4q": 0.18,
            "eps_4q_growth_year": -82.13,
            "roe": -0.96,
            "roe_4q": 1.16,
            "gross_profit": 49225,
            "gross_margin": 7.91,
            "gross_margin_4q_avg": 11.42,
            "net_income": -20535,
            "net_income_4q": null,
            "revenue": 622284,
            "revenue_4q": null,
            "common_shares": 1298970,
            "book_valuer_per_share": 16.17,
            "book_valuer_per_share_4q_avg": 16.36,
            "equity": 2120993,
            "current_ratio": 205.1,
            "debt_ratio": 45.78,
            "inventory_turnover_ratio": 0.68,
            "account_receivable_turnover_ratio": 1.26,
            "reinvestment_rate": 81.25,
            "research_to_sale_ratio": 1.91,
            "price_fair": 32.71,
            "eps_avg_yearly": 0.93,
            "eps_latest_yearly": 0.8,
            "eps_growth_yearly": 246.66
        },
        "20232": {
            "year_quarter": 20232,
            "year": 2023,
            "quarter": 2,
            "eps": -0.18,
            "eps_growth_year": -200,
            "eps_4q": -0.18,
            "eps_4q_growth_year": -121.27,
            "roe": -1.12,
            "roe_4q": -1.1099999999999999,
            "gross_profit": 45865,
            "gross_margin": 7.98,
            "gross_margin_4q_avg": 9.71,
            "net_income": -23076,
            "net_income_4q": null,
            "revenue": 574815,
            "revenue_4q": null,
            "common_shares": 1298970,
            "book_valuer_per_share": 15.35,
            "book_valuer_per_share_4q_avg": 16.1,
            "equity": 2014831,
            "current_ratio": 200.35,
            "debt_ratio": 45.74,
            "inventory_turnover_ratio": 0.6,
            "account_receivable_turnover_ratio": 1.28,
            "reinvestment_rate": 76.54,
            "research_to_sale_ratio": 2.2,
            "price_fair": 32.71,
            "eps_avg_yearly": 0.93,
            "eps_latest_yearly": 0.8,
            "eps_growth_yearly": 246.66
        },
        "20233": {
            "year_quarter": 20233,
            "year": 2023,
            "quarter": 3,
            "eps": -0.27,
            "eps_growth_year": -235,
            "eps_4q": -0.65,
            "eps_4q_growth_year": -183.24,
            "roe": -1.71,
            "roe_4q": -4.11,
            "gross_profit": 54583,
            "gross_margin": 7.53,
            "gross_margin_4q_avg": 8.58,
            "net_income": -34430,
            "net_income_4q": null,
            "revenue": 725181,
            "revenue_4q": null,
            "common_shares": 1298970,
            "book_valuer_per_share": 15.27,
            "book_valuer_per_share_4q_avg": 15.77,
            "equity": 2006421,
            "current_ratio": 190.63,
            "debt_ratio": 46.42,
            "inventory_turnover_ratio": 0.77,
            "account_receivable_turnover_ratio": 1.5,
            "reinvestment_rate": 76.36,
            "research_to_sale_ratio": 1.54,
            "price_fair": 32.71,
            "eps_avg_yearly": 0.93,
            "eps_latest_yearly": 0.8,
            "eps_growth_yearly": 246.66
        }
    },
    "months": {
        "2001-06": {
            "month": "2001-06",
            "price": "12.78",
            "revenue": 197495
        },
        "2001-07": {
            "month": "2001-07",
            "price": "10.66",
            "revenue": 216069
        },
        "2001-08": {
            "month": "2001-08",
            "price": "10.77",
            "revenue": 213944
        },
        "2001-09": {
            "month": "2001-09",
            "price": "9.13",
            "revenue": 192390
        },
        "2001-10": {
            "month": "2001-10",
            "price": "9.03",
            "revenue": 256457
        },
        "2001-11": {
            "month": "2001-11",
            "price": "9.77",
            "revenue": 275418
        },
        "2001-12": {
            "month": "2001-12",
            "price": "11.16",
            "revenue": 261415
        },
        "2002-01": {
            "month": "2002-01",
            "price": "12.16",
            "revenue": 276362
        },
        "2002-02": {
            "month": "2002-02",
            "price": "12.77",
            "revenue": 195682
        },
        "2002-03": {
            "month": "2002-03",
            "price": "13.32",
            "revenue": 337228
        },
        "2002-04": {
            "month": "2002-04",
            "price": "15.02",
            "revenue": 326904
        },
        "2002-05": {
            "month": "2002-05",
            "price": "20.25",
            "revenue": 334575
        },
        "2002-06": {
            "month": "2002-06",
            "price": "20.67",
            "revenue": 248378
        },
        "2002-07": {
            "month": "2002-07",
            "price": "17.53",
            "revenue": 210411
        },
        "2002-08": {
            "month": "2002-08",
            "price": "16.08",
            "revenue": 228211
        },
        "2002-09": {
            "month": "2002-09",
            "price": "16.32",
            "revenue": 270053
        },
        "2002-10": {
            "month": "2002-10",
            "price": "16.30",
            "revenue": 307656
        },
        "2002-11": {
            "month": "2002-11",
            "price": "17.60",
            "revenue": 276719
        },
        "2002-12": {
            "month": "2002-12",
            "price": "17.35",
            "revenue": 283325
        },
        "2003-01": {
            "month": "2003-01",
            "price": "18.12",
            "revenue": 201340
        },
        "2003-02": {
            "month": "2003-02",
            "price": "16.72",
            "revenue": 204021
        },
        "2003-03": {
            "month": "2003-03",
            "price": "14.20",
            "revenue": 328931
        },
        "2003-04": {
            "month": "2003-04",
            "price": "13.70",
            "revenue": 325205
        },
        "2003-05": {
            "month": "2003-05",
            "price": "12.61",
            "revenue": 294155
        },
        "2003-06": {
            "month": "2003-06",
            "price": "13.53",
            "revenue": 260572
        },
        "2003-07": {
            "month": "2003-07",
            "price": "13.54",
            "revenue": 250707
        },
        "2003-08": {
            "month": "2003-08",
            "price": "13.15",
            "revenue": 253127
        },
        "2003-09": {
            "month": "2003-09",
            "price": "13.12",
            "revenue": 266828
        },
        "2003-10": {
            "month": "2003-10",
            "price": "13.16",
            "revenue": 294416
        },
        "2003-11": {
            "month": "2003-11",
            "price": "12.94",
            "revenue": 268929
        },
        "2003-12": {
            "month": "2003-12",
            "price": "12.94",
            "revenue": 311550
        },
        "2004-01": {
            "month": "2004-01",
            "price": "13.60",
            "revenue": 231205
        },
        "2004-02": {
            "month": "2004-02",
            "price": "14.46",
            "revenue": 317686
        },
        "2004-03": {
            "month": "2004-03",
            "price": "14.02",
            "revenue": 346393
        },
        "2004-04": {
            "month": "2004-04",
            "price": "13.98",
            "revenue": 303721
        },
        "2004-05": {
            "month": "2004-05",
            "price": "12.62",
            "revenue": 298952
        },
        "2004-06": {
            "month": "2004-06",
            "price": "12.47",
            "revenue": 266291
        },
        "2004-07": {
            "month": "2004-07",
            "price": "12.51",
            "revenue": 256011
        },
        "2004-08": {
            "month": "2004-08",
            "price": "10.90",
            "revenue": 263063
        },
        "2004-09": {
            "month": "2004-09",
            "price": "11.29",
            "revenue": 289941
        },
        "2004-10": {
            "month": "2004-10",
            "price": "11.03",
            "revenue": 342205
        },
        "2004-11": {
            "month": "2004-11",
            "price": "10.99",
            "revenue": 302365
        },
        "2004-12": {
            "month": "2004-12",
            "price": "11.91",
            "revenue": 287874
        },
        "2005-01": {
            "month": "2005-01",
            "price": "11.90",
            "revenue": 266171
        },
        "2005-02": {
            "month": "2005-02",
            "price": "11.89",
            "revenue": 190074
        },
        "2005-03": {
            "month": "2005-03",
            "price": "11.66",
            "revenue": 301386
        },
        "2005-04": {
            "month": "2005-04",
            "price": "10.82",
            "revenue": 279709
        },
        "2005-05": {
            "month": "2005-05",
            "price": "10.18",
            "revenue": 271260
        },
        "2005-06": {
            "month": "2005-06",
            "price": "10.06",
            "revenue": 278514
        },
        "2005-07": {
            "month": "2005-07",
            "price": "9.78",
            "revenue": 240980
        },
        "2005-08": {
            "month": "2005-08",
            "price": "9.13",
            "revenue": 263661
        },
        "2005-09": {
            "month": "2005-09",
            "price": "7.80",
            "revenue": 257416
        },
        "2005-10": {
            "month": "2005-10",
            "price": "7.69",
            "revenue": 284680
        },
        "2005-11": {
            "month": "2005-11",
            "price": "7.71",
            "revenue": 318214
        },
        "2005-12": {
            "month": "2005-12",
            "price": "8.02",
            "revenue": 292031
        },
        "2006-01": {
            "month": "2006-01",
            "price": "8.13",
            "revenue": 248490
        },
        "2006-02": {
            "month": "2006-02",
            "price": "8.09",
            "revenue": 281505
        },
        "2006-03": {
            "month": "2006-03",
            "price": "7.97",
            "revenue": 381056
        },
        "2006-04": {
            "month": "2006-04",
            "price": "8.80",
            "revenue": 293326
        },
        "2006-05": {
            "month": "2006-05",
            "price": "9.01",
            "revenue": 345856
        },
        "2006-06": {
            "month": "2006-06",
            "price": "8.14",
            "revenue": 292957
        },
        "2006-07": {
            "month": "2006-07",
            "price": "8.15",
            "revenue": 257292
        },
        "2006-08": {
            "month": "2006-08",
            "price": "8.14",
            "revenue": 272680
        },
        "2006-09": {
            "month": "2006-09",
            "price": "7.96",
            "revenue": 271606
        },
        "2006-10": {
            "month": "2006-10",
            "price": "8.53",
            "revenue": 255698
        },
        "2006-11": {
            "month": "2006-11",
            "price": "8.26",
            "revenue": 311434
        },
        "2006-12": {
            "month": "2006-12",
            "price": "8.85",
            "revenue": 293904
        },
        "2007-01": {
            "month": "2007-01",
            "price": "9.01",
            "revenue": 333858
        },
        "2007-02": {
            "month": "2007-02",
            "price": "9.06",
            "revenue": 182469
        },
        "2007-03": {
            "month": "2007-03",
            "price": "9.07",
            "revenue": 364855
        },
        "2007-04": {
            "month": "2007-04",
            "price": "9.82",
            "revenue": 315439
        },
        "2007-05": {
            "month": "2007-05",
            "price": "10.05",
            "revenue": 337894
        },
        "2007-06": {
            "month": "2007-06",
            "price": "10.05",
            "revenue": 282393
        },
        "2007-07": {
            "month": "2007-07",
            "price": "11.15",
            "revenue": 286550
        },
        "2007-08": {
            "month": "2007-08",
            "price": "10.78",
            "revenue": 366987
        },
        "2007-09": {
            "month": "2007-09",
            "price": "10.19",
            "revenue": 319313
        },
        "2007-10": {
            "month": "2007-10",
            "price": "10.33",
            "revenue": 333273
        },
        "2007-11": {
            "month": "2007-11",
            "price": "9.19",
            "revenue": 336003
        },
        "2007-12": {
            "month": "2007-12",
            "price": "8.64",
            "revenue": 315270
        },
        "2008-01": {
            "month": "2008-01",
            "price": "8.30",
            "revenue": 258646
        },
        "2008-02": {
            "month": "2008-02",
            "price": "8.28",
            "revenue": 225873
        },
        "2008-03": {
            "month": "2008-03",
            "price": "8.75",
            "revenue": 316999
        },
        "2008-04": {
            "month": "2008-04",
            "price": "9.00",
            "revenue": 293546
        },
        "2008-05": {
            "month": "2008-05",
            "price": "8.66",
            "revenue": 314042
        },
        "2008-06": {
            "month": "2008-06",
            "price": "8.01",
            "revenue": 267291
        },
        "2008-07": {
            "month": "2008-07",
            "price": "6.62",
            "revenue": 231519
        },
        "2008-08": {
            "month": "2008-08",
            "price": "6.31",
            "revenue": 225527
        },
        "2008-09": {
            "month": "2008-09",
            "price": "5.25",
            "revenue": 223930
        },
        "2008-10": {
            "month": "2008-10",
            "price": "4.13",
            "revenue": 228279
        },
        "2008-11": {
            "month": "2008-11",
            "price": "3.43",
            "revenue": 192410
        },
        "2008-12": {
            "month": "2008-12",
            "price": "3.44",
            "revenue": 218768
        },
        "2009-01": {
            "month": "2009-01",
            "price": "3.44",
            "revenue": 124866
        },
        "2009-02": {
            "month": "2009-02",
            "price": "3.59",
            "revenue": 205593
        },
        "2009-03": {
            "month": "2009-03",
            "price": "4.16",
            "revenue": 233171
        },
        "2009-04": {
            "month": "2009-04",
            "price": "4.87",
            "revenue": 202383
        },
        "2009-05": {
            "month": "2009-05",
            "price": "5.04",
            "revenue": 168003
        },
        "2009-06": {
            "month": "2009-06",
            "price": "4.95",
            "revenue": 196586
        },
        "2009-07": {
            "month": "2009-07",
            "price": "5.58",
            "revenue": 194698
        },
        "2009-08": {
            "month": "2009-08",
            "price": "6.18",
            "revenue": 168674
        },
        "2009-09": {
            "month": "2009-09",
            "price": "6.03",
            "revenue": 196044
        },
        "2009-10": {
            "month": "2009-10",
            "price": "6.49",
            "revenue": 216596
        },
        "2009-11": {
            "month": "2009-11",
            "price": "6.34",
            "revenue": 226160
        },
        "2009-12": {
            "month": "2009-12",
            "price": "6.60",
            "revenue": 249484
        },
        "2010-01": {
            "month": "2010-01",
            "price": "7.20",
            "revenue": 222811
        },
        "2010-02": {
            "month": "2010-02",
            "price": "6.44",
            "revenue": 166394
        },
        "2010-03": {
            "month": "2010-03",
            "price": "7.53",
            "revenue": 311498
        },
        "2010-04": {
            "month": "2010-04",
            "price": "8.66",
            "revenue": 300512
        },
        "2010-05": {
            "month": "2010-05",
            "price": "8.73",
            "revenue": 289345
        },
        "2010-06": {
            "month": "2010-06",
            "price": "8.45",
            "revenue": 238888
        },
        "2010-07": {
            "month": "2010-07",
            "price": "8.83",
            "revenue": 268778
        },
        "2010-08": {
            "month": "2010-08",
            "price": "10.18",
            "revenue": 253533
        },
        "2010-09": {
            "month": "2010-09",
            "price": "10.82",
            "revenue": 296429
        },
        "2010-10": {
            "month": "2010-10",
            "price": "12.26",
            "revenue": 350380
        },
        "2010-11": {
            "month": "2010-11",
            "price": "10.70",
            "revenue": 358775
        },
        "2010-12": {
            "month": "2010-12",
            "price": "11.13",
            "revenue": 382398
        },
        "2011-01": {
            "month": "2011-01",
            "price": "11.60",
            "revenue": 314409
        },
        "2011-02": {
            "month": "2011-02",
            "price": "11.41",
            "revenue": 243516
        },
        "2011-03": {
            "month": "2011-03",
            "price": "10.61",
            "revenue": 414474
        },
        "2011-04": {
            "month": "2011-04",
            "price": "10.68",
            "revenue": 408891
        },
        "2011-05": {
            "month": "2011-05",
            "price": "11.04",
            "revenue": 305086
        },
        "2011-06": {
            "month": "2011-06",
            "price": "10.57",
            "revenue": 295409
        },
        "2011-07": {
            "month": "2011-07",
            "price": "11.05",
            "revenue": 277337
        },
        "2011-08": {
            "month": "2011-08",
            "price": "10.81",
            "revenue": 305006
        },
        "2011-09": {
            "month": "2011-09",
            "price": "9.93",
            "revenue": 300049
        },
        "2011-10": {
            "month": "2011-10",
            "price": "8.59",
            "revenue": 247329
        },
        "2011-11": {
            "month": "2011-11",
            "price": "8.25",
            "revenue": 290290
        },
        "2011-12": {
            "month": "2011-12",
            "price": "7.51",
            "revenue": 273532
        },
        "2012-01": {
            "month": "2012-01",
            "price": "7.50",
            "revenue": 234544
        },
        "2012-02": {
            "month": "2012-02",
            "price": "8.36",
            "revenue": 273361
        },
        "2012-03": {
            "month": "2012-03",
            "price": "8.51",
            "revenue": 238647
        },
        "2012-04": {
            "month": "2012-04",
            "price": "7.35",
            "revenue": 239448
        },
        "2012-05": {
            "month": "2012-05",
            "price": "7.23",
            "revenue": 259151
        },
        "2012-06": {
            "month": "2012-06",
            "price": "6.91",
            "revenue": 256463
        },
        "2012-07": {
            "month": "2012-07",
            "price": "7.04",
            "revenue": 267997
        },
        "2012-08": {
            "month": "2012-08",
            "price": "7.07",
            "revenue": 239690
        },
        "2012-09": {
            "month": "2012-09",
            "price": "7.20",
            "revenue": 239770
        },
        "2012-10": {
            "month": "2012-10",
            "price": "6.96",
            "revenue": 275836
        },
        "2012-11": {
            "month": "2012-11",
            "price": "6.83",
            "revenue": 294764
        },
        "2012-12": {
            "month": "2012-12",
            "price": "7.01",
            "revenue": 264226
        },
        "2013-01": {
            "month": "2013-01",
            "price": "7.06",
            "revenue": 320835
        },
        "2013-02": {
            "month": "2013-02",
            "price": "6.96",
            "revenue": 228959
        },
        "2013-03": {
            "month": "2013-03",
            "price": "6.91",
            "revenue": 394039
        },
        "2013-04": {
            "month": "2013-04",
            "price": "6.71",
            "revenue": 296978
        },
        "2013-05": {
            "month": "2013-05",
            "price": "7.02",
            "revenue": 330368
        },
        "2013-06": {
            "month": "2013-06",
            "price": "7.30",
            "revenue": 275287
        },
        "2013-07": {
            "month": "2013-07",
            "price": "8.11",
            "revenue": 276068
        },
        "2013-08": {
            "month": "2013-08",
            "price": "9.35",
            "revenue": 247563
        },
        "2013-09": {
            "month": "2013-09",
            "price": "8.45",
            "revenue": 302397
        },
        "2013-10": {
            "month": "2013-10",
            "price": "9.21",
            "revenue": 325235
        },
        "2013-11": {
            "month": "2013-11",
            "price": "9.07",
            "revenue": 317411
        },
        "2013-12": {
            "month": "2013-12",
            "price": "9.40",
            "revenue": 284419
        },
        "2014-01": {
            "month": "2014-01",
            "price": "9.14",
            "revenue": 303314
        },
        "2014-02": {
            "month": "2014-02",
            "price": "8.87",
            "revenue": 244281
        },
        "2014-03": {
            "month": "2014-03",
            "price": "9.04",
            "revenue": 322155
        },
        "2014-04": {
            "month": "2014-04",
            "price": "9.08",
            "revenue": 290413
        },
        "2014-05": {
            "month": "2014-05",
            "price": "9.01",
            "revenue": 279801
        },
        "2014-06": {
            "month": "2014-06",
            "price": "8.94",
            "revenue": 223034
        },
        "2014-07": {
            "month": "2014-07",
            "price": "9.09",
            "revenue": 292032
        },
        "2014-08": {
            "month": "2014-08",
            "price": "8.98",
            "revenue": 284933
        },
        "2014-09": {
            "month": "2014-09",
            "price": "8.89",
            "revenue": 317374
        },
        "2014-10": {
            "month": "2014-10",
            "price": "8.34",
            "revenue": 301863
        },
        "2014-11": {
            "month": "2014-11",
            "price": "7.83",
            "revenue": 317283
        },
        "2014-12": {
            "month": "2014-12",
            "price": "8.05",
            "revenue": 357165
        },
        "2015-01": {
            "month": "2015-01",
            "price": "8.66",
            "revenue": 340148
        },
        "2015-02": {
            "month": "2015-02",
            "price": "8.81",
            "revenue": 195331
        },
        "2015-03": {
            "month": "2015-03",
            "price": "9.03",
            "revenue": 308359
        },
        "2015-04": {
            "month": "2015-04",
            "price": "9.50",
            "revenue": 316224
        },
        "2015-05": {
            "month": "2015-05",
            "price": "9.64",
            "revenue": 304299
        },
        "2015-06": {
            "month": "2015-06",
            "price": "11.72",
            "revenue": 279964
        },
        "2015-07": {
            "month": "2015-07",
            "price": "9.83",
            "revenue": 289989
        },
        "2015-08": {
            "month": "2015-08",
            "price": "8.85",
            "revenue": 281152
        },
        "2015-09": {
            "month": "2015-09",
            "price": "9.71",
            "revenue": 272562
        },
        "2015-10": {
            "month": "2015-10",
            "price": "10.37",
            "revenue": 294942
        },
        "2015-11": {
            "month": "2015-11",
            "price": "10.58",
            "revenue": 262042
        },
        "2015-12": {
            "month": "2015-12",
            "price": "9.40",
            "revenue": 356999
        },
        "2016-01": {
            "month": "2016-01",
            "price": "9.13",
            "revenue": 293343
        },
        "2016-02": {
            "month": "2016-02",
            "price": "9.83",
            "revenue": 222918
        },
        "2016-03": {
            "month": "2016-03",
            "price": "10.58",
            "revenue": 331942
        },
        "2016-04": {
            "month": "2016-04",
            "price": "10.46",
            "revenue": 282056
        },
        "2016-05": {
            "month": "2016-05",
            "price": "10.71",
            "revenue": 257527
        },
        "2016-06": {
            "month": "2016-06",
            "price": "10.39",
            "revenue": 270753
        },
        "2016-07": {
            "month": "2016-07",
            "price": "10.34",
            "revenue": 258367
        },
        "2016-08": {
            "month": "2016-08",
            "price": "10.33",
            "revenue": 252794
        },
        "2016-09": {
            "month": "2016-09",
            "price": "10.31",
            "revenue": 239544
        },
        "2016-10": {
            "month": "2016-10",
            "price": "11.70",
            "revenue": 248889
        },
        "2016-11": {
            "month": "2016-11",
            "price": "10.58",
            "revenue": 280993
        },
        "2016-12": {
            "month": "2016-12",
            "price": "11.05",
            "revenue": 304842
        },
        "2017-01": {
            "month": "2017-01",
            "price": "11.30",
            "revenue": 209404
        },
        "2017-02": {
            "month": "2017-02",
            "price": "11.40",
            "revenue": 243096
        },
        "2017-03": {
            "month": "2017-03",
            "price": "11.44",
            "revenue": 331820
        },
        "2017-04": {
            "month": "2017-04",
            "price": "11.30",
            "revenue": 254395
        },
        "2017-05": {
            "month": "2017-05",
            "price": "11.32",
            "revenue": 248157
        },
        "2017-06": {
            "month": "2017-06",
            "price": "11.51",
            "revenue": 270085
        },
        "2017-07": {
            "month": "2017-07",
            "price": "11.75",
            "revenue": 291934
        },
        "2017-08": {
            "month": "2017-08",
            "price": "11.23",
            "revenue": 293755
        },
        "2017-09": {
            "month": "2017-09",
            "price": "11.47",
            "revenue": 300176
        },
        "2017-10": {
            "month": "2017-10",
            "price": "11.67",
            "revenue": 275655
        },
        "2017-11": {
            "month": "2017-11",
            "price": "11.31",
            "revenue": 316589
        },
        "2017-12": {
            "month": "2017-12",
            "price": "11.20",
            "revenue": 326511
        },
        "2018-01": {
            "month": "2018-01",
            "price": "11.52",
            "revenue": 342782
        },
        "2018-02": {
            "month": "2018-02",
            "price": "11.24",
            "revenue": 171433
        },
        "2018-03": {
            "month": "2018-03",
            "price": "11.58",
            "revenue": 353957
        },
        "2018-04": {
            "month": "2018-04",
            "price": "11.82",
            "revenue": 295293
        },
        "2018-05": {
            "month": "2018-05",
            "price": "11.95",
            "revenue": 308233
        },
        "2018-06": {
            "month": "2018-06",
            "price": "12.18",
            "revenue": 336701
        },
        "2018-07": {
            "month": "2018-07",
            "price": "12.27",
            "revenue": 285269
        },
        "2018-08": {
            "month": "2018-08",
            "price": "11.54",
            "revenue": 340168
        },
        "2018-09": {
            "month": "2018-09",
            "price": "11.14",
            "revenue": 284759
        },
        "2018-10": {
            "month": "2018-10",
            "price": "10.78",
            "revenue": 302267
        },
        "2018-11": {
            "month": "2018-11",
            "price": "10.59",
            "revenue": 304915
        },
        "2018-12": {
            "month": "2018-12",
            "price": "10.58",
            "revenue": 291782
        },
        "2019-01": {
            "month": "2019-01",
            "price": "10.49",
            "revenue": 309742
        },
        "2019-02": {
            "month": "2019-02",
            "price": "10.60",
            "revenue": 220731
        },
        "2019-03": {
            "month": "2019-03",
            "price": "10.70",
            "revenue": 333464
        },
        "2019-04": {
            "month": "2019-04",
            "price": "10.60",
            "revenue": 304444
        },
        "2019-05": {
            "month": "2019-05",
            "price": "10.15",
            "revenue": 296464
        },
        "2019-06": {
            "month": "2019-06",
            "price": "10.03",
            "revenue": 252790
        },
        "2019-07": {
            "month": "2019-07",
            "price": "9.97",
            "revenue": 289874
        },
        "2019-08": {
            "month": "2019-08",
            "price": "9.52",
            "revenue": 290603
        },
        "2019-09": {
            "month": "2019-09",
            "price": "9.01",
            "revenue": 262086
        },
        "2019-10": {
            "month": "2019-10",
            "price": "8.98",
            "revenue": 278500
        },
        "2019-11": {
            "month": "2019-11",
            "price": "9.24",
            "revenue": 307532
        },
        "2019-12": {
            "month": "2019-12",
            "price": "9.59",
            "revenue": 306183
        },
        "2020-01": {
            "month": "2020-01",
            "price": "9.65",
            "revenue": 172985
        },
        "2020-02": {
            "month": "2020-02",
            "price": "10.12",
            "revenue": 203686
        },
        "2020-03": {
            "month": "2020-03",
            "price": "8.77",
            "revenue": 302680
        },
        "2020-04": {
            "month": "2020-04",
            "price": "9.17",
            "revenue": 189267
        },
        "2020-05": {
            "month": "2020-05",
            "price": "10.02",
            "revenue": 194160
        },
        "2020-06": {
            "month": "2020-06",
            "price": "15.08",
            "revenue": 209272
        },
        "2020-07": {
            "month": "2020-07",
            "price": "14.00",
            "revenue": 242144
        },
        "2020-08": {
            "month": "2020-08",
            "price": "13.35",
            "revenue": 225541
        },
        "2020-09": {
            "month": "2020-09",
            "price": "12.44",
            "revenue": 271516
        },
        "2020-10": {
            "month": "2020-10",
            "price": "12.41",
            "revenue": 275559
        },
        "2020-11": {
            "month": "2020-11",
            "price": "12.71",
            "revenue": 294124
        },
        "2020-12": {
            "month": "2020-12",
            "price": "12.82",
            "revenue": 277543
        },
        "2021-01": {
            "month": "2021-01",
            "price": "12.28",
            "revenue": 273395
        },
        "2021-02": {
            "month": "2021-02",
            "price": "11.87",
            "revenue": 187312
        },
        "2021-03": {
            "month": "2021-03",
            "price": "12.57",
            "revenue": 328823
        },
        "2021-04": {
            "month": "2021-04",
            "price": "14.61",
            "revenue": 265400
        },
        "2021-05": {
            "month": "2021-05",
            "price": "16.44",
            "revenue": 273149
        },
        "2021-06": {
            "month": "2021-06",
            "price": "16.40",
            "revenue": 270784
        },
        "2021-07": {
            "month": "2021-07",
            "price": "15.09",
            "revenue": 319317
        },
        "2021-08": {
            "month": "2021-08",
            "price": "14.59",
            "revenue": 318031
        },
        "2021-09": {
            "month": "2021-09",
            "price": "15.42",
            "revenue": 325217
        },
        "2021-10": {
            "month": "2021-10",
            "price": "15.20",
            "revenue": 304949
        },
        "2021-11": {
            "month": "2021-11",
            "price": "15.06",
            "revenue": 320263
        },
        "2021-12": {
            "month": "2021-12",
            "price": "15.18",
            "revenue": 317229
        },
        "2022-01": {
            "month": "2022-01",
            "price": "15.50",
            "revenue": 302638
        },
        "2022-02": {
            "month": "2022-02",
            "price": "15.35",
            "revenue": 235820
        },
        "2022-03": {
            "month": "2022-03",
            "price": "15.18",
            "revenue": 349784
        },
        "2022-04": {
            "month": "2022-04",
            "price": "14.31",
            "revenue": 307823
        },
        "2022-05": {
            "month": "2022-05",
            "price": "12.97",
            "revenue": 263236
        },
        "2022-06": {
            "month": "2022-06",
            "price": "12.66",
            "revenue": 249746
        },
        "2022-07": {
            "month": "2022-07",
            "price": "11.59",
            "revenue": 264396
        },
        "2022-08": {
            "month": "2022-08",
            "price": "11.98",
            "revenue": 286882
        },
        "2022-09": {
            "month": "2022-09",
            "price": "12.35",
            "revenue": 240259
        },
        "2022-10": {
            "month": "2022-10",
            "price": "11.12",
            "revenue": 223226
        },
        "2022-11": {
            "month": "2022-11",
            "price": "11.26",
            "revenue": 239942
        },
        "2022-12": {
            "month": "2022-12",
            "price": "12.09",
            "revenue": 225268
        },
        "2023-01": {
            "month": "2023-01",
            "price": "12.06",
            "revenue": 145194
        },
        "2023-02": {
            "month": "2023-02",
            "price": "12.15",
            "revenue": 237080
        },
        "2023-03": {
            "month": "2023-03",
            "price": "12.26",
            "revenue": 240011
        },
        "2023-04": {
            "month": "2023-04",
            "price": "12.70",
            "revenue": 182117
        },
        "2023-05": {
            "month": "2023-05",
            "price": "12.51",
            "revenue": 193819
        },
        "2023-06": {
            "month": "2023-06",
            "price": "12.84",
            "revenue": 198878
        },
        "2023-07": {
            "month": "2023-07",
            "price": "12.53",
            "revenue": 231620
        },
        "2023-08": {
            "month": "2023-08",
            "price": "11.98",
            "revenue": 257924
        },
        "2023-09": {
            "month": "2023-09",
            "price": "11.54",
            "revenue": 235637
        },
        "2023-10": {
            "month": "2023-10",
            "price": "11.32",
            "revenue": 223492
        },
        "2023-11": {
            "month": "2023-11",
            "price": "11.56",
            "revenue": 276872
        },
        "2023-12": {
            "month": "2023-12",
            "price": "11.94",
            "revenue": 263082
        }
    }
}
