{
    "summary": {
        "stock_name": "業旺",
        "stock_id": "1475",
        "category": "紡織纖維",
        "main_business": "提花布織造、染整與銷售",
        "website_url": "http://www.big-sunshine.com.tw",
        "ceo": "陳坤木",
        "pe_ratio": 7,
        "report_year_from": 2001,
        "report_year_to": 2023,
        "age": 23,
        "eps_negative_percentage": 78,
        "eps_growth_avg": {
            "last_all": 17.36,
            "last_2y": 56.49,
            "last_4y": 56.49,
            "last_8y": 17.36,
            "last_12y": 17.36,
            "last_16y": 17.36,
            "last_20y": 17.36,
            "at_2006_last_3y": null,
            "at_2007_last_3y": null,
            "at_2008_last_3y": null,
            "at_2009_last_3y": null,
            "at_2010_last_3y": null,
            "at_2011_last_3y": null,
            "at_2012_last_3y": null,
            "at_2013_last_3y": null,
            "at_2014_last_3y": null,
            "at_2015_last_3y": null,
            "at_2016_last_3y": -100,
            "at_2017_last_3y": -100,
            "at_2018_last_3y": -100,
            "at_2019_last_3y": -100,
            "at_2020_last_3y": null,
            "at_2021_last_3y": 100,
            "at_2022_last_3y": 100,
            "at_2023_last_3y": 56.49,
            "at_2024_last_3y": 56.49,
            "at_2006_last_all": null,
            "at_2007_last_all": null,
            "at_2008_last_all": null,
            "at_2009_last_all": null,
            "at_2010_last_all": null,
            "at_2011_last_all": null,
            "at_2012_last_all": null,
            "at_2013_last_all": null,
            "at_2014_last_all": null,
            "at_2015_last_all": null,
            "at_2016_last_all": -100,
            "at_2017_last_all": -100,
            "at_2018_last_all": -100,
            "at_2019_last_all": -100,
            "at_2020_last_all": -100,
            "at_2021_last_all": 0,
            "at_2022_last_all": 33.33,
            "at_2023_last_all": 17.36,
            "at_2024_last_all": 17.36
        },
        "latest_eps": 5.83,
        "latest_price": 42.55,
        "latest_roe": 24.54,
        "latest_gross_margin": 21.4,
        "latest_equity": 1215194,
        "latest_revenue": 290560,
        "latest_gross_profit": 62180,
        "latest_net_income": 77797,
        "latest_debt_ratio": 20.13,
        "latest_current_ratio": 499.96,
        "latest_account_receivable_turnover_ratio": 0.71,
        "latest_inventory_turnover_ratio": 5.48,
        "latest_reinvestment_rate": -0.4,
        "latest_research_to_sale_ratio": null
    },
    "eps_dividends": {
        "1998": {
            "cash": 1.6,
            "stock": 1.6,
            "eps": 0
        },
        "2001": {
            "cash": 0,
            "stock": 0,
            "eps": -1.05
        },
        "2002": {
            "cash": 0,
            "stock": 0,
            "eps": -1.67
        },
        "2003": {
            "cash": 0,
            "stock": 0,
            "eps": -3.98
        },
        "2004": {
            "cash": 0,
            "stock": 0,
            "eps": -5.55
        },
        "2005": {
            "cash": 0,
            "stock": 0,
            "eps": -3.57
        },
        "2006": {
            "cash": 0,
            "stock": 0,
            "eps": -3.56
        },
        "2007": {
            "cash": 0,
            "stock": 0,
            "eps": -2.44
        },
        "2008": {
            "cash": 0,
            "stock": 0,
            "eps": -5.18
        },
        "2009": {
            "cash": 0,
            "stock": 0,
            "eps": -2.62
        },
        "2010": {
            "cash": 0,
            "stock": 0,
            "eps": -1.58
        },
        "2011": {
            "cash": 0,
            "stock": 0,
            "eps": -2.42
        },
        "2012": {
            "cash": 0,
            "stock": 0,
            "eps": -1.58
        },
        "2013": {
            "cash": 0,
            "stock": 0,
            "eps": -1.47
        },
        "2014": {
            "cash": 0,
            "stock": 0,
            "eps": -0.79
        },
        "2015": {
            "cash": 0,
            "stock": 0,
            "eps": 1.78
        },
        "2016": {
            "cash": 0,
            "stock": 0,
            "eps": -1.95
        },
        "2017": {
            "cash": 0,
            "stock": 0,
            "eps": -11.06
        },
        "2018": {
            "cash": 0,
            "stock": 0,
            "eps": -4.02
        },
        "2019": {
            "cash": 0,
            "stock": 0,
            "eps": -1.28
        },
        "2020": {
            "cash": 0,
            "stock": 0,
            "eps": 0.24
        },
        "2021": {
            "cash": 0,
            "stock": 0,
            "eps": 3.34
        },
        "2022": {
            "cash": 0,
            "stock": 0,
            "eps": 11.82
        },
        "2023": {
            "cash": 1,
            "stock": 0,
            "eps": 8.21
        }
    },
    "dividends": {
        "1998-04-03": {
            "cash": 1.6,
            "stock": 1.6
        },
        "2023-03-14": {
            "cash": 0.5,
            "stock": 0
        },
        "2023-09-08": {
            "cash": 0.5,
            "stock": 0
        }
    },
    "prices": {
        "200101": "23.97",
        "200102": "27.15",
        "200103": "26.59",
        "200104": "30.57",
        "200105": "26.89",
        "200106": "23.24",
        "200107": "19.52",
        "200108": "20.26",
        "200109": "19.55",
        "200110": "16.44",
        "200111": "20.35",
        "200112": "24.19",
        "200201": "27.13",
        "200202": "28.94",
        "200203": "29.87",
        "200204": "30.52",
        "200205": "31.44",
        "200206": "30.53",
        "200207": "26.69",
        "200208": "26.41",
        "200209": "27.72",
        "200210": "27.27",
        "200211": "29.15",
        "200212": "29.14",
        "200301": "27.98",
        "200302": "27.76",
        "200303": "27.27",
        "200304": "27.36",
        "200305": "26.91",
        "200306": "28.54",
        "200307": "26.61",
        "200308": "24.86",
        "200309": "24.03",
        "200310": "22.62",
        "200311": "21.31",
        "200312": "21.63",
        "200401": "23.36",
        "200402": "23.04",
        "200403": "24.16",
        "200404": "25.02",
        "200405": "23.88",
        "200406": "24.15",
        "200407": "24.13",
        "200408": "19.52",
        "200409": "17.23",
        "200410": "12.95",
        "200411": "10.56",
        "200412": "12.57",
        "200501": "11.03",
        "200502": "無",
        "200503": "21.68",
        "200504": "20.78",
        "200505": "21.00",
        "200506": "23.97",
        "200507": "22.82",
        "200508": "24.38",
        "200509": "27.81",
        "200510": "29.08",
        "200511": "27.06",
        "200512": "27.90",
        "200601": "25.18",
        "200602": "24.94",
        "200603": "24.66",
        "200604": "25.97",
        "200605": "25.08",
        "200606": "23.94",
        "200607": "23.26",
        "200608": "19.42",
        "200609": "15.06",
        "200610": "11.44",
        "200611": "10.42",
        "200612": "12.02",
        "200701": "9.81",
        "200702": "10.41",
        "200703": "9.82",
        "200704": "12.12",
        "200705": "13.79",
        "200706": "14.79",
        "200707": "17.29",
        "200708": "16.20",
        "200709": "15.72",
        "200710": "15.01",
        "200711": "13.28",
        "200712": "12.58",
        "200801": "12.92",
        "200802": "13.81",
        "200803": "19.06",
        "200804": "17.23",
        "200805": "15.25",
        "200806": "15.79",
        "200807": "14.47",
        "200808": "12.12",
        "200809": "11.70",
        "200810": "9.93",
        "200811": "10.69",
        "200812": "6.22",
        "200901": "4.93",
        "200902": "4.84",
        "200903": "5.49",
        "200904": "7.71",
        "200905": "6.45",
        "200906": "6.44",
        "200907": "5.67",
        "200908": "5.33",
        "200909": "9.45",
        "200910": "9.50",
        "200911": "10.11",
        "200912": "9.99",
        "201001": "10.68",
        "201002": "9.19",
        "201003": "11.34",
        "201004": "14.42",
        "201005": "13.98",
        "201006": "13.54",
        "201007": "14.96",
        "201008": "15.06",
        "201009": "13.99",
        "201010": "13.80",
        "201011": "14.05",
        "201012": "13.75",
        "201101": "12.71",
        "201102": "11.31",
        "201103": "10.43",
        "201104": "10.67",
        "201105": "10.62",
        "201106": "10.39",
        "201107": "8.87",
        "201108": "7.03",
        "201109": "6.48",
        "201110": "6.09",
        "201111": "5.99",
        "201112": "8.05",
        "201201": "7.20",
        "201202": "7.60",
        "201203": "7.98",
        "201204": "7.63",
        "201205": "7.42",
        "201206": "8.12",
        "201207": "7.83",
        "201208": "8.53",
        "201209": "7.78",
        "201210": "7.25",
        "201211": "7.09",
        "201212": "7.69",
        "201301": "8.76",
        "201302": "8.55",
        "201303": "8.42",
        "201304": "9.03",
        "201305": "8.39",
        "201306": "6.53",
        "201307": "5.80",
        "201308": "5.45",
        "201309": "6.06",
        "201310": "6.74",
        "201311": "7.79",
        "201312": "13.36",
        "201401": "14.18",
        "201402": "15.88",
        "201403": "22.86",
        "201404": "22.15",
        "201405": "18.51",
        "201406": "17.31",
        "201407": "15.70",
        "201408": "14.84",
        "201409": "17.09",
        "201410": "15.96",
        "201411": "15.39",
        "201412": "15.23",
        "201501": "14.22",
        "201502": "12.77",
        "201503": "10.85",
        "201504": "9.49",
        "201505": "10.04",
        "201506": "9.54",
        "201507": "8.90",
        "201508": "7.51",
        "201509": "7.52",
        "201510": "8.10",
        "201511": "8.28",
        "201512": "9.02",
        "201601": "8.32",
        "201602": "8.12",
        "201603": "8.26",
        "201604": "8.79",
        "201605": "7.68",
        "201606": "7.49",
        "201607": "8.89",
        "201608": "11.96",
        "201609": "10.06",
        "201610": "8.29",
        "201611": "7.73",
        "201612": "7.83",
        "201701": "7.72",
        "201702": "9.58",
        "201703": "9.97",
        "201704": "13.60",
        "201705": "14.17",
        "201706": "20.70",
        "201707": "27.72",
        "201708": "41.18",
        "201709": "39.01",
        "201710": "39.43",
        "201711": "125.28",
        "201712": "102.17",
        "201801": "46.11",
        "201802": "45.28",
        "201803": "41.67",
        "201804": "27.72",
        "201805": "25.92",
        "201806": "25.02",
        "201807": "21.39",
        "201808": "19.88",
        "201809": "11.98",
        "201810": "10.47",
        "201811": "9.93",
        "201812": "11.17",
        "201901": "10.36",
        "201902": "10.68",
        "201903": "8.70",
        "201904": "7.51",
        "201905": "7.05",
        "201906": "6.55",
        "201907": "5.72",
        "201908": "5.23",
        "201909": "5.45",
        "201910": "4.92",
        "201911": "4.77",
        "201912": "4.55",
        "202001": "7.15",
        "202002": "11.76",
        "202003": "7.47",
        "202004": "9.39",
        "202005": "14.38",
        "202006": "15.24",
        "202007": "17.47",
        "202008": "19.21",
        "202009": "24.58",
        "202010": "25.49",
        "202011": "23.19",
        "202012": "29.94",
        "202101": "37.01",
        "202102": "36.02",
        "202103": "38.87",
        "202104": "46.30",
        "202105": "39.11",
        "202106": "38.44",
        "202107": "34.83",
        "202108": "34.50",
        "202109": "42.13",
        "202110": "48.09",
        "202111": "48.86",
        "202112": "49.46",
        "202201": "58.99",
        "202202": "65.85",
        "202203": "63.09",
        "202204": "67.73",
        "202205": "69.37",
        "202206": "63.75",
        "202207": "57.57",
        "202208": "60.11",
        "202209": "54.42",
        "202210": "50.68",
        "202211": "61.22",
        "202212": "65.60",
        "202301": "67.26",
        "202302": "69.69",
        "202303": "62.30",
        "202304": "54.64",
        "202305": "55.56",
        "202306": "56.88",
        "202307": "54.38",
        "202308": "52.10",
        "202309": "52.56",
        "202310": "51.28",
        "202311": "51.09",
        "202312": "43.27"
    },
    "quarters": {
        "20011": {
            "year_quarter": 20011,
            "year": 2001,
            "quarter": 1,
            "eps": -0.07,
            "eps_growth_year": -150,
            "eps_4q": -1.5,
            "eps_4q_growth_year": -317.64,
            "roe": -0.72,
            "roe_4q": -0.72,
            "gross_profit": 75724,
            "gross_margin": 20.43,
            "gross_margin_4q_avg": 20.43,
            "net_income": -6849,
            "net_income_4q": null,
            "revenue": 370715,
            "revenue_4q": null,
            "common_shares": 976721,
            "book_valuer_per_share": 9.76,
            "book_valuer_per_share_4q_avg": 9.76,
            "equity": 952960,
            "current_ratio": 97.04,
            "debt_ratio": 61.39,
            "inventory_turnover_ratio": 0.37,
            "account_receivable_turnover_ratio": null,
            "reinvestment_rate": null,
            "research_to_sale_ratio": null,
            "price_fair": 0,
            "eps_avg_yearly": 0,
            "eps_latest_yearly": 0,
            "eps_growth_yearly": 0
        },
        "20012": {
            "year_quarter": 20012,
            "year": 2001,
            "quarter": 2,
            "eps": -0.44,
            "eps_growth_year": -222.22,
            "eps_4q": -2.23,
            "eps_4q_growth_year": -349.19,
            "roe": -4.6,
            "roe_4q": -5.319999999999999,
            "gross_profit": 59069,
            "gross_margin": 13.99,
            "gross_margin_4q_avg": 17.21,
            "net_income": -42833,
            "net_income_4q": null,
            "revenue": 422175,
            "revenue_4q": null,
            "common_shares": 976721,
            "book_valuer_per_share": 9.32,
            "book_valuer_per_share_4q_avg": 9.54,
            "equity": 910316,
            "current_ratio": 103.3,
            "debt_ratio": 60.84,
            "inventory_turnover_ratio": 0.5,
            "account_receivable_turnover_ratio": null,
            "reinvestment_rate": null,
            "research_to_sale_ratio": null,
            "price_fair": 0,
            "eps_avg_yearly": 0,
            "eps_latest_yearly": 0,
            "eps_growth_yearly": 0
        },
        "20013": {
            "year_quarter": 20013,
            "year": 2001,
            "quarter": 3,
            "eps": -0.2,
            "eps_growth_year": null,
            "eps_4q": -2.2,
            "eps_4q_growth_year": -721.46,
            "roe": -2.16,
            "roe_4q": -7.4799999999999995,
            "gross_profit": 38786,
            "gross_margin": 17.27,
            "gross_margin_4q_avg": 17.23,
            "net_income": -19491,
            "net_income_4q": null,
            "revenue": 224603,
            "revenue_4q": null,
            "common_shares": 976721,
            "book_valuer_per_share": 9.12,
            "book_valuer_per_share_4q_avg": 9.4,
            "equity": 890821,
            "current_ratio": 102.3,
            "debt_ratio": 59.41,
            "inventory_turnover_ratio": 0.28,
            "account_receivable_turnover_ratio": null,
            "reinvestment_rate": null,
            "research_to_sale_ratio": null,
            "price_fair": 0,
            "eps_avg_yearly": 0,
            "eps_latest_yearly": 0,
            "eps_growth_yearly": 0
        },
        "20014": {
            "year_quarter": 20014,
            "year": 2001,
            "quarter": 4,
            "eps": -0.34,
            "eps_growth_year": null,
            "eps_4q": -1.05,
            "eps_4q_growth_year": null,
            "roe": -3.82,
            "roe_4q": -11.3,
            "gross_profit": 26856,
            "gross_margin": 12.95,
            "gross_margin_4q_avg": 16.16,
            "net_income": -33405,
            "net_income_4q": null,
            "revenue": 207359,
            "revenue_4q": null,
            "common_shares": 976721,
            "book_valuer_per_share": 8.78,
            "book_valuer_per_share_4q_avg": 9.25,
            "equity": 857428,
            "current_ratio": 100.68,
            "debt_ratio": 58.57,
            "inventory_turnover_ratio": 0.28,
            "account_receivable_turnover_ratio": null,
            "reinvestment_rate": null,
            "research_to_sale_ratio": null,
            "price_fair": 0,
            "eps_avg_yearly": 0,
            "eps_latest_yearly": 0,
            "eps_growth_yearly": 0
        },
        "20021": {
            "year_quarter": 20021,
            "year": 2002,
            "quarter": 1,
            "eps": -0.32,
            "eps_growth_year": null,
            "eps_4q": -1.3,
            "eps_4q_growth_year": null,
            "roe": -3.72,
            "roe_4q": -14.299999999999999,
            "gross_profit": 25939,
            "gross_margin": 14.43,
            "gross_margin_4q_avg": 14.66,
            "net_income": -31341,
            "net_income_4q": null,
            "revenue": 179757,
            "revenue_4q": null,
            "common_shares": 976721,
            "book_valuer_per_share": 8.46,
            "book_valuer_per_share_4q_avg": 8.92,
            "equity": 826294,
            "current_ratio": 92.79,
            "debt_ratio": 60.45,
            "inventory_turnover_ratio": 0.24,
            "account_receivable_turnover_ratio": null,
            "reinvestment_rate": null,
            "research_to_sale_ratio": null,
            "price_fair": 0,
            "eps_avg_yearly": 0,
            "eps_latest_yearly": 0,
            "eps_growth_yearly": 0
        },
        "20022": {
            "year_quarter": 20022,
            "year": 2002,
            "quarter": 2,
            "eps": -0.48,
            "eps_growth_year": null,
            "eps_4q": -1.34,
            "eps_4q_growth_year": null,
            "roe": -5.79,
            "roe_4q": -15.49,
            "gross_profit": 36631,
            "gross_margin": 16.29,
            "gross_margin_4q_avg": 15.24,
            "net_income": -46461,
            "net_income_4q": null,
            "revenue": 224866,
            "revenue_4q": null,
            "common_shares": 976721,
            "book_valuer_per_share": 7.98,
            "book_valuer_per_share_4q_avg": 8.59,
            "equity": 779568,
            "current_ratio": 80.69,
            "debt_ratio": 60.52,
            "inventory_turnover_ratio": 0.3,
            "account_receivable_turnover_ratio": null,
            "reinvestment_rate": null,
            "research_to_sale_ratio": null,
            "price_fair": 0,
            "eps_avg_yearly": 0,
            "eps_latest_yearly": 0,
            "eps_growth_yearly": 0
        },
        "20023": {
            "year_quarter": 20023,
            "year": 2002,
            "quarter": 3,
            "eps": -0.39,
            "eps_growth_year": null,
            "eps_4q": -1.53,
            "eps_4q_growth_year": null,
            "roe": -5.07,
            "roe_4q": -18.4,
            "gross_profit": 32449,
            "gross_margin": 13.64,
            "gross_margin_4q_avg": 14.33,
            "net_income": -38517,
            "net_income_4q": null,
            "revenue": 237861,
            "revenue_4q": null,
            "common_shares": 976721,
            "book_valuer_per_share": 7.59,
            "book_valuer_per_share_4q_avg": 8.2,
            "equity": 741275,
            "current_ratio": 80.69,
            "debt_ratio": 60.96,
            "inventory_turnover_ratio": 0.34,
            "account_receivable_turnover_ratio": null,
            "reinvestment_rate": null,
            "research_to_sale_ratio": null,
            "price_fair": 0,
            "eps_avg_yearly": 0,
            "eps_latest_yearly": 0,
            "eps_growth_yearly": 0
        },
        "20024": {
            "year_quarter": 20024,
            "year": 2002,
            "quarter": 4,
            "eps": -0.48,
            "eps_growth_year": null,
            "eps_4q": -1.67,
            "eps_4q_growth_year": null,
            "roe": -6.56,
            "roe_4q": -21.139999999999997,
            "gross_profit": 33112,
            "gross_margin": 13.82,
            "gross_margin_4q_avg": 14.55,
            "net_income": -47103,
            "net_income_4q": null,
            "revenue": 239680,
            "revenue_4q": null,
            "common_shares": 976721,
            "book_valuer_per_share": 7.11,
            "book_valuer_per_share_4q_avg": 7.79,
            "equity": 694155,
            "current_ratio": 80.32,
            "debt_ratio": 61.74,
            "inventory_turnover_ratio": 0.34,
            "account_receivable_turnover_ratio": null,
            "reinvestment_rate": null,
            "research_to_sale_ratio": null,
            "price_fair": 0,
            "eps_avg_yearly": 0,
            "eps_latest_yearly": 0,
            "eps_growth_yearly": 0
        },
        "20031": {
            "year_quarter": 20031,
            "year": 2003,
            "quarter": 1,
            "eps": -0.53,
            "eps_growth_year": null,
            "eps_4q": -1.87,
            "eps_4q_growth_year": null,
            "roe": -7.79,
            "roe_4q": -25.21,
            "gross_profit": 21344,
            "gross_margin": 13.05,
            "gross_margin_4q_avg": 14.2,
            "net_income": -52048,
            "net_income_4q": null,
            "revenue": 163582,
            "revenue_4q": null,
            "common_shares": 976721,
            "book_valuer_per_share": 6.57,
            "book_valuer_per_share_4q_avg": 7.31,
            "equity": 642104,
            "current_ratio": 77.09,
            "debt_ratio": 63.8,
            "inventory_turnover_ratio": 0.24,
            "account_receivable_turnover_ratio": null,
            "reinvestment_rate": null,
            "research_to_sale_ratio": null,
            "price_fair": 0,
            "eps_avg_yearly": 0,
            "eps_latest_yearly": 0,
            "eps_growth_yearly": 0
        },
        "20032": {
            "year_quarter": 20032,
            "year": 2003,
            "quarter": 2,
            "eps": -1.45,
            "eps_growth_year": null,
            "eps_4q": -2.86,
            "eps_4q_growth_year": null,
            "roe": -24.79,
            "roe_4q": -44.21,
            "gross_profit": 30908,
            "gross_margin": 14.29,
            "gross_margin_4q_avg": 13.7,
            "net_income": -141598,
            "net_income_4q": null,
            "revenue": 216225,
            "revenue_4q": null,
            "common_shares": 976721,
            "book_valuer_per_share": 5.12,
            "book_valuer_per_share_4q_avg": 6.6,
            "equity": 500500,
            "current_ratio": 70.38,
            "debt_ratio": 70.3,
            "inventory_turnover_ratio": 0.34,
            "account_receivable_turnover_ratio": null,
            "reinvestment_rate": null,
            "research_to_sale_ratio": null,
            "price_fair": 0,
            "eps_avg_yearly": 0,
            "eps_latest_yearly": 0,
            "eps_growth_yearly": 0
        },
        "20033": {
            "year_quarter": 20033,
            "year": 2003,
            "quarter": 3,
            "eps": -0.1,
            "eps_growth_year": null,
            "eps_4q": -2.57,
            "eps_4q_growth_year": null,
            "roe": -1.99,
            "roe_4q": -41.13,
            "gross_profit": 29727,
            "gross_margin": 12.31,
            "gross_margin_4q_avg": 13.37,
            "net_income": -9879,
            "net_income_4q": null,
            "revenue": 241528,
            "revenue_4q": null,
            "common_shares": 976721,
            "book_valuer_per_share": 5.02,
            "book_valuer_per_share_4q_avg": 5.96,
            "equity": 490567,
            "current_ratio": 69.66,
            "debt_ratio": 70.62,
            "inventory_turnover_ratio": 0.43,
            "account_receivable_turnover_ratio": null,
            "reinvestment_rate": null,
            "research_to_sale_ratio": null,
            "price_fair": 0,
            "eps_avg_yearly": 0,
            "eps_latest_yearly": 0,
            "eps_growth_yearly": 0
        },
        "20034": {
            "year_quarter": 20034,
            "year": 2003,
            "quarter": 4,
            "eps": -1.9,
            "eps_growth_year": null,
            "eps_4q": -3.98,
            "eps_4q_growth_year": null,
            "roe": -31,
            "roe_4q": -65.57000000000001,
            "gross_profit": -46769,
            "gross_margin": -22.92,
            "gross_margin_4q_avg": 4.18,
            "net_income": -185367,
            "net_income_4q": null,
            "revenue": 204068,
            "revenue_4q": null,
            "common_shares": 976722,
            "book_valuer_per_share": 7.22,
            "book_valuer_per_share_4q_avg": 5.98,
            "equity": 705201,
            "current_ratio": 89.25,
            "debt_ratio": 53.67,
            "inventory_turnover_ratio": 0.61,
            "account_receivable_turnover_ratio": null,
            "reinvestment_rate": null,
            "research_to_sale_ratio": null,
            "price_fair": 0,
            "eps_avg_yearly": 0,
            "eps_latest_yearly": 0,
            "eps_growth_yearly": 0
        },
        "20041": {
            "year_quarter": 20041,
            "year": 2004,
            "quarter": 1,
            "eps": -0.28,
            "eps_growth_year": null,
            "eps_4q": -4.15,
            "eps_4q_growth_year": null,
            "roe": -3.52,
            "roe_4q": -61.300000000000004,
            "gross_profit": -22271,
            "gross_margin": -12.44,
            "gross_margin_4q_avg": -2.19,
            "net_income": -24399,
            "net_income_4q": null,
            "revenue": 179007,
            "revenue_4q": null,
            "common_shares": 976722,
            "book_valuer_per_share": 6.97,
            "book_valuer_per_share_4q_avg": 6.08,
            "equity": 680802,
            "current_ratio": 85.85,
            "debt_ratio": 53.08,
            "inventory_turnover_ratio": 0.61,
            "account_receivable_turnover_ratio": null,
            "reinvestment_rate": null,
            "research_to_sale_ratio": null,
            "price_fair": 0,
            "eps_avg_yearly": 0,
            "eps_latest_yearly": 0,
            "eps_growth_yearly": 0
        },
        "20042": {
            "year_quarter": 20042,
            "year": 2004,
            "quarter": 2,
            "eps": -0.97,
            "eps_growth_year": null,
            "eps_4q": -3.19,
            "eps_4q_growth_year": null,
            "roe": -14.55,
            "roe_4q": -51.06,
            "gross_profit": -42801,
            "gross_margin": -22.93,
            "gross_margin_4q_avg": -11.5,
            "net_income": -92364,
            "net_income_4q": null,
            "revenue": 186625,
            "revenue_4q": null,
            "common_shares": 976722,
            "book_valuer_per_share": 6.02,
            "book_valuer_per_share_4q_avg": 6.31,
            "equity": 588438,
            "current_ratio": 70.73,
            "debt_ratio": 54.87,
            "inventory_turnover_ratio": 0.86,
            "account_receivable_turnover_ratio": null,
            "reinvestment_rate": null,
            "research_to_sale_ratio": null,
            "price_fair": 0,
            "eps_avg_yearly": 0,
            "eps_latest_yearly": 0,
            "eps_growth_yearly": 0
        },
        "20043": {
            "year_quarter": 20043,
            "year": 2004,
            "quarter": 3,
            "eps": -0.43,
            "eps_growth_year": null,
            "eps_4q": -3.5,
            "eps_4q_growth_year": null,
            "roe": -6.4,
            "roe_4q": -55.47,
            "gross_profit": -12103,
            "gross_margin": -7.67,
            "gross_margin_4q_avg": -16.49,
            "net_income": -39269,
            "net_income_4q": null,
            "revenue": 157857,
            "revenue_4q": null,
            "common_shares": 976722,
            "book_valuer_per_share": 6.54,
            "book_valuer_per_share_4q_avg": 6.69,
            "equity": 639169,
            "current_ratio": 76.41,
            "debt_ratio": 50.13,
            "inventory_turnover_ratio": 0.74,
            "account_receivable_turnover_ratio": null,
            "reinvestment_rate": null,
            "research_to_sale_ratio": null,
            "price_fair": 0,
            "eps_avg_yearly": 0,
            "eps_latest_yearly": 0,
            "eps_growth_yearly": 0
        },
        "20044": {
            "year_quarter": 20044,
            "year": 2004,
            "quarter": 4,
            "eps": -3.87,
            "eps_growth_year": null,
            "eps_4q": -6.91,
            "eps_4q_growth_year": null,
            "roe": -39.29,
            "roe_4q": -63.76,
            "gross_profit": -7618,
            "gross_margin": -4.79,
            "gross_margin_4q_avg": -11.96,
            "net_income": -209887,
            "net_income_4q": null,
            "revenue": 159036,
            "revenue_4q": null,
            "common_shares": 537197,
            "book_valuer_per_share": 7.99,
            "book_valuer_per_share_4q_avg": 6.88,
            "equity": 429170,
            "current_ratio": 56.47,
            "debt_ratio": 63.8,
            "inventory_turnover_ratio": 0.72,
            "account_receivable_turnover_ratio": null,
            "reinvestment_rate": null,
            "research_to_sale_ratio": null,
            "price_fair": 0,
            "eps_avg_yearly": 0,
            "eps_latest_yearly": 0,
            "eps_growth_yearly": 0
        },
        "20051": {
            "year_quarter": 20051,
            "year": 2005,
            "quarter": 1,
            "eps": -1.02,
            "eps_growth_year": null,
            "eps_4q": -7.65,
            "eps_4q_growth_year": null,
            "roe": -13.04,
            "roe_4q": -73.28,
            "gross_profit": -8467,
            "gross_margin": -5.75,
            "gross_margin_4q_avg": -10.29,
            "net_income": -52524,
            "net_income_4q": null,
            "revenue": 147175,
            "revenue_4q": null,
            "common_shares": 537197,
            "book_valuer_per_share": 7.01,
            "book_valuer_per_share_4q_avg": 6.89,
            "equity": 376621,
            "current_ratio": 50.5,
            "debt_ratio": 69.32,
            "inventory_turnover_ratio": 0.72,
            "account_receivable_turnover_ratio": null,
            "reinvestment_rate": null,
            "research_to_sale_ratio": null,
            "price_fair": 0,
            "eps_avg_yearly": 0,
            "eps_latest_yearly": 0,
            "eps_growth_yearly": 0
        },
        "20052": {
            "year_quarter": 20052,
            "year": 2005,
            "quarter": 2,
            "eps": -1.01,
            "eps_growth_year": null,
            "eps_4q": -6.52,
            "eps_4q_growth_year": null,
            "roe": -8.96,
            "roe_4q": -67.69,
            "gross_profit": -12979,
            "gross_margin": -7.45,
            "gross_margin_4q_avg": -6.42,
            "net_income": -48364,
            "net_income_4q": null,
            "revenue": 174218,
            "revenue_4q": null,
            "common_shares": 537197,
            "book_valuer_per_share": 13.08,
            "book_valuer_per_share_4q_avg": 8.66,
            "equity": 702799,
            "current_ratio": 83.75,
            "debt_ratio": 46.51,
            "inventory_turnover_ratio": 0.96,
            "account_receivable_turnover_ratio": null,
            "reinvestment_rate": null,
            "research_to_sale_ratio": null,
            "price_fair": 0,
            "eps_avg_yearly": 0,
            "eps_latest_yearly": 0,
            "eps_growth_yearly": 0
        },
        "20053": {
            "year_quarter": 20053,
            "year": 2005,
            "quarter": 3,
            "eps": -0.64,
            "eps_growth_year": null,
            "eps_4q": -6.27,
            "eps_4q_growth_year": null,
            "roe": -3.73,
            "roe_4q": -65.02,
            "gross_profit": 12744,
            "gross_margin": 6.69,
            "gross_margin_4q_avg": -2.83,
            "net_income": -25791,
            "net_income_4q": null,
            "revenue": 190376,
            "revenue_4q": null,
            "common_shares": 537197,
            "book_valuer_per_share": 12.67,
            "book_valuer_per_share_4q_avg": 10.19,
            "equity": 680568,
            "current_ratio": 72.88,
            "debt_ratio": 52.58,
            "inventory_turnover_ratio": 0.94,
            "account_receivable_turnover_ratio": null,
            "reinvestment_rate": null,
            "research_to_sale_ratio": null,
            "price_fair": 0,
            "eps_avg_yearly": 0,
            "eps_latest_yearly": 0,
            "eps_growth_yearly": 0
        },
        "20054": {
            "year_quarter": 20054,
            "year": 2005,
            "quarter": 4,
            "eps": -0.9,
            "eps_growth_year": null,
            "eps_4q": -3,
            "eps_4q_growth_year": null,
            "roe": -5.36,
            "roe_4q": -31.09,
            "gross_profit": -2432,
            "gross_margin": -1.27,
            "gross_margin_4q_avg": -1.95,
            "net_income": -39659,
            "net_income_4q": null,
            "revenue": 190777,
            "revenue_4q": null,
            "common_shares": 537197,
            "book_valuer_per_share": 11.94,
            "book_valuer_per_share_4q_avg": 11.18,
            "equity": 798317,
            "current_ratio": 67.79,
            "debt_ratio": 50.79,
            "inventory_turnover_ratio": 0.92,
            "account_receivable_turnover_ratio": null,
            "reinvestment_rate": null,
            "research_to_sale_ratio": null,
            "price_fair": 0,
            "eps_avg_yearly": 0,
            "eps_latest_yearly": 0,
            "eps_growth_yearly": 0
        },
        "20061": {
            "year_quarter": 20061,
            "year": 2006,
            "quarter": 1,
            "eps": -1.06,
            "eps_growth_year": null,
            "eps_4q": -3.51,
            "eps_4q_growth_year": null,
            "roe": -7.08,
            "roe_4q": -25.130000000000003,
            "gross_profit": -10473,
            "gross_margin": -6.92,
            "gross_margin_4q_avg": -2.24,
            "net_income": -49186,
            "net_income_4q": null,
            "revenue": 151252,
            "revenue_4q": null,
            "common_shares": 537197,
            "book_valuer_per_share": 11.02,
            "book_valuer_per_share_4q_avg": 12.18,
            "equity": 592023,
            "current_ratio": 61.12,
            "debt_ratio": 55,
            "inventory_turnover_ratio": 0.79,
            "account_receivable_turnover_ratio": null,
            "reinvestment_rate": null,
            "research_to_sale_ratio": null,
            "price_fair": 0,
            "eps_avg_yearly": 0,
            "eps_latest_yearly": 0,
            "eps_growth_yearly": 0
        },
        "20062": {
            "year_quarter": 20062,
            "year": 2006,
            "quarter": 2,
            "eps": -0.95,
            "eps_growth_year": null,
            "eps_4q": -2.91,
            "eps_4q_growth_year": null,
            "roe": -7.32,
            "roe_4q": -23.490000000000002,
            "gross_profit": -7577,
            "gross_margin": -5.48,
            "gross_margin_4q_avg": -1.75,
            "net_income": -41797,
            "net_income_4q": null,
            "revenue": 138321,
            "revenue_4q": null,
            "common_shares": 537197,
            "book_valuer_per_share": 10.24,
            "book_valuer_per_share_4q_avg": 11.47,
            "equity": 550168,
            "current_ratio": 57.84,
            "debt_ratio": 55.91,
            "inventory_turnover_ratio": 0.85,
            "account_receivable_turnover_ratio": null,
            "reinvestment_rate": null,
            "research_to_sale_ratio": null,
            "price_fair": 0,
            "eps_avg_yearly": 0,
            "eps_latest_yearly": 0,
            "eps_growth_yearly": 0
        },
        "20063": {
            "year_quarter": 20063,
            "year": 2006,
            "quarter": 3,
            "eps": -0.73,
            "eps_growth_year": null,
            "eps_4q": -3.01,
            "eps_4q_growth_year": null,
            "roe": -5.79,
            "roe_4q": -25.549999999999997,
            "gross_profit": 4898,
            "gross_margin": 3.85,
            "gross_margin_4q_avg": -2.46,
            "net_income": -31023,
            "net_income_4q": null,
            "revenue": 127161,
            "revenue_4q": null,
            "common_shares": 537197,
            "book_valuer_per_share": 9.7,
            "book_valuer_per_share_4q_avg": 10.73,
            "equity": 521047,
            "current_ratio": 58.34,
            "debt_ratio": 56.91,
            "inventory_turnover_ratio": 0.73,
            "account_receivable_turnover_ratio": null,
            "reinvestment_rate": null,
            "research_to_sale_ratio": null,
            "price_fair": 0,
            "eps_avg_yearly": 0,
            "eps_latest_yearly": 0,
            "eps_growth_yearly": 0
        },
        "20064": {
            "year_quarter": 20064,
            "year": 2006,
            "quarter": 4,
            "eps": -0.82,
            "eps_growth_year": null,
            "eps_4q": -2.59,
            "eps_4q_growth_year": null,
            "roe": -5.98,
            "roe_4q": -26.17,
            "gross_profit": 15818,
            "gross_margin": 13.99,
            "gross_margin_4q_avg": 1.36,
            "net_income": -32991,
            "net_income_4q": null,
            "revenue": 113045,
            "revenue_4q": null,
            "common_shares": 537197,
            "book_valuer_per_share": 9.1,
            "book_valuer_per_share_4q_avg": 10.02,
            "equity": 581563,
            "current_ratio": 65.07,
            "debt_ratio": 66.04,
            "inventory_turnover_ratio": 0.44,
            "account_receivable_turnover_ratio": null,
            "reinvestment_rate": null,
            "research_to_sale_ratio": null,
            "price_fair": 0,
            "eps_avg_yearly": 0,
            "eps_latest_yearly": 0,
            "eps_growth_yearly": 0
        },
        "20071": {
            "year_quarter": 20071,
            "year": 2007,
            "quarter": 1,
            "eps": -0.19,
            "eps_growth_year": null,
            "eps_4q": -30.15,
            "eps_4q_growth_year": null,
            "roe": -0.13,
            "roe_4q": -19.22,
            "gross_profit": 9421,
            "gross_margin": 8.07,
            "gross_margin_4q_avg": 5.11,
            "net_income": -671,
            "net_income_4q": null,
            "revenue": 116713,
            "revenue_4q": null,
            "common_shares": 537197,
            "book_valuer_per_share": 9.11,
            "book_valuer_per_share_4q_avg": 9.54,
            "equity": 489152,
            "current_ratio": 62.11,
            "debt_ratio": 57.8,
            "inventory_turnover_ratio": 0.5,
            "account_receivable_turnover_ratio": null,
            "reinvestment_rate": null,
            "research_to_sale_ratio": null,
            "price_fair": 0,
            "eps_avg_yearly": 0,
            "eps_latest_yearly": 0,
            "eps_growth_yearly": 0
        },
        "20072": {
            "year_quarter": 20072,
            "year": 2007,
            "quarter": 2,
            "eps": -0.86,
            "eps_growth_year": null,
            "eps_4q": -1.88,
            "eps_4q_growth_year": null,
            "roe": -7.28,
            "roe_4q": -19.18,
            "gross_profit": 4522,
            "gross_margin": 3.61,
            "gross_margin_4q_avg": 7.38,
            "net_income": -36470,
            "net_income_4q": null,
            "revenue": 125398,
            "revenue_4q": null,
            "common_shares": 537197,
            "book_valuer_per_share": 9.54,
            "book_valuer_per_share_4q_avg": 9.36,
            "equity": 512682,
            "current_ratio": 70.73,
            "debt_ratio": 57.7,
            "inventory_turnover_ratio": 0.78,
            "account_receivable_turnover_ratio": null,
            "reinvestment_rate": null,
            "research_to_sale_ratio": null,
            "price_fair": 0,
            "eps_avg_yearly": 0,
            "eps_latest_yearly": 0,
            "eps_growth_yearly": 0
        },
        "20073": {
            "year_quarter": 20073,
            "year": 2007,
            "quarter": 3,
            "eps": -0.42,
            "eps_growth_year": null,
            "eps_4q": -1.53,
            "eps_4q_growth_year": null,
            "roe": -2.05,
            "roe_4q": -15.440000000000001,
            "gross_profit": -41959,
            "gross_margin": -28.26,
            "gross_margin_4q_avg": -0.65,
            "net_income": -12079,
            "net_income_4q": null,
            "revenue": 148477,
            "revenue_4q": null,
            "common_shares": 537197,
            "book_valuer_per_share": 12.39,
            "book_valuer_per_share_4q_avg": 10.04,
            "equity": 665603,
            "current_ratio": 99.75,
            "debt_ratio": 47.64,
            "inventory_turnover_ratio": 1.37,
            "account_receivable_turnover_ratio": null,
            "reinvestment_rate": null,
            "research_to_sale_ratio": null,
            "price_fair": 0,
            "eps_avg_yearly": 0,
            "eps_latest_yearly": 0,
            "eps_growth_yearly": 0
        },
        "20074": {
            "year_quarter": 20074,
            "year": 2007,
            "quarter": 4,
            "eps": -0.97,
            "eps_growth_year": null,
            "eps_4q": -2.37,
            "eps_4q_growth_year": null,
            "roe": -5.79,
            "roe_4q": -15.250000000000002,
            "gross_profit": 1349,
            "gross_margin": 0.93,
            "gross_margin_4q_avg": -3.91,
            "net_income": -39460,
            "net_income_4q": null,
            "revenue": 144374,
            "revenue_4q": null,
            "common_shares": 376038,
            "book_valuer_per_share": 16.71,
            "book_valuer_per_share_4q_avg": 11.94,
            "equity": 697903,
            "current_ratio": 82.01,
            "debt_ratio": 67.61,
            "inventory_turnover_ratio": 0.65,
            "account_receivable_turnover_ratio": null,
            "reinvestment_rate": null,
            "research_to_sale_ratio": null,
            "price_fair": 0,
            "eps_avg_yearly": 0,
            "eps_latest_yearly": 0,
            "eps_growth_yearly": 0
        },
        "20081": {
            "year_quarter": 20081,
            "year": 2008,
            "quarter": 1,
            "eps": -0.95,
            "eps_growth_year": null,
            "eps_4q": -2.66,
            "eps_4q_growth_year": null,
            "roe": -6.14,
            "roe_4q": -21.26,
            "gross_profit": 11903,
            "gross_margin": 2.57,
            "gross_margin_4q_avg": -5.29,
            "net_income": -41449,
            "net_income_4q": null,
            "revenue": 462888,
            "revenue_4q": null,
            "common_shares": 376038,
            "book_valuer_per_share": 15.64,
            "book_valuer_per_share_4q_avg": 13.57,
            "equity": 653179,
            "current_ratio": 78.29,
            "debt_ratio": 68.48,
            "inventory_turnover_ratio": 1.48,
            "account_receivable_turnover_ratio": null,
            "reinvestment_rate": null,
            "research_to_sale_ratio": null,
            "price_fair": 0,
            "eps_avg_yearly": 0,
            "eps_latest_yearly": 0,
            "eps_growth_yearly": 0
        },
        "20082": {
            "year_quarter": 20082,
            "year": 2008,
            "quarter": 2,
            "eps": -2.34,
            "eps_growth_year": null,
            "eps_4q": -4.24,
            "eps_4q_growth_year": null,
            "roe": -18.52,
            "roe_4q": -32.5,
            "gross_profit": 271,
            "gross_margin": 0.05,
            "gross_margin_4q_avg": -6.18,
            "net_income": -111160,
            "net_income_4q": null,
            "revenue": 505238,
            "revenue_4q": null,
            "common_shares": 376038,
            "book_valuer_per_share": 13.58,
            "book_valuer_per_share_4q_avg": 14.58,
            "equity": 547084,
            "current_ratio": 76.51,
            "debt_ratio": 73.88,
            "inventory_turnover_ratio": 1.62,
            "account_receivable_turnover_ratio": null,
            "reinvestment_rate": null,
            "research_to_sale_ratio": null,
            "price_fair": 0,
            "eps_avg_yearly": 0,
            "eps_latest_yearly": 0,
            "eps_growth_yearly": 0
        },
        "20083": {
            "year_quarter": 20083,
            "year": 2008,
            "quarter": 3,
            "eps": -1.4,
            "eps_growth_year": null,
            "eps_4q": -5.11,
            "eps_4q_growth_year": null,
            "roe": -10.32,
            "roe_4q": -40.769999999999996,
            "gross_profit": 5701,
            "gross_margin": 1.27,
            "gross_margin_4q_avg": 1.21,
            "net_income": -53951,
            "net_income_4q": null,
            "revenue": 449180,
            "revenue_4q": null,
            "common_shares": 376038,
            "book_valuer_per_share": 12.5,
            "book_valuer_per_share_4q_avg": 14.61,
            "equity": 498569,
            "current_ratio": 73.95,
            "debt_ratio": 76.06,
            "inventory_turnover_ratio": 1.35,
            "account_receivable_turnover_ratio": null,
            "reinvestment_rate": null,
            "research_to_sale_ratio": null,
            "price_fair": 0,
            "eps_avg_yearly": 0,
            "eps_latest_yearly": 0,
            "eps_growth_yearly": 0
        },
        "20084": {
            "year_quarter": 20084,
            "year": 2008,
            "quarter": 4,
            "eps": -0.49,
            "eps_growth_year": null,
            "eps_4q": -3.69,
            "eps_4q_growth_year": null,
            "roe": -12.09,
            "roe_4q": -47.07,
            "gross_profit": -29196,
            "gross_margin": -9.33,
            "gross_margin_4q_avg": -1.36,
            "net_income": -56889,
            "net_income_4q": null,
            "revenue": 312947,
            "revenue_4q": null,
            "common_shares": 775038,
            "book_valuer_per_share": 5.4,
            "book_valuer_per_share_4q_avg": 11.78,
            "equity": 442485,
            "current_ratio": 67.1,
            "debt_ratio": 76.73,
            "inventory_turnover_ratio": 1.1,
            "account_receivable_turnover_ratio": null,
            "reinvestment_rate": null,
            "research_to_sale_ratio": null,
            "price_fair": 0,
            "eps_avg_yearly": 0,
            "eps_latest_yearly": 0,
            "eps_growth_yearly": 0
        },
        "20091": {
            "year_quarter": 20091,
            "year": 2009,
            "quarter": 1,
            "eps": -0.37,
            "eps_growth_year": null,
            "eps_4q": -2.54,
            "eps_4q_growth_year": null,
            "roe": -8.88,
            "roe_4q": -49.81,
            "gross_profit": -18133,
            "gross_margin": -8.99,
            "gross_margin_4q_avg": -4.25,
            "net_income": -37689,
            "net_income_4q": null,
            "revenue": 201666,
            "revenue_4q": null,
            "common_shares": 775038,
            "book_valuer_per_share": 5.05,
            "book_valuer_per_share_4q_avg": 9.13,
            "equity": 406317,
            "current_ratio": 55.64,
            "debt_ratio": 73.97,
            "inventory_turnover_ratio": 0.84,
            "account_receivable_turnover_ratio": null,
            "reinvestment_rate": null,
            "research_to_sale_ratio": null,
            "price_fair": 0,
            "eps_avg_yearly": 0,
            "eps_latest_yearly": 0,
            "eps_growth_yearly": 0
        },
        "20092": {
            "year_quarter": 20092,
            "year": 2009,
            "quarter": 2,
            "eps": -1.03,
            "eps_growth_year": null,
            "eps_4q": -3.54,
            "eps_4q_growth_year": null,
            "roe": -15.82,
            "roe_4q": -47.11000000000001,
            "gross_profit": -19950,
            "gross_margin": -9.78,
            "gross_margin_4q_avg": -6.71,
            "net_income": -59444,
            "net_income_4q": null,
            "revenue": 204018,
            "revenue_4q": null,
            "common_shares": 465023,
            "book_valuer_per_share": 7.12,
            "book_valuer_per_share_4q_avg": 7.52,
            "equity": 345258,
            "current_ratio": 55.04,
            "debt_ratio": 77.78,
            "inventory_turnover_ratio": 1.04,
            "account_receivable_turnover_ratio": 1.59,
            "reinvestment_rate": null,
            "research_to_sale_ratio": null,
            "price_fair": 0,
            "eps_avg_yearly": 0,
            "eps_latest_yearly": 0,
            "eps_growth_yearly": 0
        },
        "20093": {
            "year_quarter": 20093,
            "year": 2009,
            "quarter": 3,
            "eps": -0.69,
            "eps_growth_year": null,
            "eps_4q": -3.27,
            "eps_4q_growth_year": null,
            "roe": -11.39,
            "roe_4q": -48.18000000000001,
            "gross_profit": 71,
            "gross_margin": 0.02,
            "gross_margin_4q_avg": -7.02,
            "net_income": -37283,
            "net_income_4q": null,
            "revenue": 316999,
            "revenue_4q": null,
            "common_shares": 465023,
            "book_valuer_per_share": 6.45,
            "book_valuer_per_share_4q_avg": 6.01,
            "equity": 309454,
            "current_ratio": 58.51,
            "debt_ratio": 81.18,
            "inventory_turnover_ratio": 1.55,
            "account_receivable_turnover_ratio": 1.05,
            "reinvestment_rate": null,
            "research_to_sale_ratio": null,
            "price_fair": 0,
            "eps_avg_yearly": 0,
            "eps_latest_yearly": 0,
            "eps_growth_yearly": 0
        },
        "20094": {
            "year_quarter": 20094,
            "year": 2009,
            "quarter": 4,
            "eps": -0.53,
            "eps_growth_year": null,
            "eps_4q": -2.35,
            "eps_4q_growth_year": null,
            "roe": -9.78,
            "roe_4q": -45.870000000000005,
            "gross_profit": -23956,
            "gross_margin": -8.65,
            "gross_margin_4q_avg": -6.85,
            "net_income": -28571,
            "net_income_4q": null,
            "revenue": 277044,
            "revenue_4q": null,
            "common_shares": 465023,
            "book_valuer_per_share": 5.9,
            "book_valuer_per_share_4q_avg": 6.13,
            "equity": 274928,
            "current_ratio": 57.77,
            "debt_ratio": 82.97,
            "inventory_turnover_ratio": 1.56,
            "account_receivable_turnover_ratio": 0.77,
            "reinvestment_rate": null,
            "research_to_sale_ratio": null,
            "price_fair": 0,
            "eps_avg_yearly": 0,
            "eps_latest_yearly": 0,
            "eps_growth_yearly": 0
        },
        "20101": {
            "year_quarter": 20101,
            "year": 2010,
            "quarter": 1,
            "eps": null,
            "eps_growth_year": null,
            "eps_4q": null,
            "eps_4q_growth_year": null,
            "roe": null,
            "roe_4q": -36.99,
            "gross_profit": 4105,
            "gross_margin": null,
            "gross_margin_4q_avg": -4.6,
            "net_income": -29752,
            "net_income_4q": null,
            "revenue": 244978,
            "revenue_4q": null,
            "common_shares": 465023,
            "book_valuer_per_share": 5.38,
            "book_valuer_per_share_4q_avg": 6.21,
            "equity": 245201,
            "current_ratio": 56.24,
            "debt_ratio": 84.5,
            "inventory_turnover_ratio": null,
            "account_receivable_turnover_ratio": null,
            "reinvestment_rate": null,
            "research_to_sale_ratio": null,
            "price_fair": 0,
            "eps_avg_yearly": 0,
            "eps_latest_yearly": 0,
            "eps_growth_yearly": 0
        },
        "20102": {
            "year_quarter": 20102,
            "year": 2010,
            "quarter": 2,
            "eps": -0.44,
            "eps_growth_year": null,
            "eps_4q": -1.66,
            "eps_4q_growth_year": null,
            "roe": -8.73,
            "roe_4q": -29.9,
            "gross_profit": 16902,
            "gross_margin": 4.62,
            "gross_margin_4q_avg": -1,
            "net_income": -20496,
            "net_income_4q": null,
            "revenue": 365949,
            "revenue_4q": null,
            "common_shares": 465023,
            "book_valuer_per_share": 5.01,
            "book_valuer_per_share_4q_avg": 5.69,
            "equity": 224395,
            "current_ratio": 58.96,
            "debt_ratio": 86.56,
            "inventory_turnover_ratio": 1.99,
            "account_receivable_turnover_ratio": 1.84,
            "reinvestment_rate": null,
            "research_to_sale_ratio": null,
            "price_fair": 0,
            "eps_avg_yearly": 0,
            "eps_latest_yearly": 0,
            "eps_growth_yearly": 0
        },
        "20103": {
            "year_quarter": 20103,
            "year": 2010,
            "quarter": 3,
            "eps": -0.47,
            "eps_growth_year": null,
            "eps_4q": -1.3,
            "eps_4q_growth_year": null,
            "roe": -10.55,
            "roe_4q": -29.060000000000002,
            "gross_profit": 21114,
            "gross_margin": 6.03,
            "gross_margin_4q_avg": 0.5,
            "net_income": -27564,
            "net_income_4q": null,
            "revenue": 350271,
            "revenue_4q": null,
            "common_shares": 541946,
            "book_valuer_per_share": 5.69,
            "book_valuer_per_share_4q_avg": 5.5,
            "equity": 298045,
            "current_ratio": 65.32,
            "debt_ratio": 83.39,
            "inventory_turnover_ratio": 1.82,
            "account_receivable_turnover_ratio": 0.83,
            "reinvestment_rate": null,
            "research_to_sale_ratio": 1.15,
            "price_fair": 0,
            "eps_avg_yearly": 0,
            "eps_latest_yearly": 0,
            "eps_growth_yearly": 0
        },
        "20104": {
            "year_quarter": 20104,
            "year": 2010,
            "quarter": 4,
            "eps": -0.67,
            "eps_growth_year": null,
            "eps_4q": -1.51,
            "eps_4q_growth_year": null,
            "roe": -14.76,
            "roe_4q": -34.040000000000006,
            "gross_profit": 2084,
            "gross_margin": 0.76,
            "gross_margin_4q_avg": 2.85,
            "net_income": -40954,
            "net_income_4q": null,
            "revenue": 275706,
            "revenue_4q": null,
            "common_shares": 541946,
            "book_valuer_per_share": 5.02,
            "book_valuer_per_share_4q_avg": 5.28,
            "equity": 256805,
            "current_ratio": 55.98,
            "debt_ratio": 82.63,
            "inventory_turnover_ratio": 1.62,
            "account_receivable_turnover_ratio": 0.76,
            "reinvestment_rate": null,
            "research_to_sale_ratio": 1.51,
            "price_fair": 0,
            "eps_avg_yearly": 0,
            "eps_latest_yearly": 0,
            "eps_growth_yearly": 0
        },
        "20111": {
            "year_quarter": 20111,
            "year": 2011,
            "quarter": 1,
            "eps": 0.34,
            "eps_growth_year": null,
            "eps_4q": -1.17,
            "eps_4q_growth_year": null,
            "roe": 4.54,
            "roe_4q": -29.5,
            "gross_profit": 688,
            "gross_margin": 0.39,
            "gross_margin_4q_avg": 2.95,
            "net_income": 11950,
            "net_income_4q": null,
            "revenue": 176761,
            "revenue_4q": null,
            "common_shares": 541946,
            "book_valuer_per_share": 5.4,
            "book_valuer_per_share_4q_avg": 5.28,
            "equity": 269598,
            "current_ratio": 67.36,
            "debt_ratio": 81.75,
            "inventory_turnover_ratio": 1.12,
            "account_receivable_turnover_ratio": 0.75,
            "reinvestment_rate": null,
            "research_to_sale_ratio": 1.6,
            "price_fair": 0,
            "eps_avg_yearly": 0,
            "eps_latest_yearly": 0,
            "eps_growth_yearly": 0
        },
        "20112": {
            "year_quarter": 20112,
            "year": 2011,
            "quarter": 2,
            "eps": -0.36,
            "eps_growth_year": null,
            "eps_4q": -1.14,
            "eps_4q_growth_year": null,
            "roe": -7.9,
            "roe_4q": -28.67,
            "gross_profit": 6227,
            "gross_margin": 4.07,
            "gross_margin_4q_avg": 2.81,
            "net_income": -20466,
            "net_income_4q": null,
            "revenue": 152977,
            "revenue_4q": null,
            "common_shares": 541946,
            "book_valuer_per_share": 5.02,
            "book_valuer_per_share_4q_avg": 5.28,
            "equity": 248446,
            "current_ratio": 58.37,
            "debt_ratio": 78.61,
            "inventory_turnover_ratio": 1.03,
            "account_receivable_turnover_ratio": 0.96,
            "reinvestment_rate": null,
            "research_to_sale_ratio": 1.45,
            "price_fair": 0,
            "eps_avg_yearly": 0,
            "eps_latest_yearly": 0,
            "eps_growth_yearly": 0
        },
        "20113": {
            "year_quarter": 20113,
            "year": 2011,
            "quarter": 3,
            "eps": -0.32,
            "eps_growth_year": null,
            "eps_4q": -1.02,
            "eps_4q_growth_year": null,
            "roe": -7.72,
            "roe_4q": -25.840000000000003,
            "gross_profit": -16481,
            "gross_margin": -15.51,
            "gross_margin_4q_avg": -2.57,
            "net_income": -25803,
            "net_income_4q": null,
            "revenue": 106250,
            "revenue_4q": null,
            "common_shares": 525167,
            "book_valuer_per_share": 8.65,
            "book_valuer_per_share_4q_avg": 6.02,
            "equity": 420124,
            "current_ratio": 73.18,
            "debt_ratio": 65.34,
            "inventory_turnover_ratio": 0.96,
            "account_receivable_turnover_ratio": 0.92,
            "reinvestment_rate": null,
            "research_to_sale_ratio": 1.53,
            "price_fair": 0,
            "eps_avg_yearly": 0,
            "eps_latest_yearly": 0,
            "eps_growth_yearly": 0
        },
        "20114": {
            "year_quarter": 20114,
            "year": 2011,
            "quarter": 4,
            "eps": -2.08,
            "eps_growth_year": null,
            "eps_4q": -2.41,
            "eps_4q_growth_year": null,
            "roe": -37.19,
            "roe_4q": -48.269999999999996,
            "gross_profit": -52113,
            "gross_margin": -46.53,
            "gross_margin_4q_avg": -14.4,
            "net_income": -131320,
            "net_income_4q": null,
            "revenue": 111991,
            "revenue_4q": null,
            "common_shares": 525168,
            "book_valuer_per_share": 6.53,
            "book_valuer_per_share_4q_avg": 6.4,
            "equity": 286117,
            "current_ratio": 60.08,
            "debt_ratio": 70.88,
            "inventory_turnover_ratio": 1.57,
            "account_receivable_turnover_ratio": 1.17,
            "reinvestment_rate": null,
            "research_to_sale_ratio": 1.37,
            "price_fair": 0,
            "eps_avg_yearly": 0,
            "eps_latest_yearly": 0,
            "eps_growth_yearly": 0
        },
        "20121": {
            "year_quarter": 20121,
            "year": 2012,
            "quarter": 1,
            "eps": -0.51,
            "eps_growth_year": -250,
            "eps_4q": -3.28,
            "eps_4q_growth_year": null,
            "roe": -12.85,
            "roe_4q": -65.66,
            "gross_profit": -9337,
            "gross_margin": -11.83,
            "gross_margin_4q_avg": -17.45,
            "net_income": -34757,
            "net_income_4q": null,
            "revenue": 78910,
            "revenue_4q": null,
            "common_shares": 525167,
            "book_valuer_per_share": 6.06,
            "book_valuer_per_share_4q_avg": 6.57,
            "equity": 255004,
            "current_ratio": 53.97,
            "debt_ratio": 71.18,
            "inventory_turnover_ratio": 1.09,
            "account_receivable_turnover_ratio": 1.05,
            "reinvestment_rate": null,
            "research_to_sale_ratio": 1.9,
            "price_fair": 0,
            "eps_avg_yearly": 0,
            "eps_latest_yearly": 0,
            "eps_growth_yearly": 0
        },
        "20122": {
            "year_quarter": 20122,
            "year": 2012,
            "quarter": 2,
            "eps": -0.22,
            "eps_growth_year": null,
            "eps_4q": -3.13,
            "eps_4q_growth_year": null,
            "roe": -8.51,
            "roe_4q": -66.27,
            "gross_profit": -7451,
            "gross_margin": -7.28,
            "gross_margin_4q_avg": -20.29,
            "net_income": -20745,
            "net_income_4q": null,
            "revenue": 102313,
            "revenue_4q": null,
            "common_shares": 525168,
            "book_valuer_per_share": 5.83,
            "book_valuer_per_share_4q_avg": 6.77,
            "equity": 232813,
            "current_ratio": 53.46,
            "debt_ratio": 73.7,
            "inventory_turnover_ratio": 1.49,
            "account_receivable_turnover_ratio": 1.6,
            "reinvestment_rate": null,
            "research_to_sale_ratio": 1.53,
            "price_fair": 0,
            "eps_avg_yearly": 0,
            "eps_latest_yearly": 0,
            "eps_growth_yearly": 0
        },
        "20123": {
            "year_quarter": 20123,
            "year": 2012,
            "quarter": 3,
            "eps": -0.43,
            "eps_growth_year": null,
            "eps_4q": -3.24,
            "eps_4q_growth_year": null,
            "roe": -13.23,
            "roe_4q": -71.78,
            "gross_profit": -5378,
            "gross_margin": -6.62,
            "gross_margin_4q_avg": -18.07,
            "net_income": -29047,
            "net_income_4q": null,
            "revenue": 81287,
            "revenue_4q": null,
            "common_shares": 525167,
            "book_valuer_per_share": 5.43,
            "book_valuer_per_share_4q_avg": 5.96,
            "equity": 206361,
            "current_ratio": 54.01,
            "debt_ratio": 76.96,
            "inventory_turnover_ratio": 1.23,
            "account_receivable_turnover_ratio": 1.29,
            "reinvestment_rate": null,
            "research_to_sale_ratio": 1.86,
            "price_fair": 0,
            "eps_avg_yearly": 0,
            "eps_latest_yearly": 0,
            "eps_growth_yearly": 0
        },
        "20124": {
            "year_quarter": 20124,
            "year": 2012,
            "quarter": 4,
            "eps": -0.42,
            "eps_growth_year": null,
            "eps_4q": -1.57,
            "eps_4q_growth_year": null,
            "roe": -15.17,
            "roe_4q": -49.76,
            "gross_profit": -18559,
            "gross_margin": -32.96,
            "gross_margin_4q_avg": -14.67,
            "net_income": -29094,
            "net_income_4q": null,
            "revenue": 56311,
            "revenue_4q": null,
            "common_shares": 525168,
            "book_valuer_per_share": 5.01,
            "book_valuer_per_share_4q_avg": 5.58,
            "equity": 177216,
            "current_ratio": 47.68,
            "debt_ratio": 77.9,
            "inventory_turnover_ratio": 1.15,
            "account_receivable_turnover_ratio": 1.02,
            "reinvestment_rate": null,
            "research_to_sale_ratio": 2.32,
            "price_fair": 0,
            "eps_avg_yearly": 0,
            "eps_latest_yearly": 0,
            "eps_growth_yearly": 0
        },
        "20131": {
            "year_quarter": 20131,
            "year": 2013,
            "quarter": 1,
            "eps": -0.32,
            "eps_growth_year": null,
            "eps_4q": -1.38,
            "eps_4q_growth_year": null,
            "roe": -15.25,
            "roe_4q": -52.160000000000004,
            "gross_profit": -11606,
            "gross_margin": -21.9,
            "gross_margin_4q_avg": -17.19,
            "net_income": -24890,
            "net_income_4q": null,
            "revenue": 52998,
            "revenue_4q": null,
            "common_shares": 525168,
            "book_valuer_per_share": 4.69,
            "book_valuer_per_share_4q_avg": 5.24,
            "equity": 149287,
            "current_ratio": 47.14,
            "debt_ratio": 81.57,
            "inventory_turnover_ratio": 1.04,
            "account_receivable_turnover_ratio": 1.26,
            "reinvestment_rate": null,
            "research_to_sale_ratio": 2.89,
            "price_fair": 0,
            "eps_avg_yearly": 0,
            "eps_latest_yearly": 0,
            "eps_growth_yearly": 0
        },
        "20132": {
            "year_quarter": 20132,
            "year": 2013,
            "quarter": 2,
            "eps": -0.3,
            "eps_growth_year": null,
            "eps_4q": -1.46,
            "eps_4q_growth_year": null,
            "roe": -8.35,
            "roe_4q": -52,
            "gross_profit": -10265,
            "gross_margin": -16.28,
            "gross_margin_4q_avg": -19.44,
            "net_income": -23178,
            "net_income_4q": null,
            "revenue": 63069,
            "revenue_4q": null,
            "common_shares": 525168,
            "book_valuer_per_share": 7.44,
            "book_valuer_per_share_4q_avg": 5.64,
            "equity": 406015,
            "current_ratio": 90.91,
            "debt_ratio": 63.15,
            "inventory_turnover_ratio": 1.19,
            "account_receivable_turnover_ratio": 1.84,
            "reinvestment_rate": null,
            "research_to_sale_ratio": 2.08,
            "price_fair": 0,
            "eps_avg_yearly": 0,
            "eps_latest_yearly": 0,
            "eps_growth_yearly": 0
        },
        "20133": {
            "year_quarter": 20133,
            "year": 2013,
            "quarter": 3,
            "eps": -0.36,
            "eps_growth_year": null,
            "eps_4q": -1.4,
            "eps_4q_growth_year": null,
            "roe": -11.16,
            "roe_4q": -49.93,
            "gross_profit": -16100,
            "gross_margin": -27.63,
            "gross_margin_4q_avg": -24.69,
            "net_income": -42904,
            "net_income_4q": null,
            "revenue": 58273,
            "revenue_4q": null,
            "common_shares": 525168,
            "book_valuer_per_share": 7.08,
            "book_valuer_per_share_4q_avg": 6.06,
            "equity": 362897,
            "current_ratio": 76.06,
            "debt_ratio": 50.59,
            "inventory_turnover_ratio": 1.29,
            "account_receivable_turnover_ratio": 1.87,
            "reinvestment_rate": null,
            "research_to_sale_ratio": 2.05,
            "price_fair": 0,
            "eps_avg_yearly": 0,
            "eps_latest_yearly": 0,
            "eps_growth_yearly": 0
        },
        "20134": {
            "year_quarter": 20134,
            "year": 2013,
            "quarter": 4,
            "eps": -0.49,
            "eps_growth_year": null,
            "eps_4q": -1.48,
            "eps_4q_growth_year": null,
            "roe": -19.47,
            "roe_4q": -54.23,
            "gross_profit": -12670,
            "gross_margin": -26.77,
            "gross_margin_4q_avg": -23.15,
            "net_income": -64278,
            "net_income_4q": null,
            "revenue": 47333,
            "revenue_4q": null,
            "common_shares": 525168,
            "book_valuer_per_share": 6.57,
            "book_valuer_per_share_4q_avg": 6.45,
            "equity": 297378,
            "current_ratio": 50.22,
            "debt_ratio": 53.96,
            "inventory_turnover_ratio": 1.05,
            "account_receivable_turnover_ratio": 1.45,
            "reinvestment_rate": null,
            "research_to_sale_ratio": 3.62,
            "price_fair": 0,
            "eps_avg_yearly": 0,
            "eps_latest_yearly": 0,
            "eps_growth_yearly": 0
        },
        "20141": {
            "year_quarter": 20141,
            "year": 2014,
            "quarter": 1,
            "eps": -0.2,
            "eps_growth_year": null,
            "eps_4q": -1.35,
            "eps_4q_growth_year": null,
            "roe": -6.66,
            "roe_4q": -45.64,
            "gross_profit": -11079,
            "gross_margin": -24.96,
            "gross_margin_4q_avg": -23.91,
            "net_income": -19162,
            "net_income_4q": null,
            "revenue": 44383,
            "revenue_4q": null,
            "common_shares": 525168,
            "book_valuer_per_share": 6.37,
            "book_valuer_per_share_4q_avg": 6.87,
            "equity": 278362,
            "current_ratio": 44.86,
            "debt_ratio": 54.43,
            "inventory_turnover_ratio": 1.01,
            "account_receivable_turnover_ratio": 1.41,
            "reinvestment_rate": null,
            "research_to_sale_ratio": 2.6,
            "price_fair": 0,
            "eps_avg_yearly": 0,
            "eps_latest_yearly": 0,
            "eps_growth_yearly": 0
        },
        "20142": {
            "year_quarter": 20142,
            "year": 2014,
            "quarter": 2,
            "eps": -0.33,
            "eps_growth_year": null,
            "eps_4q": -1.38,
            "eps_4q_growth_year": null,
            "roe": -9.3,
            "roe_4q": -46.59,
            "gross_profit": -10077,
            "gross_margin": -18.9,
            "gross_margin_4q_avg": -24.57,
            "net_income": -24819,
            "net_income_4q": null,
            "revenue": 53324,
            "revenue_4q": null,
            "common_shares": 525168,
            "book_valuer_per_share": 6.05,
            "book_valuer_per_share_4q_avg": 6.52,
            "equity": 255190,
            "current_ratio": 41.82,
            "debt_ratio": 57.05,
            "inventory_turnover_ratio": 1.26,
            "account_receivable_turnover_ratio": 1.73,
            "reinvestment_rate": null,
            "research_to_sale_ratio": 2.85,
            "price_fair": 0,
            "eps_avg_yearly": 0,
            "eps_latest_yearly": 0,
            "eps_growth_yearly": 0
        },
        "20143": {
            "year_quarter": 20143,
            "year": 2014,
            "quarter": 3,
            "eps": -0.21,
            "eps_growth_year": null,
            "eps_4q": -1.23,
            "eps_4q_growth_year": null,
            "roe": -7.8,
            "roe_4q": -43.230000000000004,
            "gross_profit": -13036,
            "gross_margin": -23.1,
            "gross_margin_4q_avg": -23.43,
            "net_income": -19071,
            "net_income_4q": null,
            "revenue": 56441,
            "revenue_4q": null,
            "common_shares": 525168,
            "book_valuer_per_share": 5.83,
            "book_valuer_per_share_4q_avg": 6.21,
            "equity": 233629,
            "current_ratio": 47.17,
            "debt_ratio": 62.15,
            "inventory_turnover_ratio": 1.31,
            "account_receivable_turnover_ratio": 1.57,
            "reinvestment_rate": null,
            "research_to_sale_ratio": 2.1,
            "price_fair": 0,
            "eps_avg_yearly": 0,
            "eps_latest_yearly": 0,
            "eps_growth_yearly": 0
        },
        "20144": {
            "year_quarter": 20144,
            "year": 2014,
            "quarter": 4,
            "eps": -0.05,
            "eps_growth_year": null,
            "eps_4q": -0.79,
            "eps_4q_growth_year": null,
            "roe": -4.49,
            "roe_4q": -28.25,
            "gross_profit": 10998,
            "gross_margin": 16.42,
            "gross_margin_4q_avg": -12.64,
            "net_income": -10190,
            "net_income_4q": null,
            "revenue": 66983,
            "revenue_4q": null,
            "common_shares": 525168,
            "book_valuer_per_share": 5.77,
            "book_valuer_per_share_4q_avg": 6.01,
            "equity": 220470,
            "current_ratio": 42.83,
            "debt_ratio": 63.68,
            "inventory_turnover_ratio": 1.02,
            "account_receivable_turnover_ratio": 1.69,
            "reinvestment_rate": null,
            "research_to_sale_ratio": 1.46,
            "price_fair": 0,
            "eps_avg_yearly": 0,
            "eps_latest_yearly": 0,
            "eps_growth_yearly": 0
        },
        "20151": {
            "year_quarter": 20151,
            "year": 2015,
            "quarter": 1,
            "eps": -0.27,
            "eps_growth_year": null,
            "eps_4q": -0.86,
            "eps_4q_growth_year": null,
            "roe": -10.46,
            "roe_4q": -32.05,
            "gross_profit": -2292,
            "gross_margin": -4.74,
            "gross_margin_4q_avg": -7.58,
            "net_income": -21975,
            "net_income_4q": null,
            "revenue": 48402,
            "revenue_4q": null,
            "common_shares": 525168,
            "book_valuer_per_share": 5.5,
            "book_valuer_per_share_4q_avg": 5.79,
            "equity": 199809,
            "current_ratio": 38.78,
            "debt_ratio": 64.8,
            "inventory_turnover_ratio": 0.91,
            "account_receivable_turnover_ratio": 1.3,
            "reinvestment_rate": null,
            "research_to_sale_ratio": 2.08,
            "price_fair": 0,
            "eps_avg_yearly": 0,
            "eps_latest_yearly": 0,
            "eps_growth_yearly": 0
        },
        "20152": {
            "year_quarter": 20152,
            "year": 2015,
            "quarter": 2,
            "eps": -0.29,
            "eps_growth_year": null,
            "eps_4q": -0.82,
            "eps_4q_growth_year": null,
            "roe": -14.22,
            "roe_4q": -36.97,
            "gross_profit": -2770,
            "gross_margin": -4.66,
            "gross_margin_4q_avg": -4.02,
            "net_income": -26626,
            "net_income_4q": null,
            "revenue": 59506,
            "revenue_4q": null,
            "common_shares": 525168,
            "book_valuer_per_share": 5.23,
            "book_valuer_per_share_4q_avg": 5.58,
            "equity": 174640,
            "current_ratio": 37.4,
            "debt_ratio": 68.87,
            "inventory_turnover_ratio": 1.07,
            "account_receivable_turnover_ratio": 1.65,
            "reinvestment_rate": null,
            "research_to_sale_ratio": 1.83,
            "price_fair": 0,
            "eps_avg_yearly": 0,
            "eps_latest_yearly": 0,
            "eps_growth_yearly": 0
        },
        "20153": {
            "year_quarter": 20153,
            "year": 2015,
            "quarter": 3,
            "eps": -0.16,
            "eps_growth_year": null,
            "eps_4q": -0.77,
            "eps_4q_growth_year": null,
            "roe": -5.27,
            "roe_4q": -34.440000000000005,
            "gross_profit": -3996,
            "gross_margin": -6.76,
            "gross_margin_4q_avg": 0.07,
            "net_income": -8823,
            "net_income_4q": null,
            "revenue": 59124,
            "revenue_4q": null,
            "common_shares": 525168,
            "book_valuer_per_share": 5.04,
            "book_valuer_per_share_4q_avg": 5.39,
            "equity": 160086,
            "current_ratio": 37.04,
            "debt_ratio": 71.75,
            "inventory_turnover_ratio": 1.11,
            "account_receivable_turnover_ratio": 1.4,
            "reinvestment_rate": null,
            "research_to_sale_ratio": 1.92,
            "price_fair": 0,
            "eps_avg_yearly": 0,
            "eps_latest_yearly": 0,
            "eps_growth_yearly": 0
        },
        "20154": {
            "year_quarter": 20154,
            "year": 2015,
            "quarter": 4,
            "eps": 2.5,
            "eps_growth_year": null,
            "eps_4q": 1.78,
            "eps_4q_growth_year": null,
            "roe": 11.15,
            "roe_4q": -18.8,
            "gross_profit": -4116,
            "gross_margin": -7.41,
            "gross_margin_4q_avg": -5.89,
            "net_income": 19312,
            "net_income_4q": null,
            "revenue": 55521,
            "revenue_4q": null,
            "common_shares": 525168,
            "book_valuer_per_share": 7.58,
            "book_valuer_per_share_4q_avg": 5.84,
            "equity": 186399,
            "current_ratio": 196.35,
            "debt_ratio": 51.27,
            "inventory_turnover_ratio": 0.99,
            "account_receivable_turnover_ratio": 1.33,
            "reinvestment_rate": null,
            "research_to_sale_ratio": 2.48,
            "price_fair": 0,
            "eps_avg_yearly": 0,
            "eps_latest_yearly": 0,
            "eps_growth_yearly": 0
        },
        "20161": {
            "year_quarter": 20161,
            "year": 2016,
            "quarter": 1,
            "eps": -0.17,
            "eps_growth_year": null,
            "eps_4q": 1.89,
            "eps_4q_growth_year": null,
            "roe": -1.33,
            "roe_4q": -9.67,
            "gross_profit": -410,
            "gross_margin": -0.88,
            "gross_margin_4q_avg": -4.93,
            "net_income": -2465,
            "net_income_4q": null,
            "revenue": 46580,
            "revenue_4q": null,
            "common_shares": 525168,
            "book_valuer_per_share": 7.42,
            "book_valuer_per_share_4q_avg": 6.32,
            "equity": 185102,
            "current_ratio": 203.38,
            "debt_ratio": 48.15,
            "inventory_turnover_ratio": 0.69,
            "account_receivable_turnover_ratio": 1.15,
            "reinvestment_rate": null,
            "research_to_sale_ratio": 3.73,
            "price_fair": 0,
            "eps_avg_yearly": 0,
            "eps_latest_yearly": 0,
            "eps_growth_yearly": 0
        },
        "20162": {
            "year_quarter": 20162,
            "year": 2016,
            "quarter": 2,
            "eps": -0.29,
            "eps_growth_year": null,
            "eps_4q": 1.89,
            "eps_4q_growth_year": null,
            "roe": -12.74,
            "roe_4q": -8.19,
            "gross_profit": -5374,
            "gross_margin": -9.84,
            "gross_margin_4q_avg": -6.22,
            "net_income": -22593,
            "net_income_4q": null,
            "revenue": 54598,
            "revenue_4q": null,
            "common_shares": 525168,
            "book_valuer_per_share": 7.17,
            "book_valuer_per_share_4q_avg": 6.8,
            "equity": 169681,
            "current_ratio": 191.58,
            "debt_ratio": 49.11,
            "inventory_turnover_ratio": 0.87,
            "account_receivable_turnover_ratio": 1.26,
            "reinvestment_rate": null,
            "research_to_sale_ratio": 2.36,
            "price_fair": 0,
            "eps_avg_yearly": 0,
            "eps_latest_yearly": 0,
            "eps_growth_yearly": 0
        },
        "20163": {
            "year_quarter": 20163,
            "year": 2016,
            "quarter": 3,
            "eps": -0.4,
            "eps_growth_year": null,
            "eps_4q": 1.65,
            "eps_4q_growth_year": null,
            "roe": -18,
            "roe_4q": -20.92,
            "gross_profit": -8780,
            "gross_margin": -23.51,
            "gross_margin_4q_avg": -10.41,
            "net_income": -28853,
            "net_income_4q": null,
            "revenue": 37348,
            "revenue_4q": null,
            "common_shares": 525168,
            "book_valuer_per_share": 6.83,
            "book_valuer_per_share_4q_avg": 7.25,
            "equity": 150890,
            "current_ratio": 187.78,
            "debt_ratio": 47.47,
            "inventory_turnover_ratio": 0.72,
            "account_receivable_turnover_ratio": 1.1,
            "reinvestment_rate": null,
            "research_to_sale_ratio": 3.1,
            "price_fair": 0,
            "eps_avg_yearly": 0,
            "eps_latest_yearly": 0,
            "eps_growth_yearly": 0
        },
        "20164": {
            "year_quarter": 20164,
            "year": 2016,
            "quarter": 4,
            "eps": -1.09,
            "eps_growth_year": -143.72,
            "eps_4q": -1.94,
            "eps_4q_growth_year": -209.09,
            "roe": -15.34,
            "roe_4q": -47.410000000000004,
            "gross_profit": -9947,
            "gross_margin": -21.66,
            "gross_margin_4q_avg": -13.97,
            "net_income": -21807,
            "net_income_4q": null,
            "revenue": 45923,
            "revenue_4q": null,
            "common_shares": 525168,
            "book_valuer_per_share": 5.76,
            "book_valuer_per_share_4q_avg": 6.8,
            "equity": 133416,
            "current_ratio": 173.09,
            "debt_ratio": 50.1,
            "inventory_turnover_ratio": 0.97,
            "account_receivable_turnover_ratio": 1.81,
            "reinvestment_rate": null,
            "research_to_sale_ratio": 1.75,
            "price_fair": 0,
            "eps_avg_yearly": 0,
            "eps_latest_yearly": 0,
            "eps_growth_yearly": 0
        },
        "20171": {
            "year_quarter": 20171,
            "year": 2017,
            "quarter": 1,
            "eps": -0.28,
            "eps_growth_year": null,
            "eps_4q": -2.06,
            "eps_4q_growth_year": -208.91,
            "roe": -19.35,
            "roe_4q": -65.42999999999999,
            "gross_profit": -1778,
            "gross_margin": -3.73,
            "gross_margin_4q_avg": -14.69,
            "net_income": -24527,
            "net_income_4q": null,
            "revenue": 47633,
            "revenue_4q": null,
            "common_shares": 525168,
            "book_valuer_per_share": 5.54,
            "book_valuer_per_share_4q_avg": 6.33,
            "equity": 120154,
            "current_ratio": 168.71,
            "debt_ratio": 50.94,
            "inventory_turnover_ratio": 1.02,
            "account_receivable_turnover_ratio": 1.72,
            "reinvestment_rate": null,
            "research_to_sale_ratio": 1.55,
            "price_fair": 0,
            "eps_avg_yearly": 0,
            "eps_latest_yearly": 0,
            "eps_growth_yearly": 0
        },
        "20172": {
            "year_quarter": 20172,
            "year": 2017,
            "quarter": 2,
            "eps": -0.27,
            "eps_growth_year": null,
            "eps_4q": -2.04,
            "eps_4q_growth_year": -208.07,
            "roe": -10.53,
            "roe_4q": -63.22,
            "gross_profit": -8753,
            "gross_margin": -32.01,
            "gross_margin_4q_avg": -20.23,
            "net_income": -11800,
            "net_income_4q": null,
            "revenue": 27341,
            "revenue_4q": null,
            "common_shares": 525168,
            "book_valuer_per_share": 5.24,
            "book_valuer_per_share_4q_avg": 5.84,
            "equity": 104007,
            "current_ratio": 167.87,
            "debt_ratio": 50.18,
            "inventory_turnover_ratio": 0.9,
            "account_receivable_turnover_ratio": 1.25,
            "reinvestment_rate": null,
            "research_to_sale_ratio": 2.86,
            "price_fair": 0,
            "eps_avg_yearly": 0,
            "eps_latest_yearly": 0,
            "eps_growth_yearly": 0
        },
        "20173": {
            "year_quarter": 20173,
            "year": 2017,
            "quarter": 3,
            "eps": -0.74,
            "eps_growth_year": null,
            "eps_4q": -6.13,
            "eps_4q_growth_year": -471.31,
            "roe": -10.95,
            "roe_4q": -56.17,
            "gross_profit": -6783,
            "gross_margin": -21.64,
            "gross_margin_4q_avg": -19.76,
            "net_income": -10622,
            "net_income_4q": null,
            "revenue": 31344,
            "revenue_4q": null,
            "common_shares": 160168,
            "book_valuer_per_share": 16.4,
            "book_valuer_per_share_4q_avg": 8.24,
            "equity": 90072,
            "current_ratio": 166.41,
            "debt_ratio": 51.57,
            "inventory_turnover_ratio": 1.11,
            "account_receivable_turnover_ratio": 1.86,
            "reinvestment_rate": null,
            "research_to_sale_ratio": 1,
            "price_fair": 0,
            "eps_avg_yearly": 0,
            "eps_latest_yearly": 0,
            "eps_growth_yearly": 0
        },
        "20174": {
            "year_quarter": 20174,
            "year": 2017,
            "quarter": 4,
            "eps": -9.77,
            "eps_growth_year": null,
            "eps_4q": -12.31,
            "eps_4q_growth_year": null,
            "roe": -15.07,
            "roe_4q": -55.9,
            "gross_profit": -6029,
            "gross_margin": -34.89,
            "gross_margin_4q_avg": -23.07,
            "net_income": -12531,
            "net_income_4q": null,
            "revenue": 17279,
            "revenue_4q": null,
            "common_shares": 160168,
            "book_valuer_per_share": 6.54,
            "book_valuer_per_share_4q_avg": 8.43,
            "equity": 76193,
            "current_ratio": 154.9,
            "debt_ratio": 53.86,
            "inventory_turnover_ratio": 0.7,
            "account_receivable_turnover_ratio": 1.19,
            "reinvestment_rate": null,
            "research_to_sale_ratio": 3.88,
            "price_fair": 0,
            "eps_avg_yearly": 0,
            "eps_latest_yearly": 0,
            "eps_growth_yearly": 0
        },
        "20181": {
            "year_quarter": 20181,
            "year": 2018,
            "quarter": 1,
            "eps": -0.81,
            "eps_growth_year": null,
            "eps_4q": -12.2,
            "eps_4q_growth_year": null,
            "roe": -19.2,
            "roe_4q": -55.75,
            "gross_profit": -10642,
            "gross_margin": -68.72,
            "gross_margin_4q_avg": -39.32,
            "net_income": -13276,
            "net_income_4q": null,
            "revenue": 15485,
            "revenue_4q": null,
            "common_shares": 160168,
            "book_valuer_per_share": 5.72,
            "book_valuer_per_share_4q_avg": 8.48,
            "equity": 62103,
            "current_ratio": 144.14,
            "debt_ratio": 57.11,
            "inventory_turnover_ratio": 0.77,
            "account_receivable_turnover_ratio": 1.33,
            "reinvestment_rate": null,
            "research_to_sale_ratio": 3.59,
            "price_fair": 0,
            "eps_avg_yearly": 0,
            "eps_latest_yearly": 0,
            "eps_growth_yearly": 0
        },
        "20182": {
            "year_quarter": 20182,
            "year": 2018,
            "quarter": 2,
            "eps": -0.78,
            "eps_growth_year": null,
            "eps_4q": -12.09,
            "eps_4q_growth_year": null,
            "roe": -22.73,
            "roe_4q": -67.95,
            "gross_profit": -7134,
            "gross_margin": -49.51,
            "gross_margin_4q_avg": -43.69,
            "net_income": -12721,
            "net_income_4q": null,
            "revenue": 14409,
            "revenue_4q": null,
            "common_shares": 160168,
            "book_valuer_per_share": 4.95,
            "book_valuer_per_share_4q_avg": 8.4,
            "equity": 49808,
            "current_ratio": 132.91,
            "debt_ratio": 61.31,
            "inventory_turnover_ratio": 0.65,
            "account_receivable_turnover_ratio": 1.18,
            "reinvestment_rate": null,
            "research_to_sale_ratio": 3.31,
            "price_fair": 0,
            "eps_avg_yearly": 0,
            "eps_latest_yearly": 0,
            "eps_growth_yearly": 0
        },
        "20183": {
            "year_quarter": 20183,
            "year": 2018,
            "quarter": 3,
            "eps": -1.53,
            "eps_growth_year": null,
            "eps_4q": -12.89,
            "eps_4q_growth_year": null,
            "roe": -65.68,
            "roe_4q": -122.68,
            "gross_profit": -20242,
            "gross_margin": -151.85,
            "gross_margin_4q_avg": -76.24,
            "net_income": -25002,
            "net_income_4q": null,
            "revenue": 13330,
            "revenue_4q": null,
            "common_shares": 160168,
            "book_valuer_per_share": 3.45,
            "book_valuer_per_share_4q_avg": 5.17,
            "equity": 26320,
            "current_ratio": 104,
            "debt_ratio": 74.32,
            "inventory_turnover_ratio": 1.14,
            "account_receivable_turnover_ratio": 1.25,
            "reinvestment_rate": null,
            "research_to_sale_ratio": 4.64,
            "price_fair": 0,
            "eps_avg_yearly": 0,
            "eps_latest_yearly": 0,
            "eps_growth_yearly": 0
        },
        "20184": {
            "year_quarter": 20184,
            "year": 2018,
            "quarter": 4,
            "eps": -0.9,
            "eps_growth_year": null,
            "eps_4q": -4.02,
            "eps_4q_growth_year": null,
            "roe": -0.13,
            "roe_4q": -107.74000000000001,
            "gross_profit": -15516,
            "gross_margin": -153.27,
            "gross_margin_4q_avg": -105.84,
            "net_income": -39,
            "net_income_4q": null,
            "revenue": 10123,
            "revenue_4q": null,
            "common_shares": 160168,
            "book_valuer_per_share": 3.04,
            "book_valuer_per_share_4q_avg": 4.29,
            "equity": 33756,
            "current_ratio": 129.66,
            "debt_ratio": 63.17,
            "inventory_turnover_ratio": 1.26,
            "account_receivable_turnover_ratio": 1.25,
            "reinvestment_rate": null,
            "research_to_sale_ratio": 4.1,
            "price_fair": 0,
            "eps_avg_yearly": 0,
            "eps_latest_yearly": 0,
            "eps_growth_yearly": 0
        },
        "20191": {
            "year_quarter": 20191,
            "year": 2019,
            "quarter": 1,
            "eps": -0.82,
            "eps_growth_year": null,
            "eps_4q": -4.03,
            "eps_4q_growth_year": null,
            "roe": -49.08,
            "roe_4q": -137.62,
            "gross_profit": -3624,
            "gross_margin": -25.3,
            "gross_margin_4q_avg": -94.98,
            "net_income": -13203,
            "net_income_4q": null,
            "revenue": 14326,
            "revenue_4q": null,
            "common_shares": 160168,
            "book_valuer_per_share": 2.21,
            "book_valuer_per_share_4q_avg": 3.41,
            "equity": 20049,
            "current_ratio": 108.19,
            "debt_ratio": 76.62,
            "inventory_turnover_ratio": 1.26,
            "account_receivable_turnover_ratio": 1.86,
            "reinvestment_rate": null,
            "research_to_sale_ratio": 3.73,
            "price_fair": 0,
            "eps_avg_yearly": 0,
            "eps_latest_yearly": 0,
            "eps_growth_yearly": 0
        },
        "20192": {
            "year_quarter": 20192,
            "year": 2019,
            "quarter": 2,
            "eps": -0.82,
            "eps_growth_year": null,
            "eps_4q": -4.07,
            "eps_4q_growth_year": null,
            "roe": -98.26,
            "roe_4q": -213.15,
            "gross_profit": -2334,
            "gross_margin": -16.71,
            "gross_margin_4q_avg": -86.78,
            "net_income": -13304,
            "net_income_4q": null,
            "revenue": 13965,
            "revenue_4q": null,
            "common_shares": 160168,
            "book_valuer_per_share": 1.4,
            "book_valuer_per_share_4q_avg": 2.53,
            "equity": 7031,
            "current_ratio": 87.88,
            "debt_ratio": 90.18,
            "inventory_turnover_ratio": 1.27,
            "account_receivable_turnover_ratio": 1.47,
            "reinvestment_rate": null,
            "research_to_sale_ratio": 3.36,
            "price_fair": 0,
            "eps_avg_yearly": 0,
            "eps_latest_yearly": 0,
            "eps_growth_yearly": 0
        },
        "20193": {
            "year_quarter": 20193,
            "year": 2019,
            "quarter": 3,
            "eps": 0.51,
            "eps_growth_year": null,
            "eps_4q": -2.03,
            "eps_4q_growth_year": null,
            "roe": 307.41,
            "roe_4q": 159.94000000000005,
            "gross_profit": 480,
            "gross_margin": 3.25,
            "gross_margin_4q_avg": -48.01,
            "net_income": 45355,
            "net_income_4q": null,
            "revenue": 14766,
            "revenue_4q": null,
            "common_shares": 160168,
            "book_valuer_per_share": 1.36,
            "book_valuer_per_share_4q_avg": 2,
            "equity": 22477,
            "current_ratio": 116.34,
            "debt_ratio": 64.27,
            "inventory_turnover_ratio": 1.39,
            "account_receivable_turnover_ratio": 1.31,
            "reinvestment_rate": null,
            "research_to_sale_ratio": 6.37,
            "price_fair": 0,
            "eps_avg_yearly": 0,
            "eps_latest_yearly": 0,
            "eps_growth_yearly": 0
        },
        "20194": {
            "year_quarter": 20194,
            "year": 2019,
            "quarter": 4,
            "eps": -0.15,
            "eps_growth_year": null,
            "eps_4q": -1.28,
            "eps_4q_growth_year": null,
            "roe": -13.61,
            "roe_4q": 146.46000000000004,
            "gross_profit": 1795,
            "gross_margin": 13.32,
            "gross_margin_4q_avg": -6.36,
            "net_income": -2929,
            "net_income_4q": null,
            "revenue": 13476,
            "revenue_4q": null,
            "common_shares": 160168,
            "book_valuer_per_share": 1.27,
            "book_valuer_per_share_4q_avg": 1.56,
            "equity": 20559,
            "current_ratio": 107.08,
            "debt_ratio": 67.14,
            "inventory_turnover_ratio": 1.43,
            "account_receivable_turnover_ratio": 1.4,
            "reinvestment_rate": null,
            "research_to_sale_ratio": 2.03,
            "price_fair": 0,
            "eps_avg_yearly": 0,
            "eps_latest_yearly": 0,
            "eps_growth_yearly": 0
        },
        "20201": {
            "year_quarter": 20201,
            "year": 2020,
            "quarter": 1,
            "eps": -0.16,
            "eps_growth_year": null,
            "eps_4q": -0.61,
            "eps_4q_growth_year": null,
            "roe": -12.87,
            "roe_4q": 182.67000000000002,
            "gross_profit": 523,
            "gross_margin": 7.47,
            "gross_margin_4q_avg": 1.83,
            "net_income": -2470,
            "net_income_4q": null,
            "revenue": 6997,
            "revenue_4q": null,
            "common_shares": 160168,
            "book_valuer_per_share": 1.11,
            "book_valuer_per_share_4q_avg": 1.29,
            "equity": 17836,
            "current_ratio": 100.73,
            "debt_ratio": 69.12,
            "inventory_turnover_ratio": 0.91,
            "account_receivable_turnover_ratio": 1.1,
            "reinvestment_rate": null,
            "research_to_sale_ratio": 6.45,
            "price_fair": 0,
            "eps_avg_yearly": 0,
            "eps_latest_yearly": 0,
            "eps_growth_yearly": 0
        },
        "20202": {
            "year_quarter": 20202,
            "year": 2020,
            "quarter": 2,
            "eps": -0.42,
            "eps_growth_year": null,
            "eps_4q": -0.22,
            "eps_4q_growth_year": null,
            "roe": -8.69,
            "roe_4q": 272.24,
            "gross_profit": 3592,
            "gross_margin": 22.26,
            "gross_margin_4q_avg": 11.58,
            "net_income": -6705,
            "net_income_4q": null,
            "revenue": 16136,
            "revenue_4q": null,
            "common_shares": 160168,
            "book_valuer_per_share": 3.79,
            "book_valuer_per_share_4q_avg": 1.88,
            "equity": 136477,
            "current_ratio": 426.72,
            "debt_ratio": 22.24,
            "inventory_turnover_ratio": 2.07,
            "account_receivable_turnover_ratio": 1.6,
            "reinvestment_rate": null,
            "research_to_sale_ratio": 5.14,
            "price_fair": 0,
            "eps_avg_yearly": 0,
            "eps_latest_yearly": 0,
            "eps_growth_yearly": 0
        },
        "20203": {
            "year_quarter": 20203,
            "year": 2020,
            "quarter": 3,
            "eps": 0.02,
            "eps_growth_year": -96.08,
            "eps_4q": -0.7,
            "eps_4q_growth_year": null,
            "roe": 0.11,
            "roe_4q": -35.06,
            "gross_profit": 5482,
            "gross_margin": 15.1,
            "gross_margin_4q_avg": 14.54,
            "net_income": 269,
            "net_income_4q": null,
            "revenue": 36303,
            "revenue_4q": null,
            "common_shares": 160168,
            "book_valuer_per_share": 6.01,
            "book_valuer_per_share_4q_avg": 3.05,
            "equity": 336746,
            "current_ratio": 757.51,
            "debt_ratio": 13.22,
            "inventory_turnover_ratio": 2.84,
            "account_receivable_turnover_ratio": 1.71,
            "reinvestment_rate": null,
            "research_to_sale_ratio": 0.05,
            "price_fair": 0,
            "eps_avg_yearly": 0,
            "eps_latest_yearly": 0,
            "eps_growth_yearly": 0
        },
        "20204": {
            "year_quarter": 20204,
            "year": 2020,
            "quarter": 4,
            "eps": 0.8,
            "eps_growth_year": null,
            "eps_4q": 0.24,
            "eps_4q_growth_year": null,
            "roe": 3.73,
            "roe_4q": -17.72,
            "gross_profit": 21917,
            "gross_margin": 20.17,
            "gross_margin_4q_avg": 16.25,
            "net_income": 12816,
            "net_income_4q": null,
            "revenue": 108677,
            "revenue_4q": null,
            "common_shares": 160168,
            "book_valuer_per_share": 6.25,
            "book_valuer_per_share_4q_avg": 4.29,
            "equity": 350092,
            "current_ratio": 502.25,
            "debt_ratio": 19.6,
            "inventory_turnover_ratio": 5.54,
            "account_receivable_turnover_ratio": 2.09,
            "reinvestment_rate": null,
            "research_to_sale_ratio": 0,
            "price_fair": 112,
            "eps_avg_yearly": 3.2,
            "eps_latest_yearly": 3.2,
            "eps_growth_yearly": 15600
        },
        "20211": {
            "year_quarter": 20211,
            "year": 2021,
            "quarter": 1,
            "eps": 0.46,
            "eps_growth_year": null,
            "eps_4q": 0.86,
            "eps_4q_growth_year": null,
            "roe": 2.07,
            "roe_4q": -2.7799999999999994,
            "gross_profit": 7809,
            "gross_margin": 17.98,
            "gross_margin_4q_avg": 18.88,
            "net_income": 7329,
            "net_income_4q": null,
            "revenue": 43424,
            "revenue_4q": null,
            "common_shares": 160168,
            "book_valuer_per_share": 6.38,
            "book_valuer_per_share_4q_avg": 5.61,
            "equity": 357421,
            "current_ratio": 1023.68,
            "debt_ratio": 10.01,
            "inventory_turnover_ratio": 2.37,
            "account_receivable_turnover_ratio": 0.58,
            "reinvestment_rate": null,
            "research_to_sale_ratio": 0,
            "price_fair": 88.2,
            "eps_avg_yearly": 2.52,
            "eps_latest_yearly": 1.84,
            "eps_growth_yearly": 7715
        },
        "20212": {
            "year_quarter": 20212,
            "year": 2021,
            "quarter": 2,
            "eps": -0.03,
            "eps_growth_year": null,
            "eps_4q": 0.76,
            "eps_4q_growth_year": null,
            "roe": -0.12,
            "roe_4q": 5.79,
            "gross_profit": 6836,
            "gross_margin": 17.78,
            "gross_margin_4q_avg": 17.76,
            "net_income": -609,
            "net_income_4q": null,
            "revenue": 38439,
            "revenue_4q": null,
            "common_shares": 260168,
            "book_valuer_per_share": 9.48,
            "book_valuer_per_share_4q_avg": 7.03,
            "equity": 625943,
            "current_ratio": 3430.88,
            "debt_ratio": 3.29,
            "inventory_turnover_ratio": 1.58,
            "account_receivable_turnover_ratio": 0.61,
            "reinvestment_rate": null,
            "research_to_sale_ratio": 0,
            "price_fair": 88.2,
            "eps_avg_yearly": 2.52,
            "eps_latest_yearly": 1.84,
            "eps_growth_yearly": 7715
        },
        "20213": {
            "year_quarter": 20213,
            "year": 2021,
            "quarter": 3,
            "eps": 1.03,
            "eps_growth_year": 5050,
            "eps_4q": 1.78,
            "eps_4q_growth_year": null,
            "roe": 4.18,
            "roe_4q": 9.86,
            "gross_profit": 33702,
            "gross_margin": 24.94,
            "gross_margin_4q_avg": 20.22,
            "net_income": 26691,
            "net_income_4q": null,
            "revenue": 135148,
            "revenue_4q": null,
            "common_shares": 260168,
            "book_valuer_per_share": 9.89,
            "book_valuer_per_share_4q_avg": 8,
            "equity": 652634,
            "current_ratio": 783.77,
            "debt_ratio": 12.85,
            "inventory_turnover_ratio": 2.68,
            "account_receivable_turnover_ratio": 1.54,
            "reinvestment_rate": null,
            "research_to_sale_ratio": 0,
            "price_fair": 88.2,
            "eps_avg_yearly": 2.52,
            "eps_latest_yearly": 1.84,
            "eps_growth_yearly": 7715
        },
        "20214": {
            "year_quarter": 20214,
            "year": 2021,
            "quarter": 4,
            "eps": 1.88,
            "eps_growth_year": 134.97,
            "eps_4q": 3.16,
            "eps_4q_growth_year": 1203.23,
            "roe": 7.22,
            "roe_4q": 13.35,
            "gross_profit": 61499,
            "gross_margin": 23.5,
            "gross_margin_4q_avg": 21.05,
            "net_income": 48915,
            "net_income_4q": null,
            "revenue": 261655,
            "revenue_4q": null,
            "common_shares": 260168,
            "book_valuer_per_share": 10.63,
            "book_valuer_per_share_4q_avg": 9.1,
            "equity": 701855,
            "current_ratio": 476.84,
            "debt_ratio": 21.07,
            "inventory_turnover_ratio": 3.91,
            "account_receivable_turnover_ratio": 1.42,
            "reinvestment_rate": -1472.25,
            "research_to_sale_ratio": 0,
            "price_fair": 146.53,
            "eps_avg_yearly": 4.19,
            "eps_latest_yearly": 7.52,
            "eps_growth_yearly": 5253.37
        },
        "20221": {
            "year_quarter": 20221,
            "year": 2022,
            "quarter": 1,
            "eps": 2.63,
            "eps_growth_year": 471.74,
            "eps_4q": 5.51,
            "eps_4q_growth_year": 543.72,
            "roe": 9.29,
            "roe_4q": 20.569999999999997,
            "gross_profit": 61245,
            "gross_margin": 22.95,
            "gross_margin_4q_avg": 22.29,
            "net_income": 68347,
            "net_income_4q": null,
            "revenue": 266888,
            "revenue_4q": null,
            "common_shares": 260168,
            "book_valuer_per_share": 11.67,
            "book_valuer_per_share_4q_avg": 10.42,
            "equity": 770202,
            "current_ratio": 478.01,
            "debt_ratio": 21.08,
            "inventory_turnover_ratio": 3.22,
            "account_receivable_turnover_ratio": 1,
            "reinvestment_rate": -21.82,
            "research_to_sale_ratio": null,
            "price_fair": 201.95,
            "eps_avg_yearly": 5.77,
            "eps_latest_yearly": 10.52,
            "eps_growth_yearly": 3979.92
        },
        "20222": {
            "year_quarter": 20222,
            "year": 2022,
            "quarter": 2,
            "eps": 3.45,
            "eps_growth_year": null,
            "eps_4q": 8.99,
            "eps_4q_growth_year": 1080.77,
            "roe": 11.03,
            "roe_4q": 31.72,
            "gross_profit": 79790,
            "gross_margin": 26.76,
            "gross_margin_4q_avg": 24.54,
            "net_income": 89899,
            "net_income_4q": null,
            "revenue": 298220,
            "revenue_4q": null,
            "common_shares": 260168,
            "book_valuer_per_share": 13.03,
            "book_valuer_per_share_4q_avg": 11.31,
            "equity": 860101,
            "current_ratio": 502.78,
            "debt_ratio": 20.02,
            "inventory_turnover_ratio": 3.18,
            "account_receivable_turnover_ratio": 1.03,
            "reinvestment_rate": -8.65,
            "research_to_sale_ratio": null,
            "price_fair": 258.16,
            "eps_avg_yearly": 7.38,
            "eps_latest_yearly": 13.8,
            "eps_growth_yearly": 3208.88
        },
        "20223": {
            "year_quarter": 20223,
            "year": 2022,
            "quarter": 3,
            "eps": 4.3,
            "eps_growth_year": 317.48,
            "eps_4q": 12.26,
            "eps_4q_growth_year": 589.9,
            "roe": 12.2,
            "roe_4q": 39.739999999999995,
            "gross_profit": 75068,
            "gross_margin": 25.53,
            "gross_margin_4q_avg": 24.69,
            "net_income": 111757,
            "net_income_4q": null,
            "revenue": 294083,
            "revenue_4q": null,
            "common_shares": 260168,
            "book_valuer_per_share": 14.72,
            "book_valuer_per_share_4q_avg": 12.51,
            "equity": 971858,
            "current_ratio": 551.24,
            "debt_ratio": 18.46,
            "inventory_turnover_ratio": 3.31,
            "account_receivable_turnover_ratio": 0.92,
            "reinvestment_rate": -4.56,
            "research_to_sale_ratio": null,
            "price_fair": 315.47,
            "eps_avg_yearly": 9.01,
            "eps_latest_yearly": 17.2,
            "eps_growth_yearly": 2690.49
        },
        "20224": {
            "year_quarter": 20224,
            "year": 2022,
            "quarter": 4,
            "eps": 1.44,
            "eps_growth_year": -23.37,
            "eps_4q": 11.82,
            "eps_4q_growth_year": 273.5,
            "roe": 3.78,
            "roe_4q": 36.3,
            "gross_profit": 83225,
            "gross_margin": 24.73,
            "gross_margin_4q_avg": 24.99,
            "net_income": 37484,
            "net_income_4q": null,
            "revenue": 336553,
            "revenue_4q": null,
            "common_shares": 260168,
            "book_valuer_per_share": 15.29,
            "book_valuer_per_share_4q_avg": 13.68,
            "equity": 1009342,
            "current_ratio": 472.5,
            "debt_ratio": 21.26,
            "inventory_turnover_ratio": 3.53,
            "account_receivable_turnover_ratio": 0.91,
            "reinvestment_rate": -0.81,
            "research_to_sale_ratio": null,
            "price_fair": 299.2,
            "eps_avg_yearly": 8.55,
            "eps_latest_yearly": 5.76,
            "eps_growth_yearly": 2268.13
        },
        "20231": {
            "year_quarter": 20231,
            "year": 2023,
            "quarter": 1,
            "eps": 2.52,
            "eps_growth_year": -4.18,
            "eps_4q": 11.71,
            "eps_4q_growth_year": 112.51,
            "roe": 6.28,
            "roe_4q": 33.29,
            "gross_profit": 82173,
            "gross_margin": 24.15,
            "gross_margin_4q_avg": 25.29,
            "net_income": 65487,
            "net_income_4q": null,
            "revenue": 340219,
            "revenue_4q": null,
            "common_shares": 260168,
            "book_valuer_per_share": 16.28,
            "book_valuer_per_share_4q_avg": 14.83,
            "equity": 1074829,
            "current_ratio": 529.75,
            "debt_ratio": 18.87,
            "inventory_turnover_ratio": 4.27,
            "account_receivable_turnover_ratio": 0.83,
            "reinvestment_rate": -0.54,
            "research_to_sale_ratio": null,
            "price_fair": 305.9,
            "eps_avg_yearly": 8.74,
            "eps_latest_yearly": 10.08,
            "eps_growth_yearly": 2022.11
        },
        "20232": {
            "year_quarter": 20232,
            "year": 2023,
            "quarter": 2,
            "eps": 3.36,
            "eps_growth_year": -2.61,
            "eps_4q": 11.62,
            "eps_4q_growth_year": 29.27,
            "roe": 7.92,
            "roe_4q": 30.18,
            "gross_profit": 73196,
            "gross_margin": 23.34,
            "gross_margin_4q_avg": 24.44,
            "net_income": 87576,
            "net_income_4q": null,
            "revenue": 313567,
            "revenue_4q": null,
            "common_shares": 260168,
            "book_valuer_per_share": 17.23,
            "book_valuer_per_share_4q_avg": 15.88,
            "equity": 1137397,
            "current_ratio": 431.25,
            "debt_ratio": 23.24,
            "inventory_turnover_ratio": 6.3,
            "account_receivable_turnover_ratio": 0.77,
            "reinvestment_rate": -0.45,
            "research_to_sale_ratio": null,
            "price_fair": 324.18,
            "eps_avg_yearly": 9.26,
            "eps_latest_yearly": 13.44,
            "eps_growth_yearly": 1812.25
        },
        "20233": {
            "year_quarter": 20233,
            "year": 2023,
            "quarter": 3,
            "eps": 2.33,
            "eps_growth_year": -45.81,
            "eps_4q": 5.83,
            "eps_4q_growth_year": -52.43,
            "roe": 6.61,
            "roe_4q": 24.590000000000003,
            "gross_profit": 62180,
            "gross_margin": 21.4,
            "gross_margin_4q_avg": 23.41,
            "net_income": 77797,
            "net_income_4q": null,
            "revenue": 290560,
            "revenue_4q": null,
            "common_shares": 460168,
            "book_valuer_per_share": 18.41,
            "book_valuer_per_share_4q_avg": 16.8,
            "equity": 1215194,
            "current_ratio": 499.96,
            "debt_ratio": 20.13,
            "inventory_turnover_ratio": 5.48,
            "account_receivable_turnover_ratio": 0.71,
            "reinvestment_rate": -0.4,
            "research_to_sale_ratio": null,
            "price_fair": 324.38,
            "eps_avg_yearly": 9.27,
            "eps_latest_yearly": 9.32,
            "eps_growth_yearly": 1618.76
        }
    },
    "months": {
        "2001-06": {
            "month": "2001-06",
            "price": "23.24",
            "revenue": 94647
        },
        "2001-07": {
            "month": "2001-07",
            "price": "19.52",
            "revenue": 154603
        },
        "2001-08": {
            "month": "2001-08",
            "price": "20.26",
            "revenue": 115246
        },
        "2001-09": {
            "month": "2001-09",
            "price": "19.55",
            "revenue": 49993
        },
        "2001-10": {
            "month": "2001-10",
            "price": "16.44",
            "revenue": 67620
        },
        "2001-11": {
            "month": "2001-11",
            "price": "20.35",
            "revenue": 75210
        },
        "2001-12": {
            "month": "2001-12",
            "price": "24.19",
            "revenue": 87421
        },
        "2002-01": {
            "month": "2002-01",
            "price": "27.13",
            "revenue": 59457
        },
        "2002-02": {
            "month": "2002-02",
            "price": "28.94",
            "revenue": 43382
        },
        "2002-03": {
            "month": "2002-03",
            "price": "29.87",
            "revenue": 78802
        },
        "2002-04": {
            "month": "2002-04",
            "price": "30.52",
            "revenue": 73480
        },
        "2002-05": {
            "month": "2002-05",
            "price": "31.44",
            "revenue": 77986
        },
        "2002-06": {
            "month": "2002-06",
            "price": "30.53",
            "revenue": 71516
        },
        "2002-07": {
            "month": "2002-07",
            "price": "26.69",
            "revenue": 81928
        },
        "2002-08": {
            "month": "2002-08",
            "price": "26.41",
            "revenue": 80273
        },
        "2002-09": {
            "month": "2002-09",
            "price": "27.72",
            "revenue": 76524
        },
        "2002-10": {
            "month": "2002-10",
            "price": "27.27",
            "revenue": 82186
        },
        "2002-11": {
            "month": "2002-11",
            "price": "29.15",
            "revenue": 75532
        },
        "2002-12": {
            "month": "2002-12",
            "price": "29.14",
            "revenue": 81962
        },
        "2003-01": {
            "month": "2003-01",
            "price": "27.98",
            "revenue": 53525
        },
        "2003-02": {
            "month": "2003-02",
            "price": "27.76",
            "revenue": 44166
        },
        "2003-03": {
            "month": "2003-03",
            "price": "27.27",
            "revenue": 68803
        },
        "2003-04": {
            "month": "2003-04",
            "price": "27.36",
            "revenue": 64362
        },
        "2003-05": {
            "month": "2003-05",
            "price": "26.91",
            "revenue": 78921
        },
        "2003-06": {
            "month": "2003-06",
            "price": "28.54",
            "revenue": 70030
        },
        "2003-07": {
            "month": "2003-07",
            "price": "26.61",
            "revenue": 73097
        },
        "2003-08": {
            "month": "2003-08",
            "price": "24.86",
            "revenue": 75922
        },
        "2003-09": {
            "month": "2003-09",
            "price": "24.03",
            "revenue": 92508
        },
        "2003-10": {
            "month": "2003-10",
            "price": "22.62",
            "revenue": 68685
        },
        "2003-11": {
            "month": "2003-11",
            "price": "21.31",
            "revenue": 74743
        },
        "2003-12": {
            "month": "2003-12",
            "price": "21.63",
            "revenue": 69850
        },
        "2004-01": {
            "month": "2004-01",
            "price": "23.36",
            "revenue": 48890
        },
        "2004-02": {
            "month": "2004-02",
            "price": "23.04",
            "revenue": 58564
        },
        "2004-03": {
            "month": "2004-03",
            "price": "24.16",
            "revenue": 62925
        },
        "2004-04": {
            "month": "2004-04",
            "price": "25.02",
            "revenue": 66637
        },
        "2004-05": {
            "month": "2004-05",
            "price": "23.88",
            "revenue": 60755
        },
        "2004-06": {
            "month": "2004-06",
            "price": "24.15",
            "revenue": 59233
        },
        "2004-07": {
            "month": "2004-07",
            "price": "24.13",
            "revenue": 65463
        },
        "2004-08": {
            "month": "2004-08",
            "price": "19.52",
            "revenue": 49598
        },
        "2004-09": {
            "month": "2004-09",
            "price": "17.23",
            "revenue": 42744
        },
        "2004-10": {
            "month": "2004-10",
            "price": "12.95",
            "revenue": 42150
        },
        "2004-11": {
            "month": "2004-11",
            "price": "10.56",
            "revenue": 62667
        },
        "2004-12": {
            "month": "2004-12",
            "price": "12.57",
            "revenue": 53896
        },
        "2005-01": {
            "month": "2005-01",
            "price": "11.03",
            "revenue": 63050
        },
        "2005-03": {
            "month": "2005-03",
            "price": "21.68",
            "revenue": 49514
        },
        "2005-04": {
            "month": "2005-04",
            "price": "20.78",
            "revenue": 59049
        },
        "2005-05": {
            "month": "2005-05",
            "price": "21.00",
            "revenue": 50346
        },
        "2005-06": {
            "month": "2005-06",
            "price": "23.97",
            "revenue": 66655
        },
        "2005-07": {
            "month": "2005-07",
            "price": "22.82",
            "revenue": 62171
        },
        "2005-08": {
            "month": "2005-08",
            "price": "24.38",
            "revenue": 71361
        },
        "2005-09": {
            "month": "2005-09",
            "price": "27.81",
            "revenue": 56844
        },
        "2005-10": {
            "month": "2005-10",
            "price": "29.08",
            "revenue": 58704
        },
        "2005-11": {
            "month": "2005-11",
            "price": "27.06",
            "revenue": 68672
        },
        "2005-12": {
            "month": "2005-12",
            "price": "27.90",
            "revenue": 63401
        },
        "2006-01": {
            "month": "2006-01",
            "price": "25.18",
            "revenue": 49834
        },
        "2006-02": {
            "month": "2006-02",
            "price": "24.94",
            "revenue": 45188
        },
        "2006-03": {
            "month": "2006-03",
            "price": "24.66",
            "revenue": 56231
        },
        "2006-04": {
            "month": "2006-04",
            "price": "25.97",
            "revenue": 41161
        },
        "2006-05": {
            "month": "2006-05",
            "price": "25.08",
            "revenue": 56787
        },
        "2006-06": {
            "month": "2006-06",
            "price": "23.94",
            "revenue": 40373
        },
        "2006-07": {
            "month": "2006-07",
            "price": "23.26",
            "revenue": 41505
        },
        "2006-08": {
            "month": "2006-08",
            "price": "19.42",
            "revenue": 44390
        },
        "2006-09": {
            "month": "2006-09",
            "price": "15.06",
            "revenue": 41266
        },
        "2006-10": {
            "month": "2006-10",
            "price": "11.44",
            "revenue": 36069
        },
        "2006-11": {
            "month": "2006-11",
            "price": "10.42",
            "revenue": 41457
        },
        "2006-12": {
            "month": "2006-12",
            "price": "12.02",
            "revenue": 35520
        },
        "2007-01": {
            "month": "2007-01",
            "price": "9.81",
            "revenue": 37512
        },
        "2007-02": {
            "month": "2007-02",
            "price": "10.41",
            "revenue": 36707
        },
        "2007-03": {
            "month": "2007-03",
            "price": "9.82",
            "revenue": 42494
        },
        "2007-04": {
            "month": "2007-04",
            "price": "12.12",
            "revenue": 43586
        },
        "2007-05": {
            "month": "2007-05",
            "price": "13.79",
            "revenue": 43720
        },
        "2007-06": {
            "month": "2007-06",
            "price": "14.79",
            "revenue": 38093
        },
        "2007-07": {
            "month": "2007-07",
            "price": "17.29",
            "revenue": 46690
        },
        "2007-08": {
            "month": "2007-08",
            "price": "16.20",
            "revenue": 46695
        },
        "2007-09": {
            "month": "2007-09",
            "price": "15.72",
            "revenue": 55091
        },
        "2007-10": {
            "month": "2007-10",
            "price": "15.01",
            "revenue": 50279
        },
        "2007-11": {
            "month": "2007-11",
            "price": "13.28",
            "revenue": 51553
        },
        "2007-12": {
            "month": "2007-12",
            "price": "12.58",
            "revenue": 42542
        },
        "2008-01": {
            "month": "2008-01",
            "price": "12.92",
            "revenue": 176032
        },
        "2008-02": {
            "month": "2008-02",
            "price": "13.81",
            "revenue": 131950
        },
        "2008-03": {
            "month": "2008-03",
            "price": "19.06",
            "revenue": 154456
        },
        "2008-04": {
            "month": "2008-04",
            "price": "17.23",
            "revenue": 162022
        },
        "2008-05": {
            "month": "2008-05",
            "price": "15.25",
            "revenue": 128570
        },
        "2008-06": {
            "month": "2008-06",
            "price": "15.79",
            "revenue": 221696
        },
        "2008-07": {
            "month": "2008-07",
            "price": "14.47",
            "revenue": 125717
        },
        "2008-08": {
            "month": "2008-08",
            "price": "12.12",
            "revenue": 158353
        },
        "2008-09": {
            "month": "2008-09",
            "price": "11.70",
            "revenue": 150568
        },
        "2008-10": {
            "month": "2008-10",
            "price": "9.93",
            "revenue": 131221
        },
        "2008-11": {
            "month": "2008-11",
            "price": "10.69",
            "revenue": 86633
        },
        "2008-12": {
            "month": "2008-12",
            "price": "6.22",
            "revenue": 68794
        },
        "2009-01": {
            "month": "2009-01",
            "price": "4.93",
            "revenue": 65785
        },
        "2009-02": {
            "month": "2009-02",
            "price": "4.84",
            "revenue": 60202
        },
        "2009-03": {
            "month": "2009-03",
            "price": "5.49",
            "revenue": 70446
        },
        "2009-04": {
            "month": "2009-04",
            "price": "7.71",
            "revenue": 73403
        },
        "2009-05": {
            "month": "2009-05",
            "price": "6.45",
            "revenue": 66567
        },
        "2009-06": {
            "month": "2009-06",
            "price": "6.44",
            "revenue": 65811
        },
        "2009-07": {
            "month": "2009-07",
            "price": "5.67",
            "revenue": 102113
        },
        "2009-08": {
            "month": "2009-08",
            "price": "5.33",
            "revenue": 102560
        },
        "2009-09": {
            "month": "2009-09",
            "price": "9.45",
            "revenue": 103374
        },
        "2009-10": {
            "month": "2009-10",
            "price": "9.50",
            "revenue": 109407
        },
        "2009-11": {
            "month": "2009-11",
            "price": "10.11",
            "revenue": 93181
        },
        "2009-12": {
            "month": "2009-12",
            "price": "9.99",
            "revenue": 72650
        },
        "2010-01": {
            "month": "2010-01",
            "price": "10.68",
            "revenue": 88137
        },
        "2010-02": {
            "month": "2010-02",
            "price": "9.19",
            "revenue": 68630
        },
        "2010-03": {
            "month": "2010-03",
            "price": "11.34",
            "revenue": 90023
        },
        "2010-04": {
            "month": "2010-04",
            "price": "14.42",
            "revenue": 104571
        },
        "2010-05": {
            "month": "2010-05",
            "price": "13.98",
            "revenue": 123365
        },
        "2010-06": {
            "month": "2010-06",
            "price": "13.54",
            "revenue": 136696
        },
        "2010-07": {
            "month": "2010-07",
            "price": "14.96",
            "revenue": 127232
        },
        "2010-08": {
            "month": "2010-08",
            "price": "15.06",
            "revenue": 106392
        },
        "2010-09": {
            "month": "2010-09",
            "price": "13.99",
            "revenue": 110940
        },
        "2010-10": {
            "month": "2010-10",
            "price": "13.80",
            "revenue": 102335
        },
        "2010-11": {
            "month": "2010-11",
            "price": "14.05",
            "revenue": 85344
        },
        "2010-12": {
            "month": "2010-12",
            "price": "13.75",
            "revenue": 65206
        },
        "2011-01": {
            "month": "2011-01",
            "price": "12.71",
            "revenue": 54927
        },
        "2011-02": {
            "month": "2011-02",
            "price": "11.31",
            "revenue": 62646
        },
        "2011-03": {
            "month": "2011-03",
            "price": "10.43",
            "revenue": 56329
        },
        "2011-04": {
            "month": "2011-04",
            "price": "10.67",
            "revenue": 50126
        },
        "2011-05": {
            "month": "2011-05",
            "price": "10.62",
            "revenue": 52330
        },
        "2011-06": {
            "month": "2011-06",
            "price": "10.39",
            "revenue": 46658
        },
        "2011-07": {
            "month": "2011-07",
            "price": "8.87",
            "revenue": 38694
        },
        "2011-08": {
            "month": "2011-08",
            "price": "7.03",
            "revenue": 34178
        },
        "2011-09": {
            "month": "2011-09",
            "price": "6.48",
            "revenue": 49327
        },
        "2011-10": {
            "month": "2011-10",
            "price": "6.09",
            "revenue": 41224
        },
        "2011-11": {
            "month": "2011-11",
            "price": "5.99",
            "revenue": 37150
        },
        "2011-12": {
            "month": "2011-12",
            "price": "8.05",
            "revenue": 27376
        },
        "2012-01": {
            "month": "2012-01",
            "price": "7.20",
            "revenue": 27451
        },
        "2012-02": {
            "month": "2012-02",
            "price": "7.60",
            "revenue": 27303
        },
        "2012-03": {
            "month": "2012-03",
            "price": "7.98",
            "revenue": 21808
        },
        "2012-04": {
            "month": "2012-04",
            "price": "7.63",
            "revenue": 29412
        },
        "2012-05": {
            "month": "2012-05",
            "price": "7.42",
            "revenue": 32839
        },
        "2012-06": {
            "month": "2012-06",
            "price": "8.12",
            "revenue": 43263
        },
        "2012-07": {
            "month": "2012-07",
            "price": "7.83",
            "revenue": 37403
        },
        "2012-08": {
            "month": "2012-08",
            "price": "8.53",
            "revenue": 32895
        },
        "2012-09": {
            "month": "2012-09",
            "price": "7.78",
            "revenue": 24516
        },
        "2012-10": {
            "month": "2012-10",
            "price": "7.25",
            "revenue": 20555
        },
        "2012-11": {
            "month": "2012-11",
            "price": "7.09",
            "revenue": 19121
        },
        "2012-12": {
            "month": "2012-12",
            "price": "7.69",
            "revenue": 17503
        },
        "2013-01": {
            "month": "2013-01",
            "price": "8.76",
            "revenue": 21731
        },
        "2013-02": {
            "month": "2013-02",
            "price": "8.55",
            "revenue": 14850
        },
        "2013-03": {
            "month": "2013-03",
            "price": "8.42",
            "revenue": 16417
        },
        "2013-04": {
            "month": "2013-04",
            "price": "9.03",
            "revenue": 19272
        },
        "2013-05": {
            "month": "2013-05",
            "price": "8.39",
            "revenue": 24230
        },
        "2013-06": {
            "month": "2013-06",
            "price": "6.53",
            "revenue": 19549
        },
        "2013-07": {
            "month": "2013-07",
            "price": "5.80",
            "revenue": 18795
        },
        "2013-08": {
            "month": "2013-08",
            "price": "5.45",
            "revenue": 21046
        },
        "2013-09": {
            "month": "2013-09",
            "price": "6.06",
            "revenue": 18159
        },
        "2013-10": {
            "month": "2013-10",
            "price": "6.74",
            "revenue": 19265
        },
        "2013-11": {
            "month": "2013-11",
            "price": "7.79",
            "revenue": 12131
        },
        "2013-12": {
            "month": "2013-12",
            "price": "13.36",
            "revenue": 22798
        },
        "2014-01": {
            "month": "2014-01",
            "price": "14.18",
            "revenue": 19245
        },
        "2014-02": {
            "month": "2014-02",
            "price": "15.88",
            "revenue": 9224
        },
        "2014-03": {
            "month": "2014-03",
            "price": "22.86",
            "revenue": 15945
        },
        "2014-04": {
            "month": "2014-04",
            "price": "22.15",
            "revenue": 14941
        },
        "2014-05": {
            "month": "2014-05",
            "price": "18.51",
            "revenue": 18208
        },
        "2014-06": {
            "month": "2014-06",
            "price": "17.31",
            "revenue": 19147
        },
        "2014-07": {
            "month": "2014-07",
            "price": "15.70",
            "revenue": 15931
        },
        "2014-08": {
            "month": "2014-08",
            "price": "14.84",
            "revenue": 20686
        },
        "2014-09": {
            "month": "2014-09",
            "price": "17.09",
            "revenue": 19613
        },
        "2014-10": {
            "month": "2014-10",
            "price": "15.96",
            "revenue": 23601
        },
        "2014-11": {
            "month": "2014-11",
            "price": "15.39",
            "revenue": 21228
        },
        "2014-12": {
            "month": "2014-12",
            "price": "15.23",
            "revenue": 22828
        },
        "2015-01": {
            "month": "2015-01",
            "price": "14.22",
            "revenue": 17292
        },
        "2015-02": {
            "month": "2015-02",
            "price": "12.77",
            "revenue": 12586
        },
        "2015-03": {
            "month": "2015-03",
            "price": "10.85",
            "revenue": 18531
        },
        "2015-04": {
            "month": "2015-04",
            "price": "9.49",
            "revenue": 18438
        },
        "2015-05": {
            "month": "2015-05",
            "price": "10.04",
            "revenue": 20036
        },
        "2015-06": {
            "month": "2015-06",
            "price": "9.54",
            "revenue": 21122
        },
        "2015-07": {
            "month": "2015-07",
            "price": "8.90",
            "revenue": 14860
        },
        "2015-08": {
            "month": "2015-08",
            "price": "7.51",
            "revenue": 28082
        },
        "2015-09": {
            "month": "2015-09",
            "price": "7.52",
            "revenue": 16097
        },
        "2015-10": {
            "month": "2015-10",
            "price": "8.10",
            "revenue": 16790
        },
        "2015-11": {
            "month": "2015-11",
            "price": "8.28",
            "revenue": 18214
        },
        "2015-12": {
            "month": "2015-12",
            "price": "9.02",
            "revenue": 20393
        },
        "2016-01": {
            "month": "2016-01",
            "price": "8.32",
            "revenue": 11368
        },
        "2016-02": {
            "month": "2016-02",
            "price": "8.12",
            "revenue": 15818
        },
        "2016-03": {
            "month": "2016-03",
            "price": "8.26",
            "revenue": 19416
        },
        "2016-04": {
            "month": "2016-04",
            "price": "8.79",
            "revenue": 16270
        },
        "2016-05": {
            "month": "2016-05",
            "price": "7.68",
            "revenue": 19282
        },
        "2016-06": {
            "month": "2016-06",
            "price": "7.49",
            "revenue": 19120
        },
        "2016-07": {
            "month": "2016-07",
            "price": "8.89",
            "revenue": 16094
        },
        "2016-08": {
            "month": "2016-08",
            "price": "11.96",
            "revenue": 9667
        },
        "2016-09": {
            "month": "2016-09",
            "price": "10.06",
            "revenue": 11770
        },
        "2016-10": {
            "month": "2016-10",
            "price": "8.29",
            "revenue": 15836
        },
        "2016-11": {
            "month": "2016-11",
            "price": "7.73",
            "revenue": 13134
        },
        "2016-12": {
            "month": "2016-12",
            "price": "7.83",
            "revenue": 16892
        },
        "2017-01": {
            "month": "2017-01",
            "price": "7.72",
            "revenue": 15663
        },
        "2017-02": {
            "month": "2017-02",
            "price": "9.58",
            "revenue": 15711
        },
        "2017-03": {
            "month": "2017-03",
            "price": "9.97",
            "revenue": 16324
        },
        "2017-04": {
            "month": "2017-04",
            "price": "13.60",
            "revenue": 9967
        },
        "2017-05": {
            "month": "2017-05",
            "price": "14.17",
            "revenue": 8651
        },
        "2017-06": {
            "month": "2017-06",
            "price": "20.70",
            "revenue": 8842
        },
        "2017-07": {
            "month": "2017-07",
            "price": "27.72",
            "revenue": 9585
        },
        "2017-08": {
            "month": "2017-08",
            "price": "41.18",
            "revenue": 11829
        },
        "2017-09": {
            "month": "2017-09",
            "price": "39.01",
            "revenue": 9986
        },
        "2017-10": {
            "month": "2017-10",
            "price": "39.43",
            "revenue": 5555
        },
        "2017-11": {
            "month": "2017-11",
            "price": "125.28",
            "revenue": 5205
        },
        "2017-12": {
            "month": "2017-12",
            "price": "102.17",
            "revenue": 6577
        },
        "2018-01": {
            "month": "2018-01",
            "price": "46.11",
            "revenue": 6492
        },
        "2018-02": {
            "month": "2018-02",
            "price": "45.28",
            "revenue": 3550
        },
        "2018-03": {
            "month": "2018-03",
            "price": "41.67",
            "revenue": 5631
        },
        "2018-04": {
            "month": "2018-04",
            "price": "27.72",
            "revenue": 3568
        },
        "2018-05": {
            "month": "2018-05",
            "price": "25.92",
            "revenue": 4615
        },
        "2018-06": {
            "month": "2018-06",
            "price": "25.02",
            "revenue": 6225
        },
        "2018-07": {
            "month": "2018-07",
            "price": "21.39",
            "revenue": 3325
        },
        "2018-08": {
            "month": "2018-08",
            "price": "19.88",
            "revenue": 4738
        },
        "2018-09": {
            "month": "2018-09",
            "price": "11.98",
            "revenue": 5267
        },
        "2018-10": {
            "month": "2018-10",
            "price": "10.47",
            "revenue": 3005
        },
        "2018-11": {
            "month": "2018-11",
            "price": "9.93",
            "revenue": 2444
        },
        "2018-12": {
            "month": "2018-12",
            "price": "11.17",
            "revenue": 4673
        },
        "2019-01": {
            "month": "2019-01",
            "price": "10.36",
            "revenue": 5920
        },
        "2019-02": {
            "month": "2019-02",
            "price": "10.68",
            "revenue": 3549
        },
        "2019-03": {
            "month": "2019-03",
            "price": "8.70",
            "revenue": 4857
        },
        "2019-04": {
            "month": "2019-04",
            "price": "7.51",
            "revenue": 4594
        },
        "2019-05": {
            "month": "2019-05",
            "price": "7.05",
            "revenue": 4582
        },
        "2019-06": {
            "month": "2019-06",
            "price": "6.55",
            "revenue": 4790
        },
        "2019-07": {
            "month": "2019-07",
            "price": "5.72",
            "revenue": 6346
        },
        "2019-08": {
            "month": "2019-08",
            "price": "5.23",
            "revenue": 4280
        },
        "2019-09": {
            "month": "2019-09",
            "price": "5.45",
            "revenue": 4135
        },
        "2019-10": {
            "month": "2019-10",
            "price": "4.92",
            "revenue": 5871
        },
        "2019-11": {
            "month": "2019-11",
            "price": "4.77",
            "revenue": 3635
        },
        "2019-12": {
            "month": "2019-12",
            "price": "4.55",
            "revenue": 3963
        },
        "2020-01": {
            "month": "2020-01",
            "price": "7.15",
            "revenue": 4670
        },
        "2020-02": {
            "month": "2020-02",
            "price": "11.76",
            "revenue": 3619
        },
        "2020-03": {
            "month": "2020-03",
            "price": "7.47",
            "revenue": 2855
        },
        "2020-04": {
            "month": "2020-04",
            "price": "9.39",
            "revenue": 1694
        },
        "2020-05": {
            "month": "2020-05",
            "price": "14.38",
            "revenue": 5601
        },
        "2020-06": {
            "month": "2020-06",
            "price": "15.24",
            "revenue": 8841
        },
        "2020-07": {
            "month": "2020-07",
            "price": "17.47",
            "revenue": 9420
        },
        "2020-08": {
            "month": "2020-08",
            "price": "19.21",
            "revenue": 10597
        },
        "2020-09": {
            "month": "2020-09",
            "price": "24.58",
            "revenue": 16286
        },
        "2020-10": {
            "month": "2020-10",
            "price": "25.49",
            "revenue": 25080
        },
        "2020-11": {
            "month": "2020-11",
            "price": "23.19",
            "revenue": 38238
        },
        "2020-12": {
            "month": "2020-12",
            "price": "29.94",
            "revenue": 45360
        },
        "2021-01": {
            "month": "2021-01",
            "price": "37.01",
            "revenue": 10361
        },
        "2021-02": {
            "month": "2021-02",
            "price": "36.02",
            "revenue": 15339
        },
        "2021-03": {
            "month": "2021-03",
            "price": "38.87",
            "revenue": 18677
        },
        "2021-04": {
            "month": "2021-04",
            "price": "46.30",
            "revenue": 10945
        },
        "2021-05": {
            "month": "2021-05",
            "price": "39.11",
            "revenue": 16641
        },
        "2021-06": {
            "month": "2021-06",
            "price": "38.44",
            "revenue": 10071
        },
        "2021-07": {
            "month": "2021-07",
            "price": "34.83",
            "revenue": 34187
        },
        "2021-08": {
            "month": "2021-08",
            "price": "34.50",
            "revenue": 37495
        },
        "2021-09": {
            "month": "2021-09",
            "price": "42.13",
            "revenue": 63250
        },
        "2021-10": {
            "month": "2021-10",
            "price": "48.09",
            "revenue": 73270
        },
        "2021-11": {
            "month": "2021-11",
            "price": "48.86",
            "revenue": 85892
        },
        "2021-12": {
            "month": "2021-12",
            "price": "49.46",
            "revenue": 102007
        },
        "2022-01": {
            "month": "2022-01",
            "price": "58.99",
            "revenue": 86843
        },
        "2022-02": {
            "month": "2022-02",
            "price": "65.85",
            "revenue": 75864
        },
        "2022-03": {
            "month": "2022-03",
            "price": "63.09",
            "revenue": 104181
        },
        "2022-04": {
            "month": "2022-04",
            "price": "67.73",
            "revenue": 93918
        },
        "2022-05": {
            "month": "2022-05",
            "price": "69.37",
            "revenue": 102710
        },
        "2022-06": {
            "month": "2022-06",
            "price": "63.75",
            "revenue": 101592
        },
        "2022-07": {
            "month": "2022-07",
            "price": "57.57",
            "revenue": 104255
        },
        "2022-08": {
            "month": "2022-08",
            "price": "60.11",
            "revenue": 83865
        },
        "2022-09": {
            "month": "2022-09",
            "price": "54.42",
            "revenue": 105736
        },
        "2022-10": {
            "month": "2022-10",
            "price": "50.68",
            "revenue": 106418
        },
        "2022-11": {
            "month": "2022-11",
            "price": "61.22",
            "revenue": 108272
        },
        "2022-12": {
            "month": "2022-12",
            "price": "65.60",
            "revenue": 122090
        },
        "2023-01": {
            "month": "2023-01",
            "price": "67.26",
            "revenue": 102647
        },
        "2023-02": {
            "month": "2023-02",
            "price": "69.69",
            "revenue": 111247
        },
        "2023-03": {
            "month": "2023-03",
            "price": "62.30",
            "revenue": 126325
        },
        "2023-04": {
            "month": "2023-04",
            "price": "54.64",
            "revenue": 103880
        },
        "2023-05": {
            "month": "2023-05",
            "price": "55.56",
            "revenue": 104923
        },
        "2023-06": {
            "month": "2023-06",
            "price": "56.88",
            "revenue": 104764
        },
        "2023-07": {
            "month": "2023-07",
            "price": "54.38",
            "revenue": 82345
        },
        "2023-08": {
            "month": "2023-08",
            "price": "52.10",
            "revenue": 95610
        },
        "2023-09": {
            "month": "2023-09",
            "price": "52.56",
            "revenue": 112605
        },
        "2023-10": {
            "month": "2023-10",
            "price": "51.28",
            "revenue": 107714
        },
        "2023-11": {
            "month": "2023-11",
            "price": "51.09",
            "revenue": 101949
        }
    }
}
