{
    "summary": {
        "stock_name": "儒鴻",
        "stock_id": "1476",
        "category": "紡織纖維",
        "main_business": "彈性針織布<br>成衣",
        "website_url": "http://www.eclat.com.tw",
        "ceo": "蔡俊嶔/陳坤鎕",
        "pe_ratio": 27,
        "report_year_from": 2001,
        "report_year_to": 2023,
        "age": 22,
        "eps_negative_percentage": 0,
        "eps_growth_avg": {
            "last_all": 23.33,
            "last_2y": 17.29,
            "last_4y": 18.49,
            "last_8y": 11.43,
            "last_12y": 25.03,
            "last_16y": 20.28,
            "last_20y": 23.33,
            "at_2006_last_3y": 27.88,
            "at_2007_last_3y": 14.68,
            "at_2008_last_3y": -14.06,
            "at_2009_last_3y": 4.82,
            "at_2010_last_3y": 31.48,
            "at_2011_last_3y": 46.05,
            "at_2012_last_3y": 65.79,
            "at_2013_last_3y": 55.63,
            "at_2014_last_3y": 33.32,
            "at_2015_last_3y": 30.7,
            "at_2016_last_3y": 20.2,
            "at_2017_last_3y": 2.61,
            "at_2018_last_3y": 11.68,
            "at_2019_last_3y": 2.02,
            "at_2020_last_3y": 5.41,
            "at_2021_last_3y": 15.15,
            "at_2022_last_3y": 12.5,
            "at_2023_last_3y": 12.5,
            "at_2006_last_all": 26.81,
            "at_2007_last_all": 20.51,
            "at_2008_last_all": 10.2,
            "at_2009_last_all": 20.57,
            "at_2010_last_all": 28.89,
            "at_2011_last_all": 30.72,
            "at_2012_last_all": 30.42,
            "at_2013_last_all": 32.26,
            "at_2014_last_all": 30.25,
            "at_2015_last_all": 30.72,
            "at_2016_last_all": 27.69,
            "at_2017_last_all": 24.85,
            "at_2018_last_all": 25.88,
            "at_2019_last_all": 24.34,
            "at_2020_last_all": 23,
            "at_2021_last_all": 22.91,
            "at_2022_last_all": 23.33,
            "at_2023_last_all": 23.33
        },
        "latest_eps": 18.88,
        "latest_price": 505,
        "latest_roe": 23.11,
        "latest_gross_margin": 31.17,
        "latest_equity": 22774655,
        "latest_revenue": 7820978,
        "latest_gross_profit": 2437412,
        "latest_net_income": 1392000,
        "latest_debt_ratio": 31.35,
        "latest_current_ratio": 183.55,
        "latest_account_receivable_turnover_ratio": 1.81,
        "latest_inventory_turnover_ratio": 1.19,
        "latest_reinvestment_rate": 15.4,
        "latest_research_to_sale_ratio": 0.48
    },
    "eps_dividends": {
        "1999": {
            "cash": 0.5,
            "stock": 0.8,
            "eps": 0
        },
        "2000": {
            "cash": 0.4,
            "stock": 0.6,
            "eps": 0
        },
        "2001": {
            "cash": 0.8,
            "stock": 0,
            "eps": 0.8
        },
        "2002": {
            "cash": 0.7,
            "stock": 0,
            "eps": 0.98
        },
        "2003": {
            "cash": 0.88,
            "stock": 0,
            "eps": 1.39
        },
        "2004": {
            "cash": 0.8,
            "stock": 0.5,
            "eps": 2.27
        },
        "2005": {
            "cash": 0.8,
            "stock": 1.4,
            "eps": 2.67
        },
        "2006": {
            "cash": 0.8,
            "stock": 1.1,
            "eps": 2.37
        },
        "2007": {
            "cash": 0.8,
            "stock": 1.1,
            "eps": 2.11
        },
        "2008": {
            "cash": 1,
            "stock": 0.3,
            "eps": 1.02
        },
        "2009": {
            "cash": 0.4,
            "stock": 0.2,
            "eps": 1.97
        },
        "2010": {
            "cash": 1,
            "stock": 0.3,
            "eps": 3.85
        },
        "2011": {
            "cash": 5,
            "stock": 1.2999999999999998,
            "eps": 5.67
        },
        "2012": {
            "cash": 0,
            "stock": 0,
            "eps": 7.22
        },
        "2013": {
            "cash": 5,
            "stock": 0.2,
            "eps": 11.01
        },
        "2014": {
            "cash": 7,
            "stock": 0.4,
            "eps": 11.69
        },
        "2015": {
            "cash": 8,
            "stock": 0,
            "eps": 15.99
        },
        "2016": {
            "cash": 10.5,
            "stock": 0,
            "eps": 13.65
        },
        "2017": {
            "cash": 10.5,
            "stock": 0.2,
            "eps": 11.21
        },
        "2018": {
            "cash": 9.5,
            "stock": 0,
            "eps": 15.97
        },
        "2019": {
            "cash": 11,
            "stock": 0,
            "eps": 15.67
        },
        "2020": {
            "cash": 11,
            "stock": 0,
            "eps": 15.5
        },
        "2021": {
            "cash": 11,
            "stock": 0,
            "eps": 18.77
        },
        "2022": {
            "cash": 12,
            "stock": 0,
            "eps": 24.75
        },
        "2023": {
            "cash": 17,
            "stock": 0,
            "eps": 8.09
        }
    },
    "dividends": {
        "1999-06-25": {
            "cash": 0.5,
            "stock": 0.8
        },
        "2000-05-26": {
            "cash": 0.4,
            "stock": 0.6
        },
        "2001-05-25": {
            "cash": 0.8,
            "stock": 0
        },
        "2002-06-10": {
            "cash": 0.7,
            "stock": 0
        },
        "2003-03-24": {
            "cash": 0.88,
            "stock": 0
        },
        "2004-03-22": {
            "cash": 0.8,
            "stock": 0.5
        },
        "2005-03-14": {
            "cash": 0.8,
            "stock": 1.4
        },
        "2006-03-22": {
            "cash": 0.8,
            "stock": 1.1
        },
        "2007-03-23": {
            "cash": 0.8,
            "stock": 1.1
        },
        "2008-03-21": {
            "cash": 1,
            "stock": 0.3
        },
        "2009-03-27": {
            "cash": 0.4,
            "stock": 0.2
        },
        "2010-03-22": {
            "cash": 1,
            "stock": 0.3
        },
        "2011-01-01": {
            "cash": 3,
            "stock": 0.7
        },
        "2011-03-22": {
            "cash": 2,
            "stock": 0.6
        },
        "2013-03-22": {
            "cash": 5,
            "stock": 0.2
        },
        "2014-06-17": {
            "cash": 7,
            "stock": 0.4
        },
        "2015-08-20": {
            "cash": 8,
            "stock": 0
        },
        "2016-08-09": {
            "cash": 10.5,
            "stock": 0
        },
        "2017-08-30": {
            "cash": 10.5,
            "stock": 0.2
        },
        "2018-07-31": {
            "cash": 9.5,
            "stock": 0
        },
        "2019-08-08": {
            "cash": 11,
            "stock": 0
        },
        "2020-08-07": {
            "cash": 11,
            "stock": 0
        },
        "2021-09-10": {
            "cash": 11,
            "stock": 0
        },
        "2022-08-09": {
            "cash": 12,
            "stock": 0
        },
        "2023-06-15": {
            "cash": 17,
            "stock": 0
        }
    },
    "prices": {
        "200101": "無",
        "200102": "無",
        "200103": "無",
        "200104": "15.98",
        "200105": "12.73",
        "200106": "10.91",
        "200107": "10.32",
        "200108": "10.99",
        "200109": "10.29",
        "200110": "9.45",
        "200111": "8.09",
        "200112": "8.60",
        "200201": "8.80",
        "200202": "8.84",
        "200203": "10.09",
        "200204": "11.07",
        "200205": "10.20",
        "200206": "11.62",
        "200207": "11.24",
        "200208": "10.46",
        "200209": "10.32",
        "200210": "10.01",
        "200211": "10.29",
        "200212": "11.10",
        "200301": "11.01",
        "200302": "10.69",
        "200303": "10.46",
        "200304": "11.03",
        "200305": "11.31",
        "200306": "11.90",
        "200307": "13.97",
        "200308": "15.03",
        "200309": "13.09",
        "200310": "13.20",
        "200311": "13.65",
        "200312": "14.17",
        "200401": "14.59",
        "200402": "15.29",
        "200403": "14.85",
        "200404": "16.52",
        "200405": "15.73",
        "200406": "15.29",
        "200407": "15.70",
        "200408": "14.71",
        "200409": "15.76",
        "200410": "16.62",
        "200411": "16.64",
        "200412": "16.67",
        "200501": "17.30",
        "200502": "17.28",
        "200503": "17.59",
        "200504": "17.37",
        "200505": "17.14",
        "200506": "18.05",
        "200507": "16.98",
        "200508": "16.31",
        "200509": "15.51",
        "200510": "16.31",
        "200511": "16.61",
        "200512": "15.90",
        "200601": "15.39",
        "200602": "15.38",
        "200603": "14.90",
        "200604": "15.67",
        "200605": "15.99",
        "200606": "15.48",
        "200607": "14.57",
        "200608": "14.01",
        "200609": "13.78",
        "200610": "14.90",
        "200611": "15.59",
        "200612": "17.33",
        "200701": "21.04",
        "200702": "22.89",
        "200703": "22.47",
        "200704": "21.87",
        "200705": "20.96",
        "200706": "21.56",
        "200707": "23.72",
        "200708": "20.84",
        "200709": "19.82",
        "200710": "19.11",
        "200711": "17.30",
        "200712": "16.81",
        "200801": "16.75",
        "200802": "16.51",
        "200803": "16.77",
        "200804": "17.13",
        "200805": "17.10",
        "200806": "15.48",
        "200807": "11.94",
        "200808": "11.45",
        "200809": "9.86",
        "200810": "8.85",
        "200811": "9.18",
        "200812": "9.33",
        "200901": "9.56",
        "200902": "9.97",
        "200903": "12.41",
        "200904": "14.00",
        "200905": "15.40",
        "200906": "15.02",
        "200907": "15.86",
        "200908": "16.47",
        "200909": "17.38",
        "200910": "19.82",
        "200911": "19.80",
        "200912": "19.87",
        "201001": "20.80",
        "201002": "19.66",
        "201003": "20.44",
        "201004": "20.67",
        "201005": "19.73",
        "201006": "19.77",
        "201007": "20.20",
        "201008": "33.63",
        "201009": "40.32",
        "201010": "42.75",
        "201011": "38.09",
        "201012": "40.08",
        "201101": "37.00",
        "201102": "33.32",
        "201103": "35.50",
        "201104": "41.62",
        "201105": "43.65",
        "201106": "44.21",
        "201107": "48.86",
        "201108": "48.17",
        "201109": "46.09",
        "201110": "41.55",
        "201111": "47.05",
        "201112": "43.48",
        "201201": "47.20",
        "201202": "54.43",
        "201203": "61.04",
        "201204": "66.95",
        "201205": "70.37",
        "201206": "67.71",
        "201207": "75.95",
        "201208": "78.11",
        "201209": "78.65",
        "201210": "85.07",
        "201211": "94.39",
        "201212": "103.00",
        "201301": "114.75",
        "201302": "126.88",
        "201303": "126.02",
        "201304": "154.48",
        "201305": "193.64",
        "201306": "225.03",
        "201307": "250.65",
        "201308": "253.17",
        "201309": "257.10",
        "201310": "293.43",
        "201311": "348.33",
        "201312": "350.61",
        "201401": "320.22",
        "201402": "359.68",
        "201403": "378.38",
        "201404": "344.12",
        "201405": "310.57",
        "201406": "316.42",
        "201407": "344.36",
        "201408": "271.98",
        "201409": "246.05",
        "201410": "266.64",
        "201411": "292.72",
        "201412": "321.88",
        "201501": "322.32",
        "201502": "333.31",
        "201503": "383.68",
        "201504": "401.85",
        "201505": "429.85",
        "201506": "478.12",
        "201507": "461.64",
        "201508": "474.55",
        "201509": "513.90",
        "201510": "474.52",
        "201511": "449.71",
        "201512": "437.85",
        "201601": "420.10",
        "201602": "443.19",
        "201603": "419.96",
        "201604": "383.03",
        "201605": "316.62",
        "201606": "308.81",
        "201607": "332.82",
        "201608": "381.54",
        "201609": "372.24",
        "201610": "372.45",
        "201611": "321.52",
        "201612": "334.75",
        "201701": "326.56",
        "201702": "300.64",
        "201703": "309.35",
        "201704": "308.44",
        "201705": "318.12",
        "201706": "338.09",
        "201707": "367.83",
        "201708": "370.80",
        "201709": "361.70",
        "201710": "366.39",
        "201711": "301.32",
        "201712": "288.00",
        "201801": "301.30",
        "201802": "299.08",
        "201803": "327.80",
        "201804": "362.67",
        "201805": "366.89",
        "201806": "359.80",
        "201807": "350.95",
        "201808": "372.89",
        "201809": "385.50",
        "201810": "358.55",
        "201811": "382.23",
        "201812": "342.81",
        "201901": "353.67",
        "201902": "350.62",
        "201903": "397.05",
        "201904": "429.35",
        "201905": "411.70",
        "201906": "403.63",
        "201907": "404.48",
        "201908": "384.10",
        "201909": "400.76",
        "201910": "412.69",
        "201911": "397.45",
        "201912": "400.25",
        "202001": "402.50",
        "202002": "375.50",
        "202003": "282.95",
        "202004": "274.28",
        "202005": "287.65",
        "202006": "335.35",
        "202007": "334.13",
        "202008": "377.98",
        "202009": "367.41",
        "202010": "373.42",
        "202011": "407.79",
        "202012": "398.46",
        "202101": "414.10",
        "202102": "423.88",
        "202103": "461.55",
        "202104": "513.95",
        "202105": "605.48",
        "202106": "636.14",
        "202107": "618.64",
        "202108": "566.18",
        "202109": "594.55",
        "202110": "582.35",
        "202111": "622.41",
        "202112": "614.32",
        "202201": "617.94",
        "202202": "591.33",
        "202203": "483.59",
        "202204": "478.05",
        "202205": "483.79",
        "202206": "479.07",
        "202207": "425.60",
        "202208": "443.46",
        "202209": "444.40",
        "202210": "406.90",
        "202211": "439.36",
        "202212": "474.09",
        "202301": "488.35",
        "202302": "493.53",
        "202303": "470.72",
        "202304": "486.94",
        "202305": "480.45",
        "202306": "493.15",
        "202307": "514.57",
        "202308": "506.18",
        "202309": "514.69"
    },
    "quarters": {
        "20011": {
            "year_quarter": 20011,
            "year": 2001,
            "quarter": 1,
            "eps": 0.25,
            "eps_growth_year": 8.7,
            "eps_4q": 1.45,
            "eps_4q_growth_year": null,
            "roe": 1.76,
            "roe_4q": 1.76,
            "gross_profit": 131254,
            "gross_margin": 18.53,
            "gross_margin_4q_avg": 18.53,
            "net_income": 22635,
            "revenue": 708448,
            "common_shares": 912108,
            "book_valuer_per_share": 14.2,
            "book_valuer_per_share_4q_avg": 14.2,
            "equity": 1295439,
            "current_ratio": 127.74,
            "debt_ratio": 44.97,
            "inventory_turnover_ratio": 1.08,
            "account_receivable_turnover_ratio": null,
            "reinvestment_rate": null,
            "research_to_sale_ratio": null,
            "price_fair": 0,
            "eps_avg_yearly": 0,
            "eps_latest_yearly": 0,
            "eps_growth_yearly": 0
        },
        "20012": {
            "year_quarter": 20012,
            "year": 2001,
            "quarter": 2,
            "eps": 0.17,
            "eps_growth_year": -61.36,
            "eps_4q": 1.19,
            "eps_4q_growth_year": null,
            "roe": 1.2,
            "roe_4q": 2.96,
            "gross_profit": 117037,
            "gross_margin": 16.2,
            "gross_margin_4q_avg": 17.37,
            "net_income": 15207,
            "revenue": 722516,
            "common_shares": 912108,
            "book_valuer_per_share": 13.61,
            "book_valuer_per_share_4q_avg": 13.91,
            "equity": 1240935,
            "current_ratio": 118.6,
            "debt_ratio": 47.07,
            "inventory_turnover_ratio": 1.22,
            "account_receivable_turnover_ratio": null,
            "reinvestment_rate": null,
            "research_to_sale_ratio": null,
            "price_fair": 0,
            "eps_avg_yearly": 0,
            "eps_latest_yearly": 0,
            "eps_growth_yearly": 0
        },
        "20013": {
            "year_quarter": 20013,
            "year": 2001,
            "quarter": 3,
            "eps": 0.25,
            "eps_growth_year": -26.47,
            "eps_4q": 1.09,
            "eps_4q_growth_year": null,
            "roe": 1.8,
            "roe_4q": 4.76,
            "gross_profit": 149862,
            "gross_margin": 20.62,
            "gross_margin_4q_avg": 18.45,
            "net_income": 22433,
            "revenue": 726839,
            "common_shares": 912108,
            "book_valuer_per_share": 13.67,
            "book_valuer_per_share_4q_avg": 13.83,
            "equity": 1247264,
            "current_ratio": 120.13,
            "debt_ratio": 46.14,
            "inventory_turnover_ratio": 1.19,
            "account_receivable_turnover_ratio": null,
            "reinvestment_rate": null,
            "research_to_sale_ratio": null,
            "price_fair": 0,
            "eps_avg_yearly": 0,
            "eps_latest_yearly": 0,
            "eps_growth_yearly": 0
        },
        "20014": {
            "year_quarter": 20014,
            "year": 2001,
            "quarter": 4,
            "eps": 0.13,
            "eps_growth_year": -68.29,
            "eps_4q": 0.81,
            "eps_4q_growth_year": -42.61,
            "roe": 0.92,
            "roe_4q": 5.68,
            "gross_profit": 123347,
            "gross_margin": 15.22,
            "gross_margin_4q_avg": 17.64,
            "net_income": 11591,
            "revenue": 810317,
            "common_shares": 912108,
            "book_valuer_per_share": 13.81,
            "book_valuer_per_share_4q_avg": 13.82,
            "equity": 1259544,
            "current_ratio": 116.49,
            "debt_ratio": 44.18,
            "inventory_turnover_ratio": 1.51,
            "account_receivable_turnover_ratio": null,
            "reinvestment_rate": null,
            "research_to_sale_ratio": null,
            "price_fair": 0,
            "eps_avg_yearly": 0,
            "eps_latest_yearly": 0,
            "eps_growth_yearly": 0
        },
        "20021": {
            "year_quarter": 20021,
            "year": 2002,
            "quarter": 1,
            "eps": 0.13,
            "eps_growth_year": -48,
            "eps_4q": 0.67,
            "eps_4q_growth_year": -53.64,
            "roe": 0.93,
            "roe_4q": 4.8500000000000005,
            "gross_profit": 118655,
            "gross_margin": 19.06,
            "gross_margin_4q_avg": 17.78,
            "net_income": 11825,
            "revenue": 622376,
            "common_shares": 912108,
            "book_valuer_per_share": 13.94,
            "book_valuer_per_share_4q_avg": 13.76,
            "equity": 1271369,
            "current_ratio": 122.13,
            "debt_ratio": 43.89,
            "inventory_turnover_ratio": 1.05,
            "account_receivable_turnover_ratio": null,
            "reinvestment_rate": null,
            "research_to_sale_ratio": null,
            "price_fair": 5.2,
            "eps_avg_yearly": 0.52,
            "eps_latest_yearly": 0.52,
            "eps_growth_yearly": 0
        },
        "20022": {
            "year_quarter": 20022,
            "year": 2002,
            "quarter": 2,
            "eps": 0.35,
            "eps_growth_year": 105.88,
            "eps_4q": 0.86,
            "eps_4q_growth_year": -27.47,
            "roe": 2.51,
            "roe_4q": 6.16,
            "gross_profit": 165019,
            "gross_margin": 17.29,
            "gross_margin_4q_avg": 18.05,
            "net_income": 31471,
            "revenue": 954663,
            "common_shares": 912108,
            "book_valuer_per_share": 13.56,
            "book_valuer_per_share_4q_avg": 13.75,
            "equity": 1236709,
            "current_ratio": 101.36,
            "debt_ratio": 50.78,
            "inventory_turnover_ratio": 1.41,
            "account_receivable_turnover_ratio": null,
            "reinvestment_rate": null,
            "research_to_sale_ratio": null,
            "price_fair": 33.6,
            "eps_avg_yearly": 0.96,
            "eps_latest_yearly": 1.4,
            "eps_growth_yearly": 338.46
        },
        "20023": {
            "year_quarter": 20023,
            "year": 2002,
            "quarter": 3,
            "eps": 0.17,
            "eps_growth_year": -32,
            "eps_4q": 0.78,
            "eps_4q_growth_year": -28.4,
            "roe": 1.23,
            "roe_4q": 5.59,
            "gross_profit": 136699,
            "gross_margin": 15.54,
            "gross_margin_4q_avg": 16.78,
            "net_income": 15295,
            "revenue": 879414,
            "common_shares": 912108,
            "book_valuer_per_share": 13.77,
            "book_valuer_per_share_4q_avg": 13.77,
            "equity": 1255988,
            "current_ratio": 102.35,
            "debt_ratio": 48.62,
            "inventory_turnover_ratio": 1.31,
            "account_receivable_turnover_ratio": null,
            "reinvestment_rate": null,
            "research_to_sale_ratio": null,
            "price_fair": 30.33,
            "eps_avg_yearly": 0.87,
            "eps_latest_yearly": 0.68,
            "eps_growth_yearly": 157.07
        },
        "20024": {
            "year_quarter": 20024,
            "year": 2002,
            "quarter": 4,
            "eps": 0.33,
            "eps_growth_year": 153.85,
            "eps_4q": 0.99,
            "eps_4q_growth_year": 22.5,
            "roe": 2.31,
            "roe_4q": 6.9799999999999995,
            "gross_profit": 169003,
            "gross_margin": 19.48,
            "gross_margin_4q_avg": 17.84,
            "net_income": 29413,
            "revenue": 867482,
            "common_shares": 912108,
            "book_valuer_per_share": 14.09,
            "book_valuer_per_share_4q_avg": 13.84,
            "equity": 1285210,
            "current_ratio": 130.05,
            "debt_ratio": 43.98,
            "inventory_turnover_ratio": 1.3,
            "account_receivable_turnover_ratio": null,
            "reinvestment_rate": null,
            "research_to_sale_ratio": null,
            "price_fair": 34.3,
            "eps_avg_yearly": 0.98,
            "eps_latest_yearly": 1.32,
            "eps_growth_yearly": 211.92
        },
        "20031": {
            "year_quarter": 20031,
            "year": 2003,
            "quarter": 1,
            "eps": 0.27,
            "eps_growth_year": 107.69,
            "eps_4q": 1.12,
            "eps_4q_growth_year": 66.15,
            "roe": 1.88,
            "roe_4q": 7.93,
            "gross_profit": 135637,
            "gross_margin": 17.04,
            "gross_margin_4q_avg": 17.34,
            "net_income": 24334,
            "revenue": 795982,
            "common_shares": 912108,
            "book_valuer_per_share": 14.36,
            "book_valuer_per_share_4q_avg": 13.95,
            "equity": 1309544,
            "current_ratio": 126.14,
            "debt_ratio": 47.34,
            "inventory_turnover_ratio": 1.14,
            "account_receivable_turnover_ratio": null,
            "reinvestment_rate": null,
            "research_to_sale_ratio": null,
            "price_fair": 35,
            "eps_avg_yearly": 1,
            "eps_latest_yearly": 1.08,
            "eps_growth_yearly": 154.99
        },
        "20032": {
            "year_quarter": 20032,
            "year": 2003,
            "quarter": 2,
            "eps": 0.33,
            "eps_growth_year": -5.71,
            "eps_4q": 1.1,
            "eps_4q_growth_year": 27.75,
            "roe": 2.31,
            "roe_4q": 7.73,
            "gross_profit": 154704,
            "gross_margin": 14.96,
            "gross_margin_4q_avg": 16.76,
            "net_income": 29645,
            "revenue": 1034159,
            "common_shares": 912108,
            "book_valuer_per_share": 13.81,
            "book_valuer_per_share_4q_avg": 14.01,
            "equity": 1259788,
            "current_ratio": 132.92,
            "debt_ratio": 45.75,
            "inventory_turnover_ratio": 1.5,
            "account_receivable_turnover_ratio": null,
            "reinvestment_rate": null,
            "research_to_sale_ratio": null,
            "price_fair": 36.87,
            "eps_avg_yearly": 1.05,
            "eps_latest_yearly": 1.32,
            "eps_growth_yearly": 143.97
        },
        "20033": {
            "year_quarter": 20033,
            "year": 2003,
            "quarter": 3,
            "eps": 0.33,
            "eps_growth_year": 94.12,
            "eps_4q": 1.26,
            "eps_4q_growth_year": 60.97,
            "roe": 2.32,
            "roe_4q": 8.82,
            "gross_profit": 167189,
            "gross_margin": 19.1,
            "gross_margin_4q_avg": 17.65,
            "net_income": 29729,
            "revenue": 875159,
            "common_shares": 912108,
            "book_valuer_per_share": 14.3,
            "book_valuer_per_share_4q_avg": 14.14,
            "equity": 1304650,
            "current_ratio": 133.89,
            "debt_ratio": 44.65,
            "inventory_turnover_ratio": 1.32,
            "account_receivable_turnover_ratio": null,
            "reinvestment_rate": null,
            "research_to_sale_ratio": null,
            "price_fair": 38.2,
            "eps_avg_yearly": 1.09,
            "eps_latest_yearly": 1.32,
            "eps_growth_yearly": 123.41
        },
        "20034": {
            "year_quarter": 20034,
            "year": 2003,
            "quarter": 4,
            "eps": 0.46,
            "eps_growth_year": 39.39,
            "eps_4q": 1.4,
            "eps_4q_growth_year": 41.38,
            "roe": 3.1,
            "roe_4q": 9.61,
            "gross_profit": 187802,
            "gross_margin": 16.55,
            "gross_margin_4q_avg": 16.91,
            "net_income": 41140,
            "revenue": 1134794,
            "common_shares": 912108,
            "book_valuer_per_share": 14.76,
            "book_valuer_per_share_4q_avg": 14.31,
            "equity": 1346383,
            "current_ratio": 138.14,
            "debt_ratio": 43.47,
            "inventory_turnover_ratio": 1.81,
            "account_receivable_turnover_ratio": null,
            "reinvestment_rate": -61.03,
            "research_to_sale_ratio": null,
            "price_fair": 41.48,
            "eps_avg_yearly": 1.19,
            "eps_latest_yearly": 1.84,
            "eps_growth_yearly": 127.68
        },
        "20041": {
            "year_quarter": 20041,
            "year": 2004,
            "quarter": 1,
            "eps": 0.48,
            "eps_growth_year": 77.78,
            "eps_4q": 1.59,
            "eps_4q_growth_year": 42.67,
            "roe": 3.18,
            "roe_4q": 10.91,
            "gross_profit": 179637,
            "gross_margin": 17.3,
            "gross_margin_4q_avg": 16.98,
            "net_income": 43422,
            "revenue": 1038250,
            "common_shares": 912108,
            "book_valuer_per_share": 15.2,
            "book_valuer_per_share_4q_avg": 14.52,
            "equity": 1386852,
            "current_ratio": 144.85,
            "debt_ratio": 45.04,
            "inventory_turnover_ratio": 1.57,
            "account_receivable_turnover_ratio": null,
            "reinvestment_rate": -55.48,
            "research_to_sale_ratio": null,
            "price_fair": 44.33,
            "eps_avg_yearly": 1.27,
            "eps_latest_yearly": 1.92,
            "eps_growth_yearly": 115.42
        },
        "20042": {
            "year_quarter": 20042,
            "year": 2004,
            "quarter": 2,
            "eps": 0.66,
            "eps_growth_year": 100,
            "eps_4q": 1.84,
            "eps_4q_growth_year": 67.92,
            "roe": 4.6,
            "roe_4q": 13.2,
            "gross_profit": 248388,
            "gross_margin": 18.74,
            "gross_margin_4q_avg": 17.92,
            "net_income": 63675,
            "revenue": 1325716,
            "common_shares": 957713,
            "book_valuer_per_share": 14.41,
            "book_valuer_per_share_4q_avg": 14.67,
            "equity": 1379964,
            "current_ratio": 137.62,
            "debt_ratio": 51.55,
            "inventory_turnover_ratio": 1.58,
            "account_receivable_turnover_ratio": null,
            "reinvestment_rate": -50.83,
            "research_to_sale_ratio": null,
            "price_fair": 49.14,
            "eps_avg_yearly": 1.4,
            "eps_latest_yearly": 2.64,
            "eps_growth_yearly": 118.88
        },
        "20043": {
            "year_quarter": 20043,
            "year": 2004,
            "quarter": 3,
            "eps": 0.68,
            "eps_growth_year": 106.06,
            "eps_4q": 2.22,
            "eps_4q_growth_year": 76.97,
            "roe": 4.63,
            "roe_4q": 15.51,
            "gross_profit": 246166,
            "gross_margin": 16.87,
            "gross_margin_4q_avg": 17.37,
            "net_income": 65361,
            "revenue": 1459343,
            "common_shares": 957713,
            "book_valuer_per_share": 15.1,
            "book_valuer_per_share_4q_avg": 14.87,
            "equity": 1446122,
            "current_ratio": 154.84,
            "debt_ratio": 48.17,
            "inventory_turnover_ratio": 1.64,
            "account_receivable_turnover_ratio": null,
            "reinvestment_rate": -46.66,
            "research_to_sale_ratio": null,
            "price_fair": 53.33,
            "eps_avg_yearly": 1.52,
            "eps_latest_yearly": 2.72,
            "eps_growth_yearly": 109.18
        },
        "20044": {
            "year_quarter": 20044,
            "year": 2004,
            "quarter": 4,
            "eps": 0.45,
            "eps_growth_year": -2.17,
            "eps_4q": 2.27,
            "eps_4q_growth_year": 62.38,
            "roe": 2.92,
            "roe_4q": 15.329999999999998,
            "gross_profit": 292395,
            "gross_margin": 18.42,
            "gross_margin_4q_avg": 17.83,
            "net_income": 42717,
            "revenue": 1587787,
            "common_shares": 957713,
            "book_valuer_per_share": 15.4,
            "book_valuer_per_share_4q_avg": 15.03,
            "equity": 1474972,
            "current_ratio": 141.63,
            "debt_ratio": 51.61,
            "inventory_turnover_ratio": 1.89,
            "account_receivable_turnover_ratio": null,
            "reinvestment_rate": -39.53,
            "research_to_sale_ratio": null,
            "price_fair": 54.13,
            "eps_avg_yearly": 1.55,
            "eps_latest_yearly": 1.8,
            "eps_growth_yearly": 88.8
        },
        "20051": {
            "year_quarter": 20051,
            "year": 2005,
            "quarter": 1,
            "eps": 0.52,
            "eps_growth_year": 8.33,
            "eps_4q": 2.3,
            "eps_4q_growth_year": 44.4,
            "roe": 3.35,
            "roe_4q": 15.499999999999998,
            "gross_profit": 212465,
            "gross_margin": 17.37,
            "gross_margin_4q_avg": 17.85,
            "net_income": 50242,
            "revenue": 1223389,
            "common_shares": 957713,
            "book_valuer_per_share": 15.92,
            "book_valuer_per_share_4q_avg": 15.21,
            "equity": 1524280,
            "current_ratio": 146.1,
            "debt_ratio": 45.91,
            "inventory_turnover_ratio": 1.52,
            "account_receivable_turnover_ratio": null,
            "reinvestment_rate": -31.41,
            "research_to_sale_ratio": null,
            "price_fair": 55.57,
            "eps_avg_yearly": 1.59,
            "eps_latest_yearly": 2.08,
            "eps_growth_yearly": 86.76
        },
        "20052": {
            "year_quarter": 20052,
            "year": 2005,
            "quarter": 2,
            "eps": 0.35,
            "eps_growth_year": -46.97,
            "eps_4q": 1.79,
            "eps_4q_growth_year": -2.7,
            "roe": 2.55,
            "roe_4q": 13.45,
            "gross_profit": 221029,
            "gross_margin": 16.84,
            "gross_margin_4q_avg": 17.38,
            "net_income": 38354,
            "revenue": 1312870,
            "common_shares": 957713,
            "book_valuer_per_share": 15.53,
            "book_valuer_per_share_4q_avg": 15.49,
            "equity": 1486874,
            "current_ratio": 141.04,
            "debt_ratio": 49.49,
            "inventory_turnover_ratio": 1.52,
            "account_receivable_turnover_ratio": null,
            "reinvestment_rate": -28.25,
            "research_to_sale_ratio": null,
            "price_fair": 55.1,
            "eps_avg_yearly": 1.57,
            "eps_latest_yearly": 1.4,
            "eps_growth_yearly": 71.22
        },
        "20053": {
            "year_quarter": 20053,
            "year": 2005,
            "quarter": 3,
            "eps": 0.96,
            "eps_growth_year": 41.18,
            "eps_4q": 2.16,
            "eps_4q_growth_year": -2.8,
            "roe": 6.8,
            "roe_4q": 15.62,
            "gross_profit": 339616,
            "gross_margin": 21.95,
            "gross_margin_4q_avg": 18.65,
            "net_income": 105041,
            "revenue": 1547458,
            "common_shares": 1091793,
            "book_valuer_per_share": 14.67,
            "book_valuer_per_share_4q_avg": 15.38,
            "equity": 1601353,
            "current_ratio": 108.24,
            "debt_ratio": 53.82,
            "inventory_turnover_ratio": 1.56,
            "account_receivable_turnover_ratio": null,
            "reinvestment_rate": -21.91,
            "research_to_sale_ratio": null,
            "price_fair": 60.39,
            "eps_avg_yearly": 1.73,
            "eps_latest_yearly": 3.84,
            "eps_growth_yearly": 112.95
        },
        "20054": {
            "year_quarter": 20054,
            "year": 2005,
            "quarter": 4,
            "eps": 0.84,
            "eps_growth_year": 86.67,
            "eps_4q": 2.6,
            "eps_4q_growth_year": 14.83,
            "roe": 5.16,
            "roe_4q": 17.860000000000003,
            "gross_profit": 369399,
            "gross_margin": 22.83,
            "gross_margin_4q_avg": 19.75,
            "net_income": 92270,
            "revenue": 1617899,
            "common_shares": 1291793,
            "book_valuer_per_share": 15.22,
            "book_valuer_per_share_4q_avg": 15.34,
            "equity": 1975495,
            "current_ratio": 143.04,
            "debt_ratio": 48.2,
            "inventory_turnover_ratio": 1.63,
            "account_receivable_turnover_ratio": null,
            "reinvestment_rate": 113.27,
            "research_to_sale_ratio": null,
            "price_fair": 63.96,
            "eps_avg_yearly": 1.83,
            "eps_latest_yearly": 3.36,
            "eps_growth_yearly": 102.76
        },
        "20061": {
            "year_quarter": 20061,
            "year": 2006,
            "quarter": 1,
            "eps": 0.39,
            "eps_growth_year": -25,
            "eps_4q": 2.22,
            "eps_4q_growth_year": -3.52,
            "roe": 2.52,
            "roe_4q": 17.03,
            "gross_profit": 232958,
            "gross_margin": 18.5,
            "gross_margin_4q_avg": 20.03,
            "net_income": 50315,
            "revenue": 1258920,
            "common_shares": 1291793,
            "book_valuer_per_share": 15.58,
            "book_valuer_per_share_4q_avg": 15.25,
            "equity": 2013187,
            "current_ratio": 147.64,
            "debt_ratio": 40.68,
            "inventory_turnover_ratio": 1.37,
            "account_receivable_turnover_ratio": null,
            "reinvestment_rate": -18.24,
            "research_to_sale_ratio": null,
            "price_fair": 66.24,
            "eps_avg_yearly": 1.89,
            "eps_latest_yearly": 1.56,
            "eps_growth_yearly": 89.37
        },
        "20062": {
            "year_quarter": 20062,
            "year": 2006,
            "quarter": 2,
            "eps": 0.4,
            "eps_growth_year": 14.29,
            "eps_4q": 2.13,
            "eps_4q_growth_year": 18.89,
            "roe": 2.87,
            "roe_4q": 17.35,
            "gross_profit": 212362,
            "gross_margin": 17.22,
            "gross_margin_4q_avg": 20.13,
            "net_income": 57129,
            "revenue": 1233176,
            "common_shares": 1291793,
            "book_valuer_per_share": 15.2,
            "book_valuer_per_share_4q_avg": 15.17,
            "equity": 1963872,
            "current_ratio": 134.65,
            "debt_ratio": 44.71,
            "inventory_turnover_ratio": 1.32,
            "account_receivable_turnover_ratio": null,
            "reinvestment_rate": -15.86,
            "research_to_sale_ratio": null,
            "price_fair": 66.68,
            "eps_avg_yearly": 1.91,
            "eps_latest_yearly": 1.6,
            "eps_growth_yearly": 47.7
        },
        "20063": {
            "year_quarter": 20063,
            "year": 2006,
            "quarter": 3,
            "eps": 0.85,
            "eps_growth_year": -11.46,
            "eps_4q": 2.24,
            "eps_4q_growth_year": 3.91,
            "roe": 5.99,
            "roe_4q": 16.54,
            "gross_profit": 308996,
            "gross_margin": 20.18,
            "gross_margin_4q_avg": 19.68,
            "net_income": 121729,
            "revenue": 1531572,
            "common_shares": 1433890,
            "book_valuer_per_share": 14.63,
            "book_valuer_per_share_4q_avg": 15.16,
            "equity": 2098055,
            "current_ratio": 130.63,
            "debt_ratio": 43.75,
            "inventory_turnover_ratio": 1.52,
            "account_receivable_turnover_ratio": null,
            "reinvestment_rate": -11.73,
            "research_to_sale_ratio": null,
            "price_fair": 72.63,
            "eps_avg_yearly": 2.08,
            "eps_latest_yearly": 3.4,
            "eps_growth_yearly": 88.69
        },
        "20064": {
            "year_quarter": 20064,
            "year": 2006,
            "quarter": 4,
            "eps": 0.73,
            "eps_growth_year": -13.1,
            "eps_4q": 2.32,
            "eps_4q_growth_year": -10.95,
            "roe": 4.85,
            "roe_4q": 16.23,
            "gross_profit": 352823,
            "gross_margin": 20.95,
            "gross_margin_4q_avg": 19.21,
            "net_income": 105368,
            "revenue": 1684304,
            "common_shares": 1433890,
            "book_valuer_per_share": 15.28,
            "book_valuer_per_share_4q_avg": 15.17,
            "equity": 2245865,
            "current_ratio": 138.91,
            "debt_ratio": 46.47,
            "inventory_turnover_ratio": 1.65,
            "account_receivable_turnover_ratio": null,
            "reinvestment_rate": 103.45,
            "research_to_sale_ratio": null,
            "price_fair": 76.13,
            "eps_avg_yearly": 2.18,
            "eps_latest_yearly": 2.92,
            "eps_growth_yearly": 61.63
        },
        "20071": {
            "year_quarter": 20071,
            "year": 2007,
            "quarter": 1,
            "eps": 0.46,
            "eps_growth_year": 17.95,
            "eps_4q": 2.44,
            "eps_4q_growth_year": 10.16,
            "roe": 2.93,
            "roe_4q": 16.64,
            "gross_profit": 291238,
            "gross_margin": 20.51,
            "gross_margin_4q_avg": 19.72,
            "net_income": 65966,
            "revenue": 1420204,
            "common_shares": 1433890,
            "book_valuer_per_share": 15.77,
            "book_valuer_per_share_4q_avg": 15.22,
            "equity": 2261426,
            "current_ratio": 179.88,
            "debt_ratio": 33.42,
            "inventory_turnover_ratio": 1.55,
            "account_receivable_turnover_ratio": null,
            "reinvestment_rate": -7.88,
            "research_to_sale_ratio": null,
            "price_fair": 77.79,
            "eps_avg_yearly": 2.22,
            "eps_latest_yearly": 1.84,
            "eps_growth_yearly": 56.93
        },
        "20072": {
            "year_quarter": 20072,
            "year": 2007,
            "quarter": 2,
            "eps": 0.42,
            "eps_growth_year": 5,
            "eps_4q": 2.26,
            "eps_4q_growth_year": 5.88,
            "roe": 2.99,
            "roe_4q": 16.759999999999998,
            "gross_profit": 315636,
            "gross_margin": 22.23,
            "gross_margin_4q_avg": 20.97,
            "net_income": 66922,
            "revenue": 1419650,
            "common_shares": 1433890,
            "book_valuer_per_share": 15.42,
            "book_valuer_per_share_4q_avg": 15.28,
            "equity": 2211159,
            "current_ratio": 164.63,
            "debt_ratio": 35.82,
            "inventory_turnover_ratio": 1.6,
            "account_receivable_turnover_ratio": null,
            "reinvestment_rate": -7.15,
            "research_to_sale_ratio": null,
            "price_fair": 78.58,
            "eps_avg_yearly": 2.25,
            "eps_latest_yearly": 1.68,
            "eps_growth_yearly": 49.2
        },
        "20073": {
            "year_quarter": 20073,
            "year": 2007,
            "quarter": 3,
            "eps": 0.54,
            "eps_growth_year": -36.47,
            "eps_4q": 2.04,
            "eps_4q_growth_year": -9.25,
            "roe": 3.5,
            "roe_4q": 14.27,
            "gross_profit": 325326,
            "gross_margin": 22.14,
            "gross_margin_4q_avg": 21.46,
            "net_income": 85943,
            "revenue": 1469459,
            "common_shares": 1841618,
            "book_valuer_per_share": 14.68,
            "book_valuer_per_share_4q_avg": 15.29,
            "equity": 2703887,
            "current_ratio": 206.08,
            "debt_ratio": 32.77,
            "inventory_turnover_ratio": 1.49,
            "account_receivable_turnover_ratio": null,
            "reinvestment_rate": -7.34,
            "research_to_sale_ratio": null,
            "price_fair": 80.41,
            "eps_avg_yearly": 2.3,
            "eps_latest_yearly": 2.16,
            "eps_growth_yearly": 56.34
        },
        "20074": {
            "year_quarter": 20074,
            "year": 2007,
            "quarter": 4,
            "eps": 0.69,
            "eps_growth_year": -5.48,
            "eps_4q": 2,
            "eps_4q_growth_year": -13.73,
            "roe": 4.16,
            "roe_4q": 13.58,
            "gross_profit": 345907,
            "gross_margin": 21.06,
            "gross_margin_4q_avg": 21.49,
            "net_income": 115308,
            "revenue": 1642740,
            "common_shares": 1841618,
            "book_valuer_per_share": 15.32,
            "book_valuer_per_share_4q_avg": 15.3,
            "equity": 2843970,
            "current_ratio": 146.82,
            "debt_ratio": 43.7,
            "inventory_turnover_ratio": 1.4,
            "account_receivable_turnover_ratio": null,
            "reinvestment_rate": 91.61,
            "research_to_sale_ratio": null,
            "price_fair": 82.43,
            "eps_avg_yearly": 2.36,
            "eps_latest_yearly": 2.76,
            "eps_growth_yearly": 53.44
        },
        "20081": {
            "year_quarter": 20081,
            "year": 2008,
            "quarter": 1,
            "eps": 0.01,
            "eps_growth_year": -97.83,
            "eps_4q": 0.56,
            "eps_4q_growth_year": -76.86,
            "roe": -0.17,
            "roe_4q": 10.48,
            "gross_profit": 262181,
            "gross_margin": 18.54,
            "gross_margin_4q_avg": 20.99,
            "net_income": -4772,
            "revenue": 1414257,
            "common_shares": 1841618,
            "book_valuer_per_share": 15.15,
            "book_valuer_per_share_4q_avg": 15.14,
            "equity": 2804969,
            "current_ratio": 133.43,
            "debt_ratio": 43.93,
            "inventory_turnover_ratio": 1.05,
            "account_receivable_turnover_ratio": null,
            "reinvestment_rate": 91.99,
            "research_to_sale_ratio": null,
            "price_fair": 78.31,
            "eps_avg_yearly": 2.24,
            "eps_latest_yearly": 0.04,
            "eps_growth_yearly": 27.71
        },
        "20082": {
            "year_quarter": 20082,
            "year": 2008,
            "quarter": 2,
            "eps": 0,
            "eps_growth_year": -100,
            "eps_4q": 1.1,
            "eps_4q_growth_year": -51.21,
            "roe": -0.14,
            "roe_4q": 7.35,
            "gross_profit": 262352,
            "gross_margin": 16.87,
            "gross_margin_4q_avg": 19.65,
            "net_income": -3897,
            "revenue": 1554820,
            "common_shares": 1841618,
            "book_valuer_per_share": 14.13,
            "book_valuer_per_share_4q_avg": 14.82,
            "equity": 2606664,
            "current_ratio": 117.59,
            "debt_ratio": 47.98,
            "inventory_turnover_ratio": 1.11,
            "account_receivable_turnover_ratio": null,
            "reinvestment_rate": 97.03,
            "research_to_sale_ratio": null,
            "price_fair": 65.35,
            "eps_avg_yearly": 2.21,
            "eps_latest_yearly": 0.04,
            "eps_growth_yearly": 19.56
        },
        "20083": {
            "year_quarter": 20083,
            "year": 2008,
            "quarter": 3,
            "eps": 0.59,
            "eps_growth_year": 9.26,
            "eps_4q": 1.21,
            "eps_4q_growth_year": -40.75,
            "roe": 4.16,
            "roe_4q": 8.010000000000002,
            "gross_profit": 359892,
            "gross_margin": 19.34,
            "gross_margin_4q_avg": 18.95,
            "net_income": 111484,
            "revenue": 1860763,
            "common_shares": 1896866,
            "book_valuer_per_share": 14.51,
            "book_valuer_per_share_4q_avg": 14.78,
            "equity": 2756987,
            "current_ratio": 117.62,
            "debt_ratio": 47.4,
            "inventory_turnover_ratio": 1.26,
            "account_receivable_turnover_ratio": null,
            "reinvestment_rate": 133.42,
            "research_to_sale_ratio": null,
            "price_fair": 65.43,
            "eps_avg_yearly": 2.17,
            "eps_latest_yearly": 0.04,
            "eps_growth_yearly": 20.09
        },
        "20084": {
            "year_quarter": 20084,
            "year": 2008,
            "quarter": 4,
            "eps": 0.42,
            "eps_growth_year": -39.13,
            "eps_4q": 1.02,
            "eps_4q_growth_year": -49.15,
            "roe": 2.86,
            "roe_4q": 6.71,
            "gross_profit": 379621,
            "gross_margin": 20.2,
            "gross_margin_4q_avg": 18.74,
            "net_income": 79561,
            "revenue": 1878924,
            "common_shares": 1896866,
            "book_valuer_per_share": 14.81,
            "book_valuer_per_share_4q_avg": 14.65,
            "equity": 2813952,
            "current_ratio": 110.96,
            "debt_ratio": 45.44,
            "inventory_turnover_ratio": 1.42,
            "account_receivable_turnover_ratio": 4.53,
            "reinvestment_rate": 154.35,
            "research_to_sale_ratio": null,
            "price_fair": 68.27,
            "eps_avg_yearly": 2.17,
            "eps_latest_yearly": 1.68,
            "eps_growth_yearly": 21.52
        },
        "20091": {
            "year_quarter": 20091,
            "year": 2009,
            "quarter": 1,
            "eps": 0.57,
            "eps_growth_year": 5600,
            "eps_4q": 1.58,
            "eps_4q_growth_year": 180.18,
            "roe": 3.74,
            "roe_4q": 10.62,
            "gross_profit": 362403,
            "gross_margin": 24.49,
            "gross_margin_4q_avg": 20.23,
            "net_income": 107581,
            "revenue": 1479561,
            "common_shares": 1896867,
            "book_valuer_per_share": 15.47,
            "book_valuer_per_share_4q_avg": 14.73,
            "equity": 2939406,
            "current_ratio": 113.43,
            "debt_ratio": 42.92,
            "inventory_turnover_ratio": 1.28,
            "account_receivable_turnover_ratio": 1.82,
            "reinvestment_rate": 160.59,
            "research_to_sale_ratio": null,
            "price_fair": 76.3,
            "eps_avg_yearly": 2.18,
            "eps_latest_yearly": 2.28,
            "eps_growth_yearly": 27.28
        },
        "20092": {
            "year_quarter": 20092,
            "year": 2009,
            "quarter": 2,
            "eps": 0.57,
            "eps_growth_year": null,
            "eps_4q": 2.1,
            "eps_4q_growth_year": 90.59,
            "roe": 3.77,
            "roe_4q": 14.53,
            "gross_profit": 415200,
            "gross_margin": 27.19,
            "gross_margin_4q_avg": 22.81,
            "net_income": 110482,
            "revenue": 1527116,
            "common_shares": 1896866,
            "book_valuer_per_share": 15.38,
            "book_valuer_per_share_4q_avg": 15.04,
            "equity": 2924146,
            "current_ratio": 116.21,
            "debt_ratio": 41.39,
            "inventory_turnover_ratio": 1.38,
            "account_receivable_turnover_ratio": 1.94,
            "reinvestment_rate": 148.37,
            "research_to_sale_ratio": null,
            "price_fair": 78.5,
            "eps_avg_yearly": 2.24,
            "eps_latest_yearly": 2.28,
            "eps_growth_yearly": 36.62
        },
        "20093": {
            "year_quarter": 20093,
            "year": 2009,
            "quarter": 3,
            "eps": 0.57,
            "eps_growth_year": -3.39,
            "eps_4q": 2.09,
            "eps_4q_growth_year": 73.23,
            "roe": 3.74,
            "roe_4q": 14.11,
            "gross_profit": 377807,
            "gross_margin": 23.56,
            "gross_margin_4q_avg": 23.86,
            "net_income": 110955,
            "revenue": 1603833,
            "common_shares": 1934804,
            "book_valuer_per_share": 15.54,
            "book_valuer_per_share_4q_avg": 15.3,
            "equity": 3014009,
            "current_ratio": 117.37,
            "debt_ratio": 40.14,
            "inventory_turnover_ratio": 1.52,
            "account_receivable_turnover_ratio": 1.96,
            "reinvestment_rate": 149.27,
            "research_to_sale_ratio": null,
            "price_fair": 6.39,
            "eps_avg_yearly": 2.13,
            "eps_latest_yearly": 2.28,
            "eps_growth_yearly": -13.17
        },
        "20094": {
            "year_quarter": 20094,
            "year": 2009,
            "quarter": 4,
            "eps": 0.26,
            "eps_growth_year": -38.1,
            "eps_4q": 1.95,
            "eps_4q_growth_year": 91.57,
            "roe": 1.62,
            "roe_4q": 12.870000000000001,
            "gross_profit": 381886,
            "gross_margin": 24.12,
            "gross_margin_4q_avg": 24.84,
            "net_income": 49289,
            "revenue": 1583383,
            "common_shares": 1934804,
            "book_valuer_per_share": 15.77,
            "book_valuer_per_share_4q_avg": 15.54,
            "equity": 3057601,
            "current_ratio": 120.53,
            "debt_ratio": 42.09,
            "inventory_turnover_ratio": 1.35,
            "account_receivable_turnover_ratio": 3.69,
            "reinvestment_rate": 158.19,
            "research_to_sale_ratio": null,
            "price_fair": 5.9,
            "eps_avg_yearly": 1.97,
            "eps_latest_yearly": 1.04,
            "eps_growth_yearly": -25.14
        },
        "20101": {
            "year_quarter": 20101,
            "year": 2010,
            "quarter": 1,
            "eps": 0.49,
            "eps_growth_year": -14.04,
            "eps_4q": 1.88,
            "eps_4q_growth_year": 18.71,
            "roe": 3.07,
            "roe_4q": 12.2,
            "gross_profit": 361595,
            "gross_margin": 20.57,
            "gross_margin_4q_avg": 23.86,
            "net_income": 95256,
            "revenue": 1757566,
            "common_shares": 1934804,
            "book_valuer_per_share": 16.2,
            "book_valuer_per_share_4q_avg": 15.72,
            "equity": 3141675,
            "current_ratio": 131,
            "debt_ratio": 41.71,
            "inventory_turnover_ratio": 1.38,
            "account_receivable_turnover_ratio": 1.99,
            "reinvestment_rate": 223.33,
            "research_to_sale_ratio": 0.43,
            "price_fair": 50.73,
            "eps_avg_yearly": 1.99,
            "eps_latest_yearly": 1.96,
            "eps_growth_yearly": 15.44
        },
        "20102": {
            "year_quarter": 20102,
            "year": 2010,
            "quarter": 2,
            "eps": 1.3,
            "eps_growth_year": 128.32,
            "eps_4q": 2.58,
            "eps_4q_growth_year": 22.82,
            "roe": 8.04,
            "roe_4q": 16.47,
            "gross_profit": 513323,
            "gross_margin": 25.7,
            "gross_margin_4q_avg": 23.49,
            "net_income": 259763,
            "revenue": 1997475,
            "common_shares": 1934804,
            "book_valuer_per_share": 17.13,
            "book_valuer_per_share_4q_avg": 16.16,
            "equity": 3321597,
            "current_ratio": 125.33,
            "debt_ratio": 44.89,
            "inventory_turnover_ratio": 1.18,
            "account_receivable_turnover_ratio": 2,
            "reinvestment_rate": 230.37,
            "research_to_sale_ratio": 0.33,
            "price_fair": 78.8,
            "eps_avg_yearly": 2.25,
            "eps_latest_yearly": 5.2,
            "eps_growth_yearly": 61.94
        },
        "20103": {
            "year_quarter": 20103,
            "year": 2010,
            "quarter": 3,
            "eps": 1.36,
            "eps_growth_year": 138.73,
            "eps_4q": 3.39,
            "eps_4q_growth_year": 61.91,
            "roe": 7.9,
            "roe_4q": 20.63,
            "gross_profit": 669339,
            "gross_margin": 25.74,
            "gross_margin_4q_avg": 24.03,
            "net_income": 272458,
            "revenue": 2600195,
            "common_shares": 1992848,
            "book_valuer_per_share": 17.88,
            "book_valuer_per_share_4q_avg": 16.75,
            "equity": 3572420,
            "current_ratio": 140.83,
            "debt_ratio": 41.92,
            "inventory_turnover_ratio": 1.31,
            "account_receivable_turnover_ratio": 2.26,
            "reinvestment_rate": 215.05,
            "research_to_sale_ratio": 0.31,
            "price_fair": 83.9,
            "eps_avg_yearly": 2.4,
            "eps_latest_yearly": 5.44,
            "eps_growth_yearly": 31.11
        },
        "20104": {
            "year_quarter": 20104,
            "year": 2010,
            "quarter": 4,
            "eps": 0.7,
            "eps_growth_year": 168.02,
            "eps_4q": 3.83,
            "eps_4q_growth_year": 96.75,
            "roe": 3.84,
            "roe_4q": 22.85,
            "gross_profit": 488497,
            "gross_margin": 22.35,
            "gross_margin_4q_avg": 23.59,
            "net_income": 138556,
            "revenue": 2185812,
            "common_shares": 1992848,
            "book_valuer_per_share": 18.25,
            "book_valuer_per_share_4q_avg": 17.37,
            "equity": 3646056,
            "current_ratio": 144.94,
            "debt_ratio": 40.65,
            "inventory_turnover_ratio": 1.1,
            "account_receivable_turnover_ratio": 1.9,
            "reinvestment_rate": 149.13,
            "research_to_sale_ratio": 0.32,
            "price_fair": 74.72,
            "eps_avg_yearly": 2.39,
            "eps_latest_yearly": 2.8,
            "eps_growth_yearly": 21.28
        },
        "20111": {
            "year_quarter": 20111,
            "year": 2011,
            "quarter": 1,
            "eps": 1.23,
            "eps_growth_year": 151.02,
            "eps_4q": 4.58,
            "eps_4q_growth_year": 143.98,
            "roe": 6.47,
            "roe_4q": 26.25,
            "gross_profit": 515759,
            "gross_margin": 24.07,
            "gross_margin_4q_avg": 24.47,
            "net_income": 244074,
            "revenue": 2142574,
            "common_shares": 1992848,
            "book_valuer_per_share": 19.52,
            "book_valuer_per_share_4q_avg": 18.2,
            "equity": 3898351,
            "current_ratio": 146.84,
            "debt_ratio": 41.62,
            "inventory_turnover_ratio": 0.92,
            "account_receivable_turnover_ratio": 1.97,
            "reinvestment_rate": 199.72,
            "research_to_sale_ratio": 0.5,
            "price_fair": 91.3,
            "eps_avg_yearly": 2.61,
            "eps_latest_yearly": 4.92,
            "eps_growth_yearly": 53.48
        },
        "20112": {
            "year_quarter": 20112,
            "year": 2011,
            "quarter": 2,
            "eps": 0.85,
            "eps_growth_year": -34.85,
            "eps_4q": 3.95,
            "eps_4q_growth_year": 52.9,
            "roe": 4.75,
            "roe_4q": 22.96,
            "gross_profit": 567072,
            "gross_margin": 24.04,
            "gross_margin_4q_avg": 24.05,
            "net_income": 179305,
            "revenue": 2358973,
            "common_shares": 1992848,
            "book_valuer_per_share": 18.28,
            "book_valuer_per_share_4q_avg": 18.48,
            "equity": 3651673,
            "current_ratio": 125.18,
            "debt_ratio": 46.82,
            "inventory_turnover_ratio": 0.87,
            "account_receivable_turnover_ratio": 2.24,
            "reinvestment_rate": 192,
            "research_to_sale_ratio": 0.75,
            "price_fair": 95.6,
            "eps_avg_yearly": 2.73,
            "eps_latest_yearly": 3.4,
            "eps_growth_yearly": 47.14
        },
        "20113": {
            "year_quarter": 20113,
            "year": 2011,
            "quarter": 3,
            "eps": 1.98,
            "eps_growth_year": 45.58,
            "eps_4q": 4.64,
            "eps_4q_growth_year": 37.15,
            "roe": 10.75,
            "roe_4q": 25.81,
            "gross_profit": 834520,
            "gross_margin": 27.62,
            "gross_margin_4q_avg": 24.52,
            "net_income": 418559,
            "revenue": 3021297,
            "common_shares": 2112419,
            "book_valuer_per_share": 19.55,
            "book_valuer_per_share_4q_avg": 18.9,
            "equity": 4138913,
            "current_ratio": 129.78,
            "debt_ratio": 45.73,
            "inventory_turnover_ratio": 0.98,
            "account_receivable_turnover_ratio": 2.54,
            "reinvestment_rate": 178.26,
            "research_to_sale_ratio": 0.57,
            "price_fair": 110,
            "eps_avg_yearly": 3.14,
            "eps_latest_yearly": 7.92,
            "eps_growth_yearly": 76.96
        },
        "20114": {
            "year_quarter": 20114,
            "year": 2011,
            "quarter": 4,
            "eps": 1.61,
            "eps_growth_year": 131.44,
            "eps_4q": 5.6,
            "eps_4q_growth_year": 46.07,
            "roe": 7.91,
            "roe_4q": 29.88,
            "gross_profit": 764501,
            "gross_margin": 24.45,
            "gross_margin_4q_avg": 25.05,
            "net_income": 340561,
            "revenue": 3126235,
            "common_shares": 2112419,
            "book_valuer_per_share": 21.11,
            "book_valuer_per_share_4q_avg": 19.62,
            "equity": 4466614,
            "current_ratio": 142.94,
            "debt_ratio": 38.96,
            "inventory_turnover_ratio": 1.13,
            "account_receivable_turnover_ratio": 2.42,
            "reinvestment_rate": 123.72,
            "research_to_sale_ratio": 0.25,
            "price_fair": 119.2,
            "eps_avg_yearly": 3.41,
            "eps_latest_yearly": 6.44,
            "eps_growth_yearly": 63.68
        },
        "20121": {
            "year_quarter": 20121,
            "year": 2012,
            "quarter": 1,
            "eps": 1.82,
            "eps_growth_year": 47.97,
            "eps_4q": 6.26,
            "eps_4q_growth_year": 36.61,
            "roe": 8.28,
            "roe_4q": 31.689999999999998,
            "gross_profit": 799594,
            "gross_margin": 27.49,
            "gross_margin_4q_avg": 25.9,
            "net_income": 384907,
            "revenue": 2908185,
            "common_shares": 2112419,
            "book_valuer_per_share": 22.82,
            "book_valuer_per_share_4q_avg": 20.44,
            "equity": 4828202,
            "current_ratio": 156.87,
            "debt_ratio": 37.56,
            "inventory_turnover_ratio": 1.12,
            "account_receivable_turnover_ratio": 2.2,
            "reinvestment_rate": 108.35,
            "research_to_sale_ratio": 0.49,
            "price_fair": 137.3,
            "eps_avg_yearly": 3.92,
            "eps_latest_yearly": 7.28,
            "eps_growth_yearly": 95.57
        },
        "20122": {
            "year_quarter": 20122,
            "year": 2012,
            "quarter": 2,
            "eps": 1.48,
            "eps_growth_year": 74.9,
            "eps_4q": 6.54,
            "eps_4q_growth_year": 65.87,
            "roe": 7.16,
            "roe_4q": 34.1,
            "gross_profit": 754264,
            "gross_margin": 28.08,
            "gross_margin_4q_avg": 26.91,
            "net_income": 335426,
            "revenue": 2686265,
            "common_shares": 2112419,
            "book_valuer_per_share": 21.46,
            "book_valuer_per_share_4q_avg": 21.24,
            "equity": 4542253,
            "current_ratio": 135.29,
            "debt_ratio": 43.58,
            "inventory_turnover_ratio": 0.91,
            "account_receivable_turnover_ratio": 1.97,
            "reinvestment_rate": 87.71,
            "research_to_sale_ratio": 0.51,
            "price_fair": 141.96,
            "eps_avg_yearly": 4.06,
            "eps_latest_yearly": 5.92,
            "eps_growth_yearly": 84.21
        },
        "20123": {
            "year_quarter": 20123,
            "year": 2012,
            "quarter": 3,
            "eps": 1.52,
            "eps_growth_year": -23.06,
            "eps_4q": 4.88,
            "eps_4q_growth_year": 5.12,
            "roe": 9.17,
            "roe_4q": 32.519999999999996,
            "gross_profit": 1019642,
            "gross_margin": 28.84,
            "gross_margin_4q_avg": 27.22,
            "net_income": 482182,
            "revenue": 3535731,
            "common_shares": 2260288,
            "book_valuer_per_share": 24.43,
            "book_valuer_per_share_4q_avg": 22.46,
            "equity": 5970725,
            "current_ratio": 150.13,
            "debt_ratio": 43.42,
            "inventory_turnover_ratio": 0.97,
            "account_receivable_turnover_ratio": 2.64,
            "reinvestment_rate": 78.66,
            "research_to_sale_ratio": 0.46,
            "price_fair": 146.39,
            "eps_avg_yearly": 4.18,
            "eps_latest_yearly": 6.08,
            "eps_growth_yearly": 79.63
        },
        "20124": {
            "year_quarter": 20124,
            "year": 2012,
            "quarter": 4,
            "eps": 2.4,
            "eps_growth_year": 48.55,
            "eps_4q": 7.28,
            "eps_4q_growth_year": 30.05,
            "roe": 9.35,
            "roe_4q": 33.96,
            "gross_profit": 1200942,
            "gross_margin": 27.07,
            "gross_margin_4q_avg": 27.87,
            "net_income": 589940,
            "revenue": 4435967,
            "common_shares": 2460288,
            "book_valuer_per_share": 27.01,
            "book_valuer_per_share_4q_avg": 23.93,
            "equity": 6654073,
            "current_ratio": 185.06,
            "debt_ratio": 33.97,
            "inventory_turnover_ratio": 1.23,
            "account_receivable_turnover_ratio": 2.84,
            "reinvestment_rate": 66.08,
            "research_to_sale_ratio": 0.29,
            "price_fair": 163.71,
            "eps_avg_yearly": 4.68,
            "eps_latest_yearly": 9.6,
            "eps_growth_yearly": 101.3
        },
        "20131": {
            "year_quarter": 20131,
            "year": 2013,
            "quarter": 1,
            "eps": 2.41,
            "eps_growth_year": 32.42,
            "eps_4q": 8.12,
            "eps_4q_growth_year": 29.67,
            "roe": 8.54,
            "roe_4q": 34.22,
            "gross_profit": 1040815,
            "gross_margin": 28.33,
            "gross_margin_4q_avg": 28.08,
            "net_income": 591523,
            "revenue": 3673272,
            "common_shares": 2460288,
            "book_valuer_per_share": 29.22,
            "book_valuer_per_share_4q_avg": 25.53,
            "equity": 7197851,
            "current_ratio": 188.64,
            "debt_ratio": 33.76,
            "inventory_turnover_ratio": 1.02,
            "account_receivable_turnover_ratio": 2.18,
            "reinvestment_rate": 32.11,
            "research_to_sale_ratio": 0.62,
            "price_fair": 179.81,
            "eps_avg_yearly": 5.14,
            "eps_latest_yearly": 9.64,
            "eps_growth_yearly": 92.48
        },
        "20132": {
            "year_quarter": 20132,
            "year": 2013,
            "quarter": 2,
            "eps": 2.58,
            "eps_growth_year": 73.97,
            "eps_4q": 9.15,
            "eps_4q_growth_year": 39.88,
            "roe": 9.19,
            "roe_4q": 36.25,
            "gross_profit": 1209250,
            "gross_margin": 29.27,
            "gross_margin_4q_avg": 28.38,
            "net_income": 634438,
            "revenue": 4131190,
            "common_shares": 2460288,
            "book_valuer_per_share": 26.84,
            "book_valuer_per_share_4q_avg": 26.88,
            "equity": 6613056,
            "current_ratio": 143.04,
            "debt_ratio": 43.98,
            "inventory_turnover_ratio": 0.99,
            "account_receivable_turnover_ratio": 2.13,
            "reinvestment_rate": 28.54,
            "research_to_sale_ratio": null,
            "price_fair": 197.4,
            "eps_avg_yearly": 5.64,
            "eps_latest_yearly": 10.32,
            "eps_growth_yearly": 94.24
        },
        "20133": {
            "year_quarter": 20133,
            "year": 2013,
            "quarter": 3,
            "eps": 2.88,
            "eps_growth_year": 88.96,
            "eps_4q": 10.12,
            "eps_4q_growth_year": 107.26,
            "roe": 10.39,
            "roe_4q": 37.47,
            "gross_profit": 1415254,
            "gross_margin": 28.54,
            "gross_margin_4q_avg": 28.3,
            "net_income": 723275,
            "revenue": 4959113,
            "common_shares": 2509494,
            "book_valuer_per_share": 29.1,
            "book_valuer_per_share_4q_avg": 28.04,
            "equity": 7311528,
            "current_ratio": 148.8,
            "debt_ratio": 41.35,
            "inventory_turnover_ratio": 1.1,
            "account_receivable_turnover_ratio": 2.24,
            "reinvestment_rate": 32.5,
            "research_to_sale_ratio": 0.6,
            "price_fair": 217.61,
            "eps_avg_yearly": 6.22,
            "eps_latest_yearly": 11.52,
            "eps_growth_yearly": 97.15
        },
        "20134": {
            "year_quarter": 20134,
            "year": 2013,
            "quarter": 4,
            "eps": 3.14,
            "eps_growth_year": 31.24,
            "eps_4q": 10.91,
            "eps_4q_growth_year": 49.87,
            "roe": 10.23,
            "roe_4q": 38.35,
            "gross_profit": 1454613,
            "gross_margin": 27.05,
            "gross_margin_4q_avg": 28.3,
            "net_income": 789501,
            "revenue": 5378228,
            "common_shares": 2509494,
            "book_valuer_per_share": 32.31,
            "book_valuer_per_share_4q_avg": 29.37,
            "equity": 8117381,
            "current_ratio": 167.49,
            "debt_ratio": 35.3,
            "inventory_turnover_ratio": 1.21,
            "account_receivable_turnover_ratio": 2.44,
            "reinvestment_rate": 19.88,
            "research_to_sale_ratio": 0.51,
            "price_fair": 242.81,
            "eps_avg_yearly": 6.94,
            "eps_latest_yearly": 12.56,
            "eps_growth_yearly": 113
        },
        "20141": {
            "year_quarter": 20141,
            "year": 2014,
            "quarter": 1,
            "eps": 2.62,
            "eps_growth_year": 8.71,
            "eps_4q": 11.18,
            "eps_4q_growth_year": 37.59,
            "roe": 7.77,
            "roe_4q": 37.58,
            "gross_profit": 1198330,
            "gross_margin": 26.76,
            "gross_margin_4q_avg": 27.91,
            "net_income": 658566,
            "revenue": 4478376,
            "common_shares": 2509494,
            "book_valuer_per_share": 35.13,
            "book_valuer_per_share_4q_avg": 30.85,
            "equity": 8827458,
            "current_ratio": 168.85,
            "debt_ratio": 34.14,
            "inventory_turnover_ratio": 1,
            "account_receivable_turnover_ratio": 2.03,
            "reinvestment_rate": 25.6,
            "research_to_sale_ratio": 0.53,
            "price_fair": 261.45,
            "eps_avg_yearly": 7.47,
            "eps_latest_yearly": 10.48,
            "eps_growth_yearly": 86.75
        },
        "20142": {
            "year_quarter": 20142,
            "year": 2014,
            "quarter": 2,
            "eps": 2.22,
            "eps_growth_year": -13.95,
            "eps_4q": 10.45,
            "eps_4q_growth_year": 14.19,
            "roe": 6.81,
            "roe_4q": 35.2,
            "gross_profit": 1221871,
            "gross_margin": 25.01,
            "gross_margin_4q_avg": 26.84,
            "net_income": 558392,
            "revenue": 4886323,
            "common_shares": 2509494,
            "book_valuer_per_share": 30.15,
            "book_valuer_per_share_4q_avg": 31.67,
            "equity": 7567268,
            "current_ratio": 121.52,
            "debt_ratio": 45.84,
            "inventory_turnover_ratio": 1.1,
            "account_receivable_turnover_ratio": 2.1,
            "reinvestment_rate": 22.91,
            "research_to_sale_ratio": 0.56,
            "price_fair": 269.5,
            "eps_avg_yearly": 7.7,
            "eps_latest_yearly": 8.88,
            "eps_growth_yearly": 41.6
        },
        "20143": {
            "year_quarter": 20143,
            "year": 2014,
            "quarter": 3,
            "eps": 3.32,
            "eps_growth_year": 15.28,
            "eps_4q": 11,
            "eps_4q_growth_year": 8.76,
            "roe": 10.79,
            "roe_4q": 35.599999999999994,
            "gross_profit": 1463045,
            "gross_margin": 25.68,
            "gross_margin_4q_avg": 26.13,
            "net_income": 865970,
            "revenue": 5696793,
            "common_shares": 2609874,
            "book_valuer_per_share": 32.49,
            "book_valuer_per_share_4q_avg": 32.52,
            "equity": 8480639,
            "current_ratio": 139.99,
            "debt_ratio": 39.01,
            "inventory_turnover_ratio": 1.26,
            "account_receivable_turnover_ratio": 2.19,
            "reinvestment_rate": 26.29,
            "research_to_sale_ratio": 0.52,
            "price_fair": 286.65,
            "eps_avg_yearly": 8.19,
            "eps_latest_yearly": 13.28,
            "eps_growth_yearly": 52.84
        },
        "20144": {
            "year_quarter": 20144,
            "year": 2014,
            "quarter": 4,
            "eps": 3.53,
            "eps_growth_year": 12.27,
            "eps_4q": 11.51,
            "eps_4q_growth_year": 5.47,
            "roe": 10.26,
            "roe_4q": 35.629999999999995,
            "gross_profit": 1587890,
            "gross_margin": 27.47,
            "gross_margin_4q_avg": 26.23,
            "net_income": 921293,
            "revenue": 5781260,
            "common_shares": 2609874,
            "book_valuer_per_share": 36.31,
            "book_valuer_per_share_4q_avg": 33.52,
            "equity": 9477691,
            "current_ratio": 158.98,
            "debt_ratio": 36.5,
            "inventory_turnover_ratio": 1.29,
            "account_receivable_turnover_ratio": 2.1,
            "reinvestment_rate": 25.69,
            "research_to_sale_ratio": 0.46,
            "price_fair": 311.41,
            "eps_avg_yearly": 8.9,
            "eps_latest_yearly": 14.12,
            "eps_growth_yearly": 66.55
        },
        "20151": {
            "year_quarter": 20151,
            "year": 2015,
            "quarter": 1,
            "eps": 2.68,
            "eps_growth_year": 2.29,
            "eps_4q": 11.66,
            "eps_4q_growth_year": 4.34,
            "roe": 7.12,
            "roe_4q": 34.98,
            "gross_profit": 1358548,
            "gross_margin": 27.57,
            "gross_margin_4q_avg": 26.43,
            "net_income": 698150,
            "revenue": 4928213,
            "common_shares": 2609874,
            "book_valuer_per_share": 38.88,
            "book_valuer_per_share_4q_avg": 34.46,
            "equity": 10146007,
            "current_ratio": 170.11,
            "debt_ratio": 35.8,
            "inventory_turnover_ratio": 1.05,
            "account_receivable_turnover_ratio": 1.93,
            "reinvestment_rate": 22.26,
            "research_to_sale_ratio": 0.59,
            "price_fair": 324.1,
            "eps_avg_yearly": 9.26,
            "eps_latest_yearly": 10.72,
            "eps_growth_yearly": 41.6
        },
        "20152": {
            "year_quarter": 20152,
            "year": 2015,
            "quarter": 2,
            "eps": 3.8,
            "eps_growth_year": 71.17,
            "eps_4q": 13.32,
            "eps_4q_growth_year": 27.46,
            "roe": 10.36,
            "roe_4q": 38.53,
            "gross_profit": 1814243,
            "gross_margin": 27.92,
            "gross_margin_4q_avg": 27.16,
            "net_income": 991918,
            "revenue": 6498372,
            "common_shares": 2609874,
            "book_valuer_per_share": 34.53,
            "book_valuer_per_share_4q_avg": 35.55,
            "equity": 9011357,
            "current_ratio": 135.17,
            "debt_ratio": 46.61,
            "inventory_turnover_ratio": 1.2,
            "account_receivable_turnover_ratio": 2.27,
            "reinvestment_rate": 19.39,
            "research_to_sale_ratio": 0.49,
            "price_fair": 349.91,
            "eps_avg_yearly": 10,
            "eps_latest_yearly": 15.2,
            "eps_growth_yearly": 59.77
        },
        "20153": {
            "year_quarter": 20153,
            "year": 2015,
            "quarter": 3,
            "eps": 4.93,
            "eps_growth_year": 48.49,
            "eps_4q": 14.94,
            "eps_4q_growth_year": 35.78,
            "roe": 13.22,
            "roe_4q": 40.96,
            "gross_profit": 1864669,
            "gross_margin": 27.22,
            "gross_margin_4q_avg": 27.55,
            "net_income": 1287371,
            "revenue": 6849175,
            "common_shares": 2609874,
            "book_valuer_per_share": 40.11,
            "book_valuer_per_share_4q_avg": 37.46,
            "equity": 10467120,
            "current_ratio": 172.53,
            "debt_ratio": 35.49,
            "inventory_turnover_ratio": 1.21,
            "account_receivable_turnover_ratio": 2.19,
            "reinvestment_rate": 16.25,
            "research_to_sale_ratio": 0.48,
            "price_fair": 375.73,
            "eps_avg_yearly": 10.74,
            "eps_latest_yearly": 19.72,
            "eps_growth_yearly": 33.97
        },
        "20154": {
            "year_quarter": 20154,
            "year": 2015,
            "quarter": 4,
            "eps": 4.58,
            "eps_growth_year": 29.85,
            "eps_4q": 15.99,
            "eps_4q_growth_year": 38.96,
            "roe": 10.76,
            "roe_4q": 41.46,
            "gross_profit": 2116093,
            "gross_margin": 29.21,
            "gross_margin_4q_avg": 27.98,
            "net_income": 1196341,
            "revenue": 7244989,
            "common_shares": 2609874,
            "book_valuer_per_share": 45.11,
            "book_valuer_per_share_4q_avg": 39.66,
            "equity": 11774329,
            "current_ratio": 194.24,
            "debt_ratio": 33.41,
            "inventory_turnover_ratio": 1.34,
            "account_receivable_turnover_ratio": 2.45,
            "reinvestment_rate": 13.63,
            "research_to_sale_ratio": 0.48,
            "price_fair": 401.71,
            "eps_avg_yearly": 11.48,
            "eps_latest_yearly": 18.32,
            "eps_growth_yearly": 36.87
        },
        "20161": {
            "year_quarter": 20161,
            "year": 2016,
            "quarter": 1,
            "eps": 2.47,
            "eps_growth_year": -7.84,
            "eps_4q": 15.35,
            "eps_4q_growth_year": 31.63,
            "roe": 4.89,
            "roe_4q": 39.23,
            "gross_profit": 1492943,
            "gross_margin": 26.71,
            "gross_margin_4q_avg": 27.77,
            "net_income": 653130,
            "revenue": 5590471,
            "common_shares": 2689874,
            "book_valuer_per_share": 55.49,
            "book_valuer_per_share_4q_avg": 43.81,
            "equity": 14925039,
            "current_ratio": 271.47,
            "debt_ratio": 26.26,
            "inventory_turnover_ratio": 1.17,
            "account_receivable_turnover_ratio": 2.11,
            "reinvestment_rate": 11.96,
            "research_to_sale_ratio": 0.6,
            "price_fair": 373.55,
            "eps_avg_yearly": 11.64,
            "eps_latest_yearly": 9.88,
            "eps_growth_yearly": 22.09
        },
        "20162": {
            "year_quarter": 20162,
            "year": 2016,
            "quarter": 2,
            "eps": 2.98,
            "eps_growth_year": -21.58,
            "eps_4q": 14.64,
            "eps_4q_growth_year": 9.88,
            "roe": 5.76,
            "roe_4q": 34.629999999999995,
            "gross_profit": 1634074,
            "gross_margin": 28.04,
            "gross_margin_4q_avg": 27.8,
            "net_income": 801053,
            "revenue": 5827631,
            "common_shares": 2689874,
            "book_valuer_per_share": 47.96,
            "book_valuer_per_share_4q_avg": 47.17,
            "equity": 12899720,
            "current_ratio": 182.66,
            "debt_ratio": 38.59,
            "inventory_turnover_ratio": 1.2,
            "account_receivable_turnover_ratio": 2.44,
            "reinvestment_rate": 13.93,
            "research_to_sale_ratio": 0.68,
            "price_fair": 420.53,
            "eps_avg_yearly": 12.02,
            "eps_latest_yearly": 11.92,
            "eps_growth_yearly": 31.92
        },
        "20163": {
            "year_quarter": 20163,
            "year": 2016,
            "quarter": 3,
            "eps": 3.15,
            "eps_growth_year": -36.11,
            "eps_4q": 13,
            "eps_4q_growth_year": -12.98,
            "roe": 6.38,
            "roe_4q": 27.79,
            "gross_profit": 1794035,
            "gross_margin": 28.65,
            "gross_margin_4q_avg": 28.15,
            "net_income": 846335,
            "revenue": 6262052,
            "common_shares": 2689874,
            "book_valuer_per_share": 50.69,
            "book_valuer_per_share_4q_avg": 49.81,
            "equity": 13634569,
            "current_ratio": 253.13,
            "debt_ratio": 26.87,
            "inventory_turnover_ratio": 1.24,
            "account_receivable_turnover_ratio": 2.42,
            "reinvestment_rate": 8.3,
            "research_to_sale_ratio": 0.64,
            "price_fair": 434.79,
            "eps_avg_yearly": 12.42,
            "eps_latest_yearly": 12.6,
            "eps_growth_yearly": 32.67
        },
        "20164": {
            "year_quarter": 20164,
            "year": 2016,
            "quarter": 4,
            "eps": 5.05,
            "eps_growth_year": 10.22,
            "eps_4q": 13.6,
            "eps_4q_growth_year": -14.93,
            "roe": 9.46,
            "roe_4q": 26.490000000000002,
            "gross_profit": 2032138,
            "gross_margin": 29.69,
            "gross_margin_4q_avg": 28.27,
            "net_income": 1358999,
            "revenue": 6845540,
            "common_shares": 2689874,
            "book_valuer_per_share": 56.12,
            "book_valuer_per_share_4q_avg": 52.57,
            "equity": 15096200,
            "current_ratio": 281.28,
            "debt_ratio": 24.17,
            "inventory_turnover_ratio": 1.38,
            "account_receivable_turnover_ratio": 2.39,
            "reinvestment_rate": 8.52,
            "research_to_sale_ratio": 0.56,
            "price_fair": 457.98,
            "eps_avg_yearly": 13.09,
            "eps_latest_yearly": 20.2,
            "eps_growth_yearly": 33.28
        },
        "20171": {
            "year_quarter": 20171,
            "year": 2017,
            "quarter": 1,
            "eps": 1.01,
            "eps_growth_year": -59.11,
            "eps_4q": 12.18,
            "eps_4q_growth_year": -20.62,
            "roe": 1.79,
            "roe_4q": 23.39,
            "gross_profit": 1379113,
            "gross_margin": 26.8,
            "gross_margin_4q_avg": 28.3,
            "net_income": 271223,
            "revenue": 5145757,
            "common_shares": 2689874,
            "book_valuer_per_share": 56.25,
            "book_valuer_per_share_4q_avg": 52.76,
            "equity": 15131564,
            "current_ratio": 283.77,
            "debt_ratio": 24.25,
            "inventory_turnover_ratio": 1.1,
            "account_receivable_turnover_ratio": 1.91,
            "reinvestment_rate": 15.52,
            "research_to_sale_ratio": 0.82,
            "price_fair": 295.15,
            "eps_avg_yearly": 12.74,
            "eps_latest_yearly": 4.04,
            "eps_growth_yearly": 13.18
        },
        "20172": {
            "year_quarter": 20172,
            "year": 2017,
            "quarter": 2,
            "eps": 2.94,
            "eps_growth_year": -1.34,
            "eps_4q": 11.91,
            "eps_4q_growth_year": -18.68,
            "roe": 5.59,
            "roe_4q": 23.22,
            "gross_profit": 1581864,
            "gross_margin": 26.62,
            "gross_margin_4q_avg": 27.94,
            "net_income": 789861,
            "revenue": 5943473,
            "common_shares": 2689874,
            "book_valuer_per_share": 48.73,
            "book_valuer_per_share_4q_avg": 52.95,
            "equity": 13106856,
            "current_ratio": 185.21,
            "debt_ratio": 37.21,
            "inventory_turnover_ratio": 1.21,
            "account_receivable_turnover_ratio": 2.19,
            "reinvestment_rate": 15.93,
            "research_to_sale_ratio": 0.71,
            "price_fair": 448.88,
            "eps_avg_yearly": 12.83,
            "eps_latest_yearly": 11.76,
            "eps_growth_yearly": 59.19
        },
        "20173": {
            "year_quarter": 20173,
            "year": 2017,
            "quarter": 3,
            "eps": 3.36,
            "eps_growth_year": 6.67,
            "eps_4q": 12.18,
            "eps_4q_growth_year": -6.3,
            "roe": 6.8,
            "roe_4q": 23.64,
            "gross_profit": 1733354,
            "gross_margin": 28.4,
            "gross_margin_4q_avg": 27.88,
            "net_income": 922065,
            "revenue": 6102545,
            "common_shares": 2743671,
            "book_valuer_per_share": 51.05,
            "book_valuer_per_share_4q_avg": 53.04,
            "equity": 14007745,
            "current_ratio": 251.27,
            "debt_ratio": 25.74,
            "inventory_turnover_ratio": 1.1,
            "account_receivable_turnover_ratio": 2.02,
            "reinvestment_rate": 13.19,
            "research_to_sale_ratio": 0.72,
            "price_fair": 453.08,
            "eps_avg_yearly": 12.95,
            "eps_latest_yearly": 13.44,
            "eps_growth_yearly": 59.85
        },
        "20174": {
            "year_quarter": 20174,
            "year": 2017,
            "quarter": 4,
            "eps": 3.9,
            "eps_growth_year": -22.89,
            "eps_4q": 11.12,
            "eps_4q_growth_year": -18.23,
            "roe": 7.35,
            "roe_4q": 21.529999999999998,
            "gross_profit": 1971882,
            "gross_margin": 28.01,
            "gross_margin_4q_avg": 27.46,
            "net_income": 1068906,
            "revenue": 7040195,
            "common_shares": 2743671,
            "book_valuer_per_share": 54.93,
            "book_valuer_per_share_4q_avg": 52.74,
            "equity": 15072246,
            "current_ratio": 196.73,
            "debt_ratio": 24.89,
            "inventory_turnover_ratio": 1.18,
            "account_receivable_turnover_ratio": 2.22,
            "reinvestment_rate": 35.74,
            "research_to_sale_ratio": 0.5,
            "price_fair": 459.73,
            "eps_avg_yearly": 13.14,
            "eps_latest_yearly": 15.6,
            "eps_growth_yearly": 61.61
        },
        "20181": {
            "year_quarter": 20181,
            "year": 2018,
            "quarter": 1,
            "eps": 3.25,
            "eps_growth_year": 221.78,
            "eps_4q": 13.39,
            "eps_4q_growth_year": 9.85,
            "roe": 5.76,
            "roe_4q": 25.5,
            "gross_profit": 1773423,
            "gross_margin": 26.95,
            "gross_margin_4q_avg": 27.5,
            "net_income": 891687,
            "revenue": 6580169,
            "common_shares": 2743671,
            "book_valuer_per_share": 57.88,
            "book_valuer_per_share_4q_avg": 53.15,
            "equity": 15880592,
            "current_ratio": 220.39,
            "debt_ratio": 22.57,
            "inventory_turnover_ratio": 1.13,
            "account_receivable_turnover_ratio": 2.02,
            "reinvestment_rate": 30.76,
            "research_to_sale_ratio": 0.53,
            "price_fair": 465.24,
            "eps_avg_yearly": 13.29,
            "eps_latest_yearly": 13,
            "eps_growth_yearly": 61.58
        },
        "20182": {
            "year_quarter": 20182,
            "year": 2018,
            "quarter": 2,
            "eps": 4.41,
            "eps_growth_year": 50,
            "eps_4q": 14.91,
            "eps_4q_growth_year": 25.27,
            "roe": 7.92,
            "roe_4q": 27.830000000000002,
            "gross_profit": 1998338,
            "gross_margin": 28.87,
            "gross_margin_4q_avg": 28.06,
            "net_income": 1209037,
            "revenue": 6921411,
            "common_shares": 2743671,
            "book_valuer_per_share": 53.41,
            "book_valuer_per_share_4q_avg": 54.32,
            "equity": 14652673,
            "current_ratio": 154.16,
            "debt_ratio": 33.7,
            "inventory_turnover_ratio": 1.17,
            "account_receivable_turnover_ratio": 1.99,
            "reinvestment_rate": 27.53,
            "research_to_sale_ratio": 0.54,
            "price_fair": 484.4,
            "eps_avg_yearly": 13.84,
            "eps_latest_yearly": 17.64,
            "eps_growth_yearly": 74.32
        },
        "20183": {
            "year_quarter": 20183,
            "year": 2018,
            "quarter": 3,
            "eps": 3.78,
            "eps_growth_year": 12.5,
            "eps_4q": 15.33,
            "eps_4q_growth_year": 25.85,
            "roe": 6.83,
            "roe_4q": 27.86,
            "gross_profit": 1903122,
            "gross_margin": 29.17,
            "gross_margin_4q_avg": 28.25,
            "net_income": 1036360,
            "revenue": 6523147,
            "common_shares": 2743671,
            "book_valuer_per_share": 57.22,
            "book_valuer_per_share_4q_avg": 55.86,
            "equity": 15698930,
            "current_ratio": 192.21,
            "debt_ratio": 25.57,
            "inventory_turnover_ratio": 1.06,
            "account_receivable_turnover_ratio": 1.83,
            "reinvestment_rate": 24.58,
            "research_to_sale_ratio": 0.52,
            "price_fair": 488.43,
            "eps_avg_yearly": 13.96,
            "eps_latest_yearly": 15.12,
            "eps_growth_yearly": 58.37
        },
        "20184": {
            "year_quarter": 20184,
            "year": 2018,
            "quarter": 4,
            "eps": 4.53,
            "eps_growth_year": 16.26,
            "eps_4q": 15.96,
            "eps_4q_growth_year": 43.5,
            "roe": 7.62,
            "roe_4q": 28.129999999999995,
            "gross_profit": 2272627,
            "gross_margin": 30.09,
            "gross_margin_4q_avg": 28.77,
            "net_income": 1242670,
            "revenue": 7553482,
            "common_shares": 2743671,
            "book_valuer_per_share": 61.71,
            "book_valuer_per_share_4q_avg": 57.56,
            "equity": 16931030,
            "current_ratio": 219.34,
            "debt_ratio": 23.53,
            "inventory_turnover_ratio": 1.2,
            "account_receivable_turnover_ratio": 2.13,
            "reinvestment_rate": 22.84,
            "research_to_sale_ratio": 0.5,
            "price_fair": 497.18,
            "eps_avg_yearly": 14.21,
            "eps_latest_yearly": 18.12,
            "eps_growth_yearly": 61.74
        },
        "20191": {
            "year_quarter": 20191,
            "year": 2019,
            "quarter": 1,
            "eps": 3.28,
            "eps_growth_year": 0.92,
            "eps_4q": 16,
            "eps_4q_growth_year": 19.51,
            "roe": 5.18,
            "roe_4q": 27.550000000000004,
            "gross_profit": 1728322,
            "gross_margin": 27.68,
            "gross_margin_4q_avg": 28.95,
            "net_income": 900934,
            "revenue": 6244297,
            "common_shares": 2743671,
            "book_valuer_per_share": 65.03,
            "book_valuer_per_share_4q_avg": 59.34,
            "equity": 17842299,
            "current_ratio": 241.16,
            "debt_ratio": 22.31,
            "inventory_turnover_ratio": 1.07,
            "account_receivable_turnover_ratio": 1.8,
            "reinvestment_rate": 23.07,
            "research_to_sale_ratio": 0.5,
            "price_fair": 502.43,
            "eps_avg_yearly": 14.36,
            "eps_latest_yearly": 13.12,
            "eps_growth_yearly": 60.87
        },
        "20192": {
            "year_quarter": 20192,
            "year": 2019,
            "quarter": 2,
            "eps": 3.9,
            "eps_growth_year": -11.56,
            "eps_4q": 15.49,
            "eps_4q_growth_year": 3.88,
            "roe": 6.34,
            "roe_4q": 25.97,
            "gross_profit": 2036666,
            "gross_margin": 29.35,
            "gross_margin_4q_avg": 29.07,
            "net_income": 1070310,
            "revenue": 6939327,
            "common_shares": 2743671,
            "book_valuer_per_share": 58.04,
            "book_valuer_per_share_4q_avg": 60.5,
            "equity": 15924940,
            "current_ratio": 161.92,
            "debt_ratio": 34.11,
            "inventory_turnover_ratio": 1.18,
            "account_receivable_turnover_ratio": 2.19,
            "reinvestment_rate": 24.23,
            "research_to_sale_ratio": 0.51,
            "price_fair": 503.3,
            "eps_avg_yearly": 14.38,
            "eps_latest_yearly": 15.6,
            "eps_growth_yearly": 55.14
        },
        "20193": {
            "year_quarter": 20193,
            "year": 2019,
            "quarter": 3,
            "eps": 4.35,
            "eps_growth_year": 15.08,
            "eps_4q": 16.06,
            "eps_4q_growth_year": 4.75,
            "roe": 7.22,
            "roe_4q": 26.36,
            "gross_profit": 2137168,
            "gross_margin": 29.67,
            "gross_margin_4q_avg": 29.2,
            "net_income": 1191920,
            "revenue": 7202393,
            "common_shares": 2743671,
            "book_valuer_per_share": 62.38,
            "book_valuer_per_share_4q_avg": 61.79,
            "equity": 17114630,
            "current_ratio": 225.5,
            "debt_ratio": 23.01,
            "inventory_turnover_ratio": 1.19,
            "account_receivable_turnover_ratio": 2.35,
            "reinvestment_rate": 23.48,
            "research_to_sale_ratio": 0.53,
            "price_fair": 498.23,
            "eps_avg_yearly": 14.24,
            "eps_latest_yearly": 17.4,
            "eps_growth_yearly": 50.59
        },
        "20194": {
            "year_quarter": 20194,
            "year": 2019,
            "quarter": 4,
            "eps": 4.14,
            "eps_growth_year": -8.58,
            "eps_4q": 15.67,
            "eps_4q_growth_year": -1.84,
            "roe": 6.45,
            "roe_4q": 25.189999999999998,
            "gross_profit": 2212003,
            "gross_margin": 28.58,
            "gross_margin_4q_avg": 28.82,
            "net_income": 1136085,
            "revenue": 7739119,
            "common_shares": 2743671,
            "book_valuer_per_share": 66.06,
            "book_valuer_per_share_4q_avg": 62.88,
            "equity": 18123752,
            "current_ratio": 237.89,
            "debt_ratio": 22.28,
            "inventory_turnover_ratio": 1.28,
            "account_receivable_turnover_ratio": 2.6,
            "reinvestment_rate": 26.02,
            "research_to_sale_ratio": 0.52,
            "price_fair": 494.38,
            "eps_avg_yearly": 14.13,
            "eps_latest_yearly": 16.56,
            "eps_growth_yearly": 51.16
        },
        "20201": {
            "year_quarter": 20201,
            "year": 2020,
            "quarter": 1,
            "eps": 2.54,
            "eps_growth_year": -22.56,
            "eps_4q": 14.92,
            "eps_4q_growth_year": -6.7,
            "roe": 3.77,
            "roe_4q": 23.78,
            "gross_profit": 1557644,
            "gross_margin": 25.91,
            "gross_margin_4q_avg": 28.38,
            "net_income": 696612,
            "revenue": 6010927,
            "common_shares": 2743671,
            "book_valuer_per_share": 68.73,
            "book_valuer_per_share_4q_avg": 63.8,
            "equity": 18856842,
            "current_ratio": 256.23,
            "debt_ratio": 21.04,
            "inventory_turnover_ratio": 1.04,
            "account_receivable_turnover_ratio": 2.03,
            "reinvestment_rate": 25.51,
            "research_to_sale_ratio": 0.61,
            "price_fair": 494.99,
            "eps_avg_yearly": 14.14,
            "eps_latest_yearly": 10.16,
            "eps_growth_yearly": 53.02
        },
        "20202": {
            "year_quarter": 20202,
            "year": 2020,
            "quarter": 2,
            "eps": 2.59,
            "eps_growth_year": -33.59,
            "eps_4q": 13.61,
            "eps_4q_growth_year": -12.12,
            "roe": 4.02,
            "roe_4q": 21.459999999999997,
            "gross_profit": 1485008,
            "gross_margin": 27.18,
            "gross_margin_4q_avg": 27.84,
            "net_income": 710356,
            "revenue": 5464297,
            "common_shares": 2743671,
            "book_valuer_per_share": 59.99,
            "book_valuer_per_share_4q_avg": 64.29,
            "equity": 16460431,
            "current_ratio": 169.94,
            "debt_ratio": 31.63,
            "inventory_turnover_ratio": 0.93,
            "account_receivable_turnover_ratio": 1.75,
            "reinvestment_rate": 25.08,
            "research_to_sale_ratio": 0.62,
            "price_fair": 491.58,
            "eps_avg_yearly": 14.05,
            "eps_latest_yearly": 10.36,
            "eps_growth_yearly": 48.35
        },
        "20203": {
            "year_quarter": 20203,
            "year": 2020,
            "quarter": 3,
            "eps": 4.56,
            "eps_growth_year": 4.83,
            "eps_4q": 13.84,
            "eps_4q_growth_year": -13.84,
            "roe": 7.35,
            "roe_4q": 21.59,
            "gross_profit": 2211237,
            "gross_margin": 29.98,
            "gross_margin_4q_avg": 27.91,
            "net_income": 1252826,
            "revenue": 7374600,
            "common_shares": 2743671,
            "book_valuer_per_share": 64.25,
            "book_valuer_per_share_4q_avg": 64.76,
            "equity": 17626975,
            "current_ratio": 208.52,
            "debt_ratio": 28.38,
            "inventory_turnover_ratio": 1.14,
            "account_receivable_turnover_ratio": 2.05,
            "reinvestment_rate": 25.91,
            "research_to_sale_ratio": 0.49,
            "price_fair": 503.91,
            "eps_avg_yearly": 14.4,
            "eps_latest_yearly": 18.24,
            "eps_growth_yearly": 65.94
        },
        "20204": {
            "year_quarter": 20204,
            "year": 2020,
            "quarter": 4,
            "eps": 5.81,
            "eps_growth_year": 40.37,
            "eps_4q": 15.51,
            "eps_4q_growth_year": -1.04,
            "roe": 8.67,
            "roe_4q": 23.81,
            "gross_profit": 2824853,
            "gross_margin": 30.29,
            "gross_margin_4q_avg": 28.34,
            "net_income": 1594740,
            "revenue": 9325577,
            "common_shares": 2743671,
            "book_valuer_per_share": 69.86,
            "book_valuer_per_share_4q_avg": 65.71,
            "equity": 19167984,
            "current_ratio": 224.18,
            "debt_ratio": 27.52,
            "inventory_turnover_ratio": 1.3,
            "account_receivable_turnover_ratio": 2.08,
            "reinvestment_rate": 24.63,
            "research_to_sale_ratio": 0.43,
            "price_fair": 510.56,
            "eps_avg_yearly": 14.59,
            "eps_latest_yearly": 23.24,
            "eps_growth_yearly": 57.71
        },
        "20211": {
            "year_quarter": 20211,
            "year": 2021,
            "quarter": 1,
            "eps": 4.95,
            "eps_growth_year": 94.88,
            "eps_4q": 17.92,
            "eps_4q_growth_year": 20.04,
            "roe": 6.84,
            "roe_4q": 26.88,
            "gross_profit": 2354309,
            "gross_margin": 28.64,
            "gross_margin_4q_avg": 29.02,
            "net_income": 1357593,
            "revenue": 8219476,
            "common_shares": 2743671,
            "book_valuer_per_share": 74.75,
            "book_valuer_per_share_4q_avg": 67.21,
            "equity": 20508805,
            "current_ratio": 243.89,
            "debt_ratio": 25.46,
            "inventory_turnover_ratio": 1.02,
            "account_receivable_turnover_ratio": 1.63,
            "reinvestment_rate": 25.56,
            "research_to_sale_ratio": 0.47,
            "price_fair": 545.04,
            "eps_avg_yearly": 15.57,
            "eps_latest_yearly": 19.8,
            "eps_growth_yearly": 74.01
        },
        "20212": {
            "year_quarter": 20212,
            "year": 2021,
            "quarter": 2,
            "eps": 5.56,
            "eps_growth_year": 114.67,
            "eps_4q": 20.88,
            "eps_4q_growth_year": 53.41,
            "roe": 7.74,
            "roe_4q": 30.6,
            "gross_profit": 2731406,
            "gross_margin": 27.91,
            "gross_margin_4q_avg": 29.21,
            "net_income": 1524805,
            "revenue": 9786767,
            "common_shares": 2743671,
            "book_valuer_per_share": 68.86,
            "book_valuer_per_share_4q_avg": 69.43,
            "equity": 18891997,
            "current_ratio": 180.9,
            "debt_ratio": 33.84,
            "inventory_turnover_ratio": 1.05,
            "account_receivable_turnover_ratio": 1.98,
            "reinvestment_rate": 25.75,
            "research_to_sale_ratio": 0.42,
            "price_fair": 567.96,
            "eps_avg_yearly": 16.23,
            "eps_latest_yearly": 22.24,
            "eps_growth_yearly": 29.32
        },
        "20213": {
            "year_quarter": 20213,
            "year": 2021,
            "quarter": 3,
            "eps": 3.51,
            "eps_growth_year": -23.03,
            "eps_4q": 19.83,
            "eps_4q_growth_year": 43.32,
            "roe": 4.97,
            "roe_4q": 28.22,
            "gross_profit": 1986818,
            "gross_margin": 24.65,
            "gross_margin_4q_avg": 27.87,
            "net_income": 962988,
            "revenue": 8058797,
            "common_shares": 2743671,
            "book_valuer_per_share": 72.37,
            "book_valuer_per_share_4q_avg": 71.46,
            "equity": 19854641,
            "current_ratio": 221.57,
            "debt_ratio": 27.09,
            "inventory_turnover_ratio": 0.79,
            "account_receivable_turnover_ratio": 2.01,
            "reinvestment_rate": 28.17,
            "research_to_sale_ratio": 0.53,
            "price_fair": 431.5,
            "eps_avg_yearly": 16.27,
            "eps_latest_yearly": 14.04,
            "eps_growth_yearly": 16.53
        },
        "20214": {
            "year_quarter": 20214,
            "year": 2021,
            "quarter": 4,
            "eps": 4.75,
            "eps_growth_year": -18.28,
            "eps_4q": 18.77,
            "eps_4q_growth_year": 21.01,
            "roe": 6.36,
            "roe_4q": 25.91,
            "gross_profit": 2418614,
            "gross_margin": 24.55,
            "gross_margin_4q_avg": 26.44,
            "net_income": 1303225,
            "revenue": 9852207,
            "common_shares": 2743671,
            "book_valuer_per_share": 77.08,
            "book_valuer_per_share_4q_avg": 73.27,
            "equity": 21149431,
            "current_ratio": 225.18,
            "debt_ratio": 27.77,
            "inventory_turnover_ratio": 0.9,
            "account_receivable_turnover_ratio": 2.46,
            "reinvestment_rate": 11.7,
            "research_to_sale_ratio": 0.41,
            "price_fair": 516.46,
            "eps_avg_yearly": 16.48,
            "eps_latest_yearly": 19,
            "eps_growth_yearly": 21.34
        },
        "20221": {
            "year_quarter": 20221,
            "year": 2022,
            "quarter": 1,
            "eps": 6.53,
            "eps_growth_year": 31.92,
            "eps_4q": 20.34,
            "eps_4q_growth_year": 13.55,
            "roe": 8.09,
            "roe_4q": 27.159999999999997,
            "gross_profit": 2723165,
            "gross_margin": 26.76,
            "gross_margin_4q_avg": 25.97,
            "net_income": 1790613,
            "revenue": 10177999,
            "common_shares": 2743671,
            "book_valuer_per_share": 84.26,
            "book_valuer_per_share_4q_avg": 75.64,
            "equity": 23117792,
            "current_ratio": 234.41,
            "debt_ratio": 27.26,
            "inventory_turnover_ratio": 0.93,
            "account_receivable_turnover_ratio": 1.97,
            "reinvestment_rate": 16.7,
            "research_to_sale_ratio": 0.35,
            "price_fair": 605.41,
            "eps_avg_yearly": 17.3,
            "eps_latest_yearly": 26.12,
            "eps_growth_yearly": 34.88
        },
        "20222": {
            "year_quarter": 20222,
            "year": 2022,
            "quarter": 2,
            "eps": 7.42,
            "eps_growth_year": 33.45,
            "eps_4q": 22.21,
            "eps_4q_growth_year": 6.36,
            "roe": 9.02,
            "roe_4q": 28.439999999999998,
            "gross_profit": 3138002,
            "gross_margin": 27.98,
            "gross_margin_4q_avg": 25.99,
            "net_income": 2037694,
            "revenue": 11215194,
            "common_shares": 2743671,
            "book_valuer_per_share": 80.44,
            "book_valuer_per_share_4q_avg": 78.54,
            "equity": 22070367,
            "current_ratio": 190.82,
            "debt_ratio": 32.96,
            "inventory_turnover_ratio": 1.13,
            "account_receivable_turnover_ratio": 1.95,
            "reinvestment_rate": 16.37,
            "research_to_sale_ratio": 0.37,
            "price_fair": 631.75,
            "eps_avg_yearly": 18.05,
            "eps_latest_yearly": 29.68,
            "eps_growth_yearly": 29.36
        },
        "20223": {
            "year_quarter": 20223,
            "year": 2022,
            "quarter": 3,
            "eps": 7.91,
            "eps_growth_year": 125.36,
            "eps_4q": 26.61,
            "eps_4q_growth_year": 34.21,
            "roe": 9.29,
            "roe_4q": 32.76,
            "gross_profit": 3106164,
            "gross_margin": 29,
            "gross_margin_4q_avg": 27.07,
            "net_income": 2169890,
            "revenue": 10712675,
            "common_shares": 2743671,
            "book_valuer_per_share": 89.76,
            "book_valuer_per_share_4q_avg": 82.89,
            "equity": 24626315,
            "current_ratio": 239.69,
            "debt_ratio": 25.95,
            "inventory_turnover_ratio": 1.32,
            "account_receivable_turnover_ratio": 1.94,
            "reinvestment_rate": 18.18,
            "research_to_sale_ratio": 0.38,
            "price_fair": 667.89,
            "eps_avg_yearly": 19.08,
            "eps_latest_yearly": 31.64,
            "eps_growth_yearly": 34.59
        },
        "20224": {
            "year_quarter": 20224,
            "year": 2022,
            "quarter": 4,
            "eps": 2.89,
            "eps_growth_year": -39.22,
            "eps_4q": 24.75,
            "eps_4q_growth_year": 31.89,
            "roe": 3.18,
            "roe_4q": 29.58,
            "gross_profit": 2097996,
            "gross_margin": 27.5,
            "gross_margin_4q_avg": 27.81,
            "net_income": 792151,
            "revenue": 7630305,
            "common_shares": 2743671,
            "book_valuer_per_share": 91.64,
            "book_valuer_per_share_4q_avg": 86.53,
            "equity": 25141967,
            "current_ratio": 242.24,
            "debt_ratio": 24.64,
            "inventory_turnover_ratio": 1.15,
            "account_receivable_turnover_ratio": 1.73,
            "reinvestment_rate": 17.39,
            "research_to_sale_ratio": 0.56,
            "price_fair": 443.64,
            "eps_avg_yearly": 18.67,
            "eps_latest_yearly": 11.56,
            "eps_growth_yearly": 13.76
        },
        "20231": {
            "year_quarter": 20231,
            "year": 2023,
            "quarter": 1,
            "eps": 3.01,
            "eps_growth_year": -53.91,
            "eps_4q": 21.24,
            "eps_4q_growth_year": 4.39,
            "roe": 3.56,
            "roe_4q": 25.05,
            "gross_profit": 1842600,
            "gross_margin": 28.36,
            "gross_margin_4q_avg": 28.21,
            "net_income": 826720,
            "revenue": 6497742,
            "common_shares": 2743671,
            "book_valuer_per_share": 77.47,
            "book_valuer_per_share_4q_avg": 84.83,
            "equity": 21255586,
            "current_ratio": 158.39,
            "debt_ratio": 36.8,
            "inventory_turnover_ratio": 1,
            "account_receivable_turnover_ratio": 1.72,
            "reinvestment_rate": 16.57,
            "research_to_sale_ratio": 0.53,
            "price_fair": 589.69,
            "eps_avg_yearly": 18.61,
            "eps_latest_yearly": 12.04,
            "eps_growth_yearly": 21.7
        },
        "20232": {
            "year_quarter": 20232,
            "year": 2023,
            "quarter": 2,
            "eps": 5.08,
            "eps_growth_year": -31.54,
            "eps_4q": 18.88,
            "eps_4q_growth_year": -14.99,
            "roe": 6.32,
            "roe_4q": 22.35,
            "gross_profit": 2437412,
            "gross_margin": 31.17,
            "gross_margin_4q_avg": 29.01,
            "net_income": 1392000,
            "revenue": 7820978,
            "common_shares": 2743671,
            "book_valuer_per_share": 83.01,
            "book_valuer_per_share_4q_avg": 85.47,
            "equity": 22774655,
            "current_ratio": 183.55,
            "debt_ratio": 31.35,
            "inventory_turnover_ratio": 1.19,
            "account_receivable_turnover_ratio": 1.81,
            "reinvestment_rate": 15.4,
            "research_to_sale_ratio": 0.48,
            "price_fair": 661.5,
            "eps_avg_yearly": 18.9,
            "eps_latest_yearly": 20.32,
            "eps_growth_yearly": 34.16
        }
    },
    "months": {
        "2001-06": {
            "month": "2001-06",
            "price": "10.91",
            "revenue": 252350
        },
        "2001-07": {
            "month": "2001-07",
            "price": "10.32",
            "revenue": 217281
        },
        "2001-08": {
            "month": "2001-08",
            "price": "10.99",
            "revenue": 270201
        },
        "2001-09": {
            "month": "2001-09",
            "price": "10.29",
            "revenue": 239356
        },
        "2001-10": {
            "month": "2001-10",
            "price": "9.45",
            "revenue": 306859
        },
        "2001-11": {
            "month": "2001-11",
            "price": "8.09",
            "revenue": 294643
        },
        "2001-12": {
            "month": "2001-12",
            "price": "8.60",
            "revenue": 208815
        },
        "2002-01": {
            "month": "2002-01",
            "price": "8.80",
            "revenue": 172987
        },
        "2002-02": {
            "month": "2002-02",
            "price": "8.84",
            "revenue": 168095
        },
        "2002-03": {
            "month": "2002-03",
            "price": "10.09",
            "revenue": 281295
        },
        "2002-04": {
            "month": "2002-04",
            "price": "11.07",
            "revenue": 309669
        },
        "2002-05": {
            "month": "2002-05",
            "price": "10.20",
            "revenue": 339712
        },
        "2002-06": {
            "month": "2002-06",
            "price": "11.62",
            "revenue": 305282
        },
        "2002-07": {
            "month": "2002-07",
            "price": "11.24",
            "revenue": 301791
        },
        "2002-08": {
            "month": "2002-08",
            "price": "10.46",
            "revenue": 319192
        },
        "2002-09": {
            "month": "2002-09",
            "price": "10.32",
            "revenue": 257865
        },
        "2002-10": {
            "month": "2002-10",
            "price": "10.01",
            "revenue": 315129
        },
        "2002-11": {
            "month": "2002-11",
            "price": "10.29",
            "revenue": 284229
        },
        "2002-12": {
            "month": "2002-12",
            "price": "11.10",
            "revenue": 268124
        },
        "2003-01": {
            "month": "2003-01",
            "price": "11.01",
            "revenue": 218523
        },
        "2003-02": {
            "month": "2003-02",
            "price": "10.69",
            "revenue": 250326
        },
        "2003-03": {
            "month": "2003-03",
            "price": "10.46",
            "revenue": 327055
        },
        "2003-04": {
            "month": "2003-04",
            "price": "11.03",
            "revenue": 366325
        },
        "2003-05": {
            "month": "2003-05",
            "price": "11.31",
            "revenue": 323710
        },
        "2003-06": {
            "month": "2003-06",
            "price": "11.90",
            "revenue": 344125
        },
        "2003-07": {
            "month": "2003-07",
            "price": "13.97",
            "revenue": 271227
        },
        "2003-08": {
            "month": "2003-08",
            "price": "15.03",
            "revenue": 298511
        },
        "2003-09": {
            "month": "2003-09",
            "price": "13.09",
            "revenue": 305420
        },
        "2003-10": {
            "month": "2003-10",
            "price": "13.20",
            "revenue": 345520
        },
        "2003-11": {
            "month": "2003-11",
            "price": "13.65",
            "revenue": 350185
        },
        "2003-12": {
            "month": "2003-12",
            "price": "14.17",
            "revenue": 439088
        },
        "2004-01": {
            "month": "2004-01",
            "price": "14.59",
            "revenue": 255757
        },
        "2004-02": {
            "month": "2004-02",
            "price": "15.29",
            "revenue": 362249
        },
        "2004-03": {
            "month": "2004-03",
            "price": "14.85",
            "revenue": 420244
        },
        "2004-04": {
            "month": "2004-04",
            "price": "16.52",
            "revenue": 401335
        },
        "2004-05": {
            "month": "2004-05",
            "price": "15.73",
            "revenue": 369636
        },
        "2004-06": {
            "month": "2004-06",
            "price": "15.29",
            "revenue": 554745
        },
        "2004-07": {
            "month": "2004-07",
            "price": "15.70",
            "revenue": 397575
        },
        "2004-08": {
            "month": "2004-08",
            "price": "14.71",
            "revenue": 497002
        },
        "2004-09": {
            "month": "2004-09",
            "price": "15.76",
            "revenue": 565605
        },
        "2004-10": {
            "month": "2004-10",
            "price": "16.62",
            "revenue": 430375
        },
        "2004-11": {
            "month": "2004-11",
            "price": "16.64",
            "revenue": 538312
        },
        "2004-12": {
            "month": "2004-12",
            "price": "16.67",
            "revenue": 617743
        },
        "2005-01": {
            "month": "2005-01",
            "price": "17.30",
            "revenue": 439247
        },
        "2005-02": {
            "month": "2005-02",
            "price": "17.28",
            "revenue": 328837
        },
        "2005-03": {
            "month": "2005-03",
            "price": "17.59",
            "revenue": 455305
        },
        "2005-04": {
            "month": "2005-04",
            "price": "17.37",
            "revenue": 408910
        },
        "2005-05": {
            "month": "2005-05",
            "price": "17.14",
            "revenue": 494263
        },
        "2005-06": {
            "month": "2005-06",
            "price": "18.05",
            "revenue": 409697
        },
        "2005-07": {
            "month": "2005-07",
            "price": "16.98",
            "revenue": 511874
        },
        "2005-08": {
            "month": "2005-08",
            "price": "16.31",
            "revenue": 503038
        },
        "2005-09": {
            "month": "2005-09",
            "price": "15.51",
            "revenue": 532546
        },
        "2005-10": {
            "month": "2005-10",
            "price": "16.31",
            "revenue": 613723
        },
        "2005-11": {
            "month": "2005-11",
            "price": "16.61",
            "revenue": 550374
        },
        "2005-12": {
            "month": "2005-12",
            "price": "15.90",
            "revenue": 453801
        },
        "2006-01": {
            "month": "2006-01",
            "price": "15.39",
            "revenue": 363156
        },
        "2006-02": {
            "month": "2006-02",
            "price": "15.38",
            "revenue": 330246
        },
        "2006-03": {
            "month": "2006-03",
            "price": "14.90",
            "revenue": 565517
        },
        "2006-04": {
            "month": "2006-04",
            "price": "15.67",
            "revenue": 426624
        },
        "2006-05": {
            "month": "2006-05",
            "price": "15.99",
            "revenue": 410548
        },
        "2006-06": {
            "month": "2006-06",
            "price": "15.48",
            "revenue": 396004
        },
        "2006-07": {
            "month": "2006-07",
            "price": "14.57",
            "revenue": 432605
        },
        "2006-08": {
            "month": "2006-08",
            "price": "14.01",
            "revenue": 572221
        },
        "2006-09": {
            "month": "2006-09",
            "price": "13.78",
            "revenue": 526747
        },
        "2006-10": {
            "month": "2006-10",
            "price": "14.90",
            "revenue": 516117
        },
        "2006-11": {
            "month": "2006-11",
            "price": "15.59",
            "revenue": 579115
        },
        "2006-12": {
            "month": "2006-12",
            "price": "17.33",
            "revenue": 589072
        },
        "2007-01": {
            "month": "2007-01",
            "price": "21.04",
            "revenue": 541182
        },
        "2007-02": {
            "month": "2007-02",
            "price": "22.89",
            "revenue": 399009
        },
        "2007-03": {
            "month": "2007-03",
            "price": "22.47",
            "revenue": 480013
        },
        "2007-04": {
            "month": "2007-04",
            "price": "21.87",
            "revenue": 449858
        },
        "2007-05": {
            "month": "2007-05",
            "price": "20.96",
            "revenue": 445383
        },
        "2007-06": {
            "month": "2007-06",
            "price": "21.56",
            "revenue": 524409
        },
        "2007-07": {
            "month": "2007-07",
            "price": "23.72",
            "revenue": 497640
        },
        "2007-08": {
            "month": "2007-08",
            "price": "20.84",
            "revenue": 469730
        },
        "2007-09": {
            "month": "2007-09",
            "price": "19.82",
            "revenue": 502090
        },
        "2007-10": {
            "month": "2007-10",
            "price": "19.11",
            "revenue": 512611
        },
        "2007-11": {
            "month": "2007-11",
            "price": "17.30",
            "revenue": 514219
        },
        "2007-12": {
            "month": "2007-12",
            "price": "16.81",
            "revenue": 615910
        },
        "2008-01": {
            "month": "2008-01",
            "price": "16.75",
            "revenue": 433311
        },
        "2008-02": {
            "month": "2008-02",
            "price": "16.51",
            "revenue": 412039
        },
        "2008-03": {
            "month": "2008-03",
            "price": "16.77",
            "revenue": 542209
        },
        "2008-04": {
            "month": "2008-04",
            "price": "17.13",
            "revenue": 532298
        },
        "2008-05": {
            "month": "2008-05",
            "price": "17.10",
            "revenue": 555035
        },
        "2008-06": {
            "month": "2008-06",
            "price": "15.48",
            "revenue": 453719
        },
        "2008-07": {
            "month": "2008-07",
            "price": "11.94",
            "revenue": 614154
        },
        "2008-08": {
            "month": "2008-08",
            "price": "11.45",
            "revenue": 579367
        },
        "2008-09": {
            "month": "2008-09",
            "price": "9.86",
            "revenue": 655315
        },
        "2008-10": {
            "month": "2008-10",
            "price": "8.85",
            "revenue": 693756
        },
        "2008-11": {
            "month": "2008-11",
            "price": "9.18",
            "revenue": 560655
        },
        "2008-12": {
            "month": "2008-12",
            "price": "9.33",
            "revenue": 632422
        },
        "2009-01": {
            "month": "2009-01",
            "price": "9.56",
            "revenue": 452789
        },
        "2009-02": {
            "month": "2009-02",
            "price": "9.97",
            "revenue": 414198
        },
        "2009-03": {
            "month": "2009-03",
            "price": "12.41",
            "revenue": 601754
        },
        "2009-04": {
            "month": "2009-04",
            "price": "14.00",
            "revenue": 542759
        },
        "2009-05": {
            "month": "2009-05",
            "price": "15.40",
            "revenue": 360917
        },
        "2009-06": {
            "month": "2009-06",
            "price": "15.02",
            "revenue": 612582
        },
        "2009-07": {
            "month": "2009-07",
            "price": "15.86",
            "revenue": 481912
        },
        "2009-08": {
            "month": "2009-08",
            "price": "16.47",
            "revenue": 416521
        },
        "2009-09": {
            "month": "2009-09",
            "price": "17.38",
            "revenue": 664609
        },
        "2009-10": {
            "month": "2009-10",
            "price": "19.82",
            "revenue": 559694
        },
        "2009-11": {
            "month": "2009-11",
            "price": "19.80",
            "revenue": 409639
        },
        "2009-12": {
            "month": "2009-12",
            "price": "19.87",
            "revenue": 644209
        },
        "2010-01": {
            "month": "2010-01",
            "price": "20.80",
            "revenue": 496707
        },
        "2010-02": {
            "month": "2010-02",
            "price": "19.66",
            "revenue": 449167
        },
        "2010-03": {
            "month": "2010-03",
            "price": "20.44",
            "revenue": 735459
        },
        "2010-04": {
            "month": "2010-04",
            "price": "20.67",
            "revenue": 639337
        },
        "2010-05": {
            "month": "2010-05",
            "price": "19.73",
            "revenue": 609843
        },
        "2010-06": {
            "month": "2010-06",
            "price": "19.77",
            "revenue": 783566
        },
        "2010-07": {
            "month": "2010-07",
            "price": "20.20",
            "revenue": 1020373
        },
        "2010-08": {
            "month": "2010-08",
            "price": "33.63",
            "revenue": 715630
        },
        "2010-09": {
            "month": "2010-09",
            "price": "40.32",
            "revenue": 795856
        },
        "2010-10": {
            "month": "2010-10",
            "price": "42.75",
            "revenue": 722266
        },
        "2010-11": {
            "month": "2010-11",
            "price": "38.09",
            "revenue": 706901
        },
        "2010-12": {
            "month": "2010-12",
            "price": "40.08",
            "revenue": 773855
        },
        "2011-01": {
            "month": "2011-01",
            "price": "37.00",
            "revenue": 681954
        },
        "2011-02": {
            "month": "2011-02",
            "price": "33.32",
            "revenue": 536172
        },
        "2011-03": {
            "month": "2011-03",
            "price": "35.50",
            "revenue": 955013
        },
        "2011-04": {
            "month": "2011-04",
            "price": "41.62",
            "revenue": 754047
        },
        "2011-05": {
            "month": "2011-05",
            "price": "43.65",
            "revenue": 727352
        },
        "2011-06": {
            "month": "2011-06",
            "price": "44.21",
            "revenue": 884111
        },
        "2011-07": {
            "month": "2011-07",
            "price": "48.86",
            "revenue": 1212040
        },
        "2011-08": {
            "month": "2011-08",
            "price": "48.17",
            "revenue": 958215
        },
        "2011-09": {
            "month": "2011-09",
            "price": "46.09",
            "revenue": 967428
        },
        "2011-10": {
            "month": "2011-10",
            "price": "41.55",
            "revenue": 1367133
        },
        "2011-11": {
            "month": "2011-11",
            "price": "47.05",
            "revenue": 923344
        },
        "2011-12": {
            "month": "2011-12",
            "price": "43.48",
            "revenue": 816577
        },
        "2012-01": {
            "month": "2012-01",
            "price": "47.20",
            "revenue": 903802
        },
        "2012-02": {
            "month": "2012-02",
            "price": "54.43",
            "revenue": 921481
        },
        "2012-03": {
            "month": "2012-03",
            "price": "61.04",
            "revenue": 1074133
        },
        "2012-04": {
            "month": "2012-04",
            "price": "66.95",
            "revenue": 838181
        },
        "2012-05": {
            "month": "2012-05",
            "price": "70.37",
            "revenue": 816196
        },
        "2012-06": {
            "month": "2012-06",
            "price": "67.71",
            "revenue": 1026231
        },
        "2012-07": {
            "month": "2012-07",
            "price": "75.95",
            "revenue": 1353497
        },
        "2012-08": {
            "month": "2012-08",
            "price": "78.11",
            "revenue": 1244623
        },
        "2012-09": {
            "month": "2012-09",
            "price": "78.65",
            "revenue": 924546
        },
        "2012-10": {
            "month": "2012-10",
            "price": "85.07",
            "revenue": 1805453
        },
        "2012-11": {
            "month": "2012-11",
            "price": "94.39",
            "revenue": 1726784
        },
        "2012-12": {
            "month": "2012-12",
            "price": "103.00",
            "revenue": 908191
        },
        "2013-01": {
            "month": "2013-01",
            "price": "114.75",
            "revenue": 1403468
        },
        "2013-02": {
            "month": "2013-02",
            "price": "126.88",
            "revenue": 990472
        },
        "2013-03": {
            "month": "2013-03",
            "price": "126.02",
            "revenue": 1279215
        },
        "2013-04": {
            "month": "2013-04",
            "price": "154.48",
            "revenue": 890253
        },
        "2013-05": {
            "month": "2013-05",
            "price": "193.64",
            "revenue": 1578306
        },
        "2013-06": {
            "month": "2013-06",
            "price": "225.03",
            "revenue": 1662546
        },
        "2013-07": {
            "month": "2013-07",
            "price": "250.65",
            "revenue": 1692569
        },
        "2013-08": {
            "month": "2013-08",
            "price": "253.17",
            "revenue": 1576334
        },
        "2013-09": {
            "month": "2013-09",
            "price": "257.10",
            "revenue": 1689833
        },
        "2013-10": {
            "month": "2013-10",
            "price": "293.43",
            "revenue": 1866636
        },
        "2013-11": {
            "month": "2013-11",
            "price": "348.33",
            "revenue": 1979490
        },
        "2013-12": {
            "month": "2013-12",
            "price": "350.61",
            "revenue": 1532517
        },
        "2014-01": {
            "month": "2014-01",
            "price": "320.22",
            "revenue": 1636188
        },
        "2014-02": {
            "month": "2014-02",
            "price": "359.68",
            "revenue": 1311943
        },
        "2014-03": {
            "month": "2014-03",
            "price": "378.38",
            "revenue": 1530225
        },
        "2014-04": {
            "month": "2014-04",
            "price": "344.12",
            "revenue": 1544009
        },
        "2014-05": {
            "month": "2014-05",
            "price": "310.57",
            "revenue": 1378093
        },
        "2014-06": {
            "month": "2014-06",
            "price": "316.42",
            "revenue": 1964255
        },
        "2014-07": {
            "month": "2014-07",
            "price": "344.36",
            "revenue": 1736234
        },
        "2014-08": {
            "month": "2014-08",
            "price": "271.98",
            "revenue": 2285554
        },
        "2014-09": {
            "month": "2014-09",
            "price": "246.05",
            "revenue": 1674935
        },
        "2014-10": {
            "month": "2014-10",
            "price": "266.64",
            "revenue": 1935276
        },
        "2014-11": {
            "month": "2014-11",
            "price": "292.72",
            "revenue": 2044950
        },
        "2014-12": {
            "month": "2014-12",
            "price": "321.88",
            "revenue": 1804010
        },
        "2015-01": {
            "month": "2015-01",
            "price": "322.32",
            "revenue": 1715940
        },
        "2015-02": {
            "month": "2015-02",
            "price": "333.31",
            "revenue": 1623169
        },
        "2015-03": {
            "month": "2015-03",
            "price": "383.68",
            "revenue": 1590193
        },
        "2015-04": {
            "month": "2015-04",
            "price": "401.85",
            "revenue": 1917486
        },
        "2015-05": {
            "month": "2015-05",
            "price": "429.85",
            "revenue": 2326613
        },
        "2015-06": {
            "month": "2015-06",
            "price": "478.12",
            "revenue": 2254670
        },
        "2015-07": {
            "month": "2015-07",
            "price": "461.64",
            "revenue": 2575310
        },
        "2015-08": {
            "month": "2015-08",
            "price": "474.55",
            "revenue": 2346633
        },
        "2015-09": {
            "month": "2015-09",
            "price": "513.90",
            "revenue": 1928625
        },
        "2015-10": {
            "month": "2015-10",
            "price": "474.52",
            "revenue": 2678773
        },
        "2015-11": {
            "month": "2015-11",
            "price": "449.71",
            "revenue": 2387406
        },
        "2015-12": {
            "month": "2015-12",
            "price": "437.85",
            "revenue": 2179861
        },
        "2016-01": {
            "month": "2016-01",
            "price": "420.10",
            "revenue": 1967104
        },
        "2016-02": {
            "month": "2016-02",
            "price": "443.19",
            "revenue": 1814649
        },
        "2016-03": {
            "month": "2016-03",
            "price": "419.96",
            "revenue": 1808685
        },
        "2016-04": {
            "month": "2016-04",
            "price": "383.03",
            "revenue": 2027647
        },
        "2016-05": {
            "month": "2016-05",
            "price": "316.62",
            "revenue": 1847151
        },
        "2016-06": {
            "month": "2016-06",
            "price": "308.81",
            "revenue": 1954437
        },
        "2016-07": {
            "month": "2016-07",
            "price": "332.82",
            "revenue": 2215663
        },
        "2016-08": {
            "month": "2016-08",
            "price": "381.54",
            "revenue": 1873283
        },
        "2016-09": {
            "month": "2016-09",
            "price": "372.24",
            "revenue": 2171359
        },
        "2016-10": {
            "month": "2016-10",
            "price": "372.45",
            "revenue": 2192801
        },
        "2016-11": {
            "month": "2016-11",
            "price": "321.52",
            "revenue": 2411295
        },
        "2016-12": {
            "month": "2016-12",
            "price": "334.75",
            "revenue": 2240997
        },
        "2017-01": {
            "month": "2017-01",
            "price": "326.56",
            "revenue": 1942609
        },
        "2017-02": {
            "month": "2017-02",
            "price": "300.64",
            "revenue": 1428118
        },
        "2017-03": {
            "month": "2017-03",
            "price": "309.35",
            "revenue": 1774591
        },
        "2017-04": {
            "month": "2017-04",
            "price": "308.44",
            "revenue": 1795213
        },
        "2017-05": {
            "month": "2017-05",
            "price": "318.12",
            "revenue": 1986147
        },
        "2017-06": {
            "month": "2017-06",
            "price": "338.09",
            "revenue": 2160739
        },
        "2017-07": {
            "month": "2017-07",
            "price": "367.83",
            "revenue": 1978862
        },
        "2017-08": {
            "month": "2017-08",
            "price": "370.80",
            "revenue": 2040438
        },
        "2017-09": {
            "month": "2017-09",
            "price": "361.70",
            "revenue": 2083256
        },
        "2017-10": {
            "month": "2017-10",
            "price": "366.39",
            "revenue": 2268685
        },
        "2017-11": {
            "month": "2017-11",
            "price": "301.32",
            "revenue": 2387900
        },
        "2017-12": {
            "month": "2017-12",
            "price": "288.00",
            "revenue": 2379718
        },
        "2018-01": {
            "month": "2018-01",
            "price": "301.30",
            "revenue": 2408736
        },
        "2018-02": {
            "month": "2018-02",
            "price": "299.08",
            "revenue": 1723135
        },
        "2018-03": {
            "month": "2018-03",
            "price": "327.80",
            "revenue": 2450866
        },
        "2018-04": {
            "month": "2018-04",
            "price": "362.67",
            "revenue": 2314978
        },
        "2018-05": {
            "month": "2018-05",
            "price": "366.89",
            "revenue": 2313682
        },
        "2018-06": {
            "month": "2018-06",
            "price": "359.80",
            "revenue": 2297731
        },
        "2018-07": {
            "month": "2018-07",
            "price": "350.95",
            "revenue": 2368209
        },
        "2018-08": {
            "month": "2018-08",
            "price": "372.89",
            "revenue": 1958596
        },
        "2018-09": {
            "month": "2018-09",
            "price": "385.50",
            "revenue": 2185499
        },
        "2018-10": {
            "month": "2018-10",
            "price": "358.55",
            "revenue": 2703462
        },
        "2018-11": {
            "month": "2018-11",
            "price": "382.23",
            "revenue": 2300148
        },
        "2018-12": {
            "month": "2018-12",
            "price": "342.81",
            "revenue": 2556163
        },
        "2019-01": {
            "month": "2019-01",
            "price": "353.67",
            "revenue": 2415301
        },
        "2019-02": {
            "month": "2019-02",
            "price": "350.62",
            "revenue": 1611278
        },
        "2019-03": {
            "month": "2019-03",
            "price": "397.05",
            "revenue": 2218399
        },
        "2019-04": {
            "month": "2019-04",
            "price": "429.35",
            "revenue": 2040691
        },
        "2019-05": {
            "month": "2019-05",
            "price": "411.70",
            "revenue": 2568553
        },
        "2019-06": {
            "month": "2019-06",
            "price": "403.63",
            "revenue": 2329114
        },
        "2019-07": {
            "month": "2019-07",
            "price": "404.48",
            "revenue": 2461906
        },
        "2019-08": {
            "month": "2019-08",
            "price": "384.10",
            "revenue": 2483930
        },
        "2019-09": {
            "month": "2019-09",
            "price": "400.76",
            "revenue": 2255515
        },
        "2019-10": {
            "month": "2019-10",
            "price": "412.69",
            "revenue": 2649809
        },
        "2019-11": {
            "month": "2019-11",
            "price": "397.45",
            "revenue": 2359195
        },
        "2019-12": {
            "month": "2019-12",
            "price": "400.25",
            "revenue": 2743615
        },
        "2020-01": {
            "month": "2020-01",
            "price": "402.50",
            "revenue": 2300958
        },
        "2020-02": {
            "month": "2020-02",
            "price": "375.50",
            "revenue": 1807489
        },
        "2020-03": {
            "month": "2020-03",
            "price": "282.95",
            "revenue": 1904112
        },
        "2020-04": {
            "month": "2020-04",
            "price": "274.28",
            "revenue": 1490917
        },
        "2020-05": {
            "month": "2020-05",
            "price": "287.65",
            "revenue": 2039347
        },
        "2020-06": {
            "month": "2020-06",
            "price": "335.35",
            "revenue": 1918136
        },
        "2020-07": {
            "month": "2020-07",
            "price": "334.13",
            "revenue": 2733446
        },
        "2020-08": {
            "month": "2020-08",
            "price": "377.98",
            "revenue": 2040791
        },
        "2020-09": {
            "month": "2020-09",
            "price": "367.41",
            "revenue": 2614618
        },
        "2020-10": {
            "month": "2020-10",
            "price": "373.42",
            "revenue": 3128881
        },
        "2020-11": {
            "month": "2020-11",
            "price": "407.79",
            "revenue": 2494282
        },
        "2020-12": {
            "month": "2020-12",
            "price": "398.46",
            "revenue": 3702424
        },
        "2021-01": {
            "month": "2021-01",
            "price": "414.10",
            "revenue": 2783179
        },
        "2021-02": {
            "month": "2021-02",
            "price": "423.88",
            "revenue": 2324451
        },
        "2021-03": {
            "month": "2021-03",
            "price": "461.55",
            "revenue": 3111846
        },
        "2021-04": {
            "month": "2021-04",
            "price": "513.95",
            "revenue": 3158046
        },
        "2021-05": {
            "month": "2021-05",
            "price": "605.48",
            "revenue": 3404550
        },
        "2021-06": {
            "month": "2021-06",
            "price": "636.14",
            "revenue": 3224171
        },
        "2021-07": {
            "month": "2021-07",
            "price": "618.64",
            "revenue": 3464533
        },
        "2021-08": {
            "month": "2021-08",
            "price": "566.18",
            "revenue": 2544549
        },
        "2021-09": {
            "month": "2021-09",
            "price": "594.55",
            "revenue": 2049715
        },
        "2021-10": {
            "month": "2021-10",
            "price": "582.35",
            "revenue": 2534825
        },
        "2021-11": {
            "month": "2021-11",
            "price": "622.41",
            "revenue": 3129326
        },
        "2021-12": {
            "month": "2021-12",
            "price": "614.32",
            "revenue": 4187881
        },
        "2022-01": {
            "month": "2022-01",
            "price": "617.94",
            "revenue": 3681106
        },
        "2022-02": {
            "month": "2022-02",
            "price": "591.33",
            "revenue": 2772040
        },
        "2022-03": {
            "month": "2022-03",
            "price": "483.59",
            "revenue": 3724585
        },
        "2022-04": {
            "month": "2022-04",
            "price": "478.05",
            "revenue": 3702605
        },
        "2022-05": {
            "month": "2022-05",
            "price": "483.79",
            "revenue": 3453892
        },
        "2022-06": {
            "month": "2022-06",
            "price": "479.07",
            "revenue": 4058641
        },
        "2022-07": {
            "month": "2022-07",
            "price": "425.60",
            "revenue": 3899629
        },
        "2022-08": {
            "month": "2022-08",
            "price": "443.46",
            "revenue": 3913925
        },
        "2022-09": {
            "month": "2022-09",
            "price": "444.40",
            "revenue": 2899990
        },
        "2022-10": {
            "month": "2022-10",
            "price": "406.90",
            "revenue": 2255613
        },
        "2022-11": {
            "month": "2022-11",
            "price": "439.36",
            "revenue": 2732916
        },
        "2022-12": {
            "month": "2022-12",
            "price": "474.09",
            "revenue": 2639883
        },
        "2023-01": {
            "month": "2023-01",
            "price": "488.35",
            "revenue": 2103889
        },
        "2023-02": {
            "month": "2023-02",
            "price": "493.53",
            "revenue": 2000856
        },
        "2023-03": {
            "month": "2023-03",
            "price": "470.72",
            "revenue": 2391946
        },
        "2023-04": {
            "month": "2023-04",
            "price": "486.94",
            "revenue": 2536523
        },
        "2023-05": {
            "month": "2023-05",
            "price": "480.45",
            "revenue": 2601391
        },
        "2023-06": {
            "month": "2023-06",
            "price": "493.15",
            "revenue": 2683867
        },
        "2023-07": {
            "month": "2023-07",
            "price": "514.57",
            "revenue": 2886521
        },
        "2023-08": {
            "month": "2023-08",
            "price": "506.18",
            "revenue": 2704236
        }
    }
}
