{
    "summary": {
        "stock_name": "聚陽",
        "stock_id": "1477",
        "category": "紡織纖維",
        "main_business": "成衣業<br>服飾品製造業<br>布疋、衣著、鞋、帽、傘、服飾品零售業",
        "website_url": "http://www.makalot.com.tw",
        "ceo": "周心鵬",
        "pe_ratio": 23,
        "report_year_from": 2002,
        "report_year_to": 2023,
        "age": 22,
        "eps_negative_percentage": 0,
        "eps_growth_avg": {
            "last_all": 6.5,
            "last_2y": 12.3,
            "last_4y": 13.09,
            "last_8y": 5.18,
            "last_12y": 7.64,
            "last_16y": 8.62,
            "last_20y": 8.18,
            "at_2006_last_3y": 6.3,
            "at_2007_last_3y": 9.1,
            "at_2008_last_3y": -6.37,
            "at_2009_last_3y": 20.38,
            "at_2010_last_3y": 11.8,
            "at_2011_last_3y": 10.81,
            "at_2012_last_3y": 30.51,
            "at_2013_last_3y": 8.56,
            "at_2014_last_3y": 13.18,
            "at_2015_last_3y": 12.6,
            "at_2016_last_3y": 3.66,
            "at_2017_last_3y": -3.78,
            "at_2018_last_3y": -4.7,
            "at_2019_last_3y": -2.78,
            "at_2020_last_3y": 6.86,
            "at_2021_last_3y": 16.2,
            "at_2022_last_3y": 19.46,
            "at_2023_last_3y": 10.91,
            "at_2024_last_3y": 10.91,
            "at_2006_last_all": -0.72,
            "at_2007_last_all": 2.79,
            "at_2008_last_all": -8.3,
            "at_2009_last_all": 5.23,
            "at_2010_last_all": 4.84,
            "at_2011_last_all": 6,
            "at_2012_last_all": 5.81,
            "at_2013_last_all": 6.34,
            "at_2014_last_all": 7.41,
            "at_2015_last_all": 7.89,
            "at_2016_last_all": 5.24,
            "at_2017_last_all": 3.81,
            "at_2018_last_all": 4.56,
            "at_2019_last_all": 5.52,
            "at_2020_last_all": 5.58,
            "at_2021_last_all": 6.29,
            "at_2022_last_all": 7.4,
            "at_2023_last_all": 6.5,
            "at_2024_last_all": 6.5
        },
        "latest_eps": 15.93,
        "latest_price": 363.5,
        "latest_roe": 25.92,
        "latest_gross_margin": 26.81,
        "latest_equity": 15245469,
        "latest_revenue": 9272068,
        "latest_gross_profit": 2486048,
        "latest_net_income": 1330246,
        "latest_debt_ratio": 37.06,
        "latest_current_ratio": 205.28,
        "latest_account_receivable_turnover_ratio": 3.46,
        "latest_inventory_turnover_ratio": 1.38,
        "latest_reinvestment_rate": 5.6,
        "latest_research_to_sale_ratio": null
    },
    "eps_dividends": {
        "2001": {
            "cash": 0,
            "stock": 2.3,
            "eps": 7.81
        },
        "2002": {
            "cash": 2.2,
            "stock": 2.8,
            "eps": 5.56
        },
        "2003": {
            "cash": 2.8,
            "stock": 2,
            "eps": 6.07
        },
        "2004": {
            "cash": 3.7,
            "stock": 1.5,
            "eps": 5.28
        },
        "2005": {
            "cash": 3.1,
            "stock": 0.5,
            "eps": 4.91
        },
        "2006": {
            "cash": 3.74,
            "stock": 0,
            "eps": 6.68
        },
        "2007": {
            "cash": 4.64,
            "stock": 0.49,
            "eps": 8.04
        },
        "2008": {
            "cash": 6,
            "stock": 0,
            "eps": 2.02
        },
        "2009": {
            "cash": 2,
            "stock": 0,
            "eps": 5.81
        },
        "2010": {
            "cash": 5.17,
            "stock": 0,
            "eps": 5.91
        },
        "2011": {
            "cash": 10.67,
            "stock": 0,
            "eps": 6.88
        },
        "2012": {
            "cash": 0,
            "stock": 0,
            "eps": 7.15
        },
        "2013": {
            "cash": 6.14,
            "stock": 0,
            "eps": 8.02
        },
        "2014": {
            "cash": 7.7,
            "stock": 0,
            "eps": 9.64
        },
        "2015": {
            "cash": 7.7,
            "stock": 0.35,
            "eps": 11
        },
        "2016": {
            "cash": 9.52,
            "stock": 0.35,
            "eps": 7.5
        },
        "2017": {
            "cash": 6.72,
            "stock": 0,
            "eps": 6.18
        },
        "2018": {
            "cash": 6,
            "stock": 0,
            "eps": 7.2
        },
        "2019": {
            "cash": 7.1,
            "stock": 0.5,
            "eps": 8.77
        },
        "2020": {
            "cash": 5,
            "stock": 0,
            "eps": 9.36
        },
        "2021": {
            "cash": 8,
            "stock": 0,
            "eps": 11.21
        },
        "2022": {
            "cash": 9.5,
            "stock": 0,
            "eps": 14.52
        },
        "2023": {
            "cash": 14.5,
            "stock": 0,
            "eps": 12.72
        }
    },
    "dividends": {
        "2001-06-20": {
            "cash": 0,
            "stock": 2.3
        },
        "2002-05-27": {
            "cash": 2.2,
            "stock": 2.8
        },
        "2003-04-17": {
            "cash": 2.8,
            "stock": 2
        },
        "2004-04-08": {
            "cash": 3.7,
            "stock": 1.5
        },
        "2005-04-15": {
            "cash": 3.1,
            "stock": 0.5
        },
        "2006-04-11": {
            "cash": 3.74,
            "stock": 0
        },
        "2007-04-18": {
            "cash": 4.64,
            "stock": 0.49
        },
        "2008-04-08": {
            "cash": 6,
            "stock": 0
        },
        "2009-04-08": {
            "cash": 2,
            "stock": 0
        },
        "2010-04-07": {
            "cash": 5.17,
            "stock": 0
        },
        "2011-01-01": {
            "cash": 6.1,
            "stock": 0
        },
        "2011-04-08": {
            "cash": 4.57,
            "stock": 0
        },
        "2013-03-27": {
            "cash": 6.14,
            "stock": 0
        },
        "2014-08-08": {
            "cash": 7.7,
            "stock": 0
        },
        "2015-08-25": {
            "cash": 7.7,
            "stock": 0.35
        },
        "2016-08-24": {
            "cash": 9.52,
            "stock": 0.35
        },
        "2017-08-16": {
            "cash": 6.72,
            "stock": 0
        },
        "2018-08-15": {
            "cash": 6,
            "stock": 0
        },
        "2019-08-21": {
            "cash": 7.1,
            "stock": 0.5
        },
        "2020-08-05": {
            "cash": 5,
            "stock": 0
        },
        "2021-05-13": {
            "cash": 8,
            "stock": 0
        },
        "2022-05-12": {
            "cash": 9.5,
            "stock": 0
        },
        "2023-03-30": {
            "cash": 14.5,
            "stock": 0
        }
    },
    "prices": {
        "200101": "無",
        "200102": "無",
        "200103": "無",
        "200104": "無",
        "200105": "無",
        "200106": "無",
        "200107": "無",
        "200108": "無",
        "200109": "無",
        "200110": "無",
        "200111": "無",
        "200112": "無",
        "200201": "無",
        "200202": "無",
        "200203": "無",
        "200204": "無",
        "200205": "無",
        "200206": "無",
        "200207": "無",
        "200208": "無",
        "200209": "無",
        "200210": "無",
        "200211": "無",
        "200212": "無",
        "200301": "49.88",
        "200302": "53.34",
        "200303": "55.71",
        "200304": "57.73",
        "200305": "59.36",
        "200306": "67.28",
        "200307": "80.39",
        "200308": "81.88",
        "200309": "70.10",
        "200310": "63.45",
        "200311": "62.75",
        "200312": "62.26",
        "200401": "63.50",
        "200402": "66.42",
        "200403": "65.28",
        "200404": "64.00",
        "200405": "61.64",
        "200406": "59.48",
        "200407": "53.88",
        "200408": "44.16",
        "200409": "43.61",
        "200410": "46.73",
        "200411": "44.89",
        "200412": "43.77",
        "200501": "44.53",
        "200502": "46.02",
        "200503": "44.20",
        "200504": "42.25",
        "200505": "42.28",
        "200506": "43.07",
        "200507": "43.54",
        "200508": "40.32",
        "200509": "40.24",
        "200510": "39.97",
        "200511": "39.75",
        "200512": "42.40",
        "200601": "43.21",
        "200602": "43.75",
        "200603": "44.26",
        "200604": "46.71",
        "200605": "49.52",
        "200606": "49.33",
        "200607": "47.38",
        "200608": "47.62",
        "200609": "48.30",
        "200610": "52.50",
        "200611": "57.69",
        "200612": "64.74",
        "200701": "68.05",
        "200702": "68.12",
        "200703": "72.45",
        "200704": "77.34",
        "200705": "78.67",
        "200706": "89.37",
        "200707": "96.88",
        "200708": "92.74",
        "200709": "92.41",
        "200710": "89.25",
        "200711": "81.06",
        "200712": "72.00",
        "200801": "68.94",
        "200802": "67.27",
        "200803": "65.88",
        "200804": "65.37",
        "200805": "64.70",
        "200806": "60.15",
        "200807": "41.50",
        "200808": "38.40",
        "200809": "30.62",
        "200810": "25.64",
        "200811": "24.02",
        "200812": "22.94",
        "200901": "23.60",
        "200902": "24.07",
        "200903": "30.63",
        "200904": "35.82",
        "200905": "43.62",
        "200906": "47.76",
        "200907": "52.77",
        "200908": "58.70",
        "200909": "60.70",
        "200910": "59.03",
        "200911": "59.06",
        "200912": "59.24",
        "201001": "59.65",
        "201002": "58.95",
        "201003": "68.88",
        "201004": "71.43",
        "201005": "71.08",
        "201006": "74.17",
        "201007": "74.20",
        "201008": "74.78",
        "201009": "74.82",
        "201010": "70.99",
        "201011": "70.64",
        "201012": "69.68",
        "201101": "67.60",
        "201102": "69.03",
        "201103": "68.34",
        "201104": "69.48",
        "201105": "74.61",
        "201106": "76.41",
        "201107": "74.87",
        "201108": "69.38",
        "201109": "66.85",
        "201110": "65.44",
        "201111": "68.79",
        "201112": "68.44",
        "201201": "70.72",
        "201202": "76.46",
        "201203": "82.32",
        "201204": "85.74",
        "201205": "86.10",
        "201206": "84.51",
        "201207": "85.60",
        "201208": "84.94",
        "201209": "84.41",
        "201210": "88.10",
        "201211": "89.71",
        "201212": "88.53",
        "201301": "95.83",
        "201302": "97.70",
        "201303": "104.98",
        "201304": "121.50",
        "201305": "127.91",
        "201306": "142.21",
        "201307": "169.43",
        "201308": "159.17",
        "201309": "151.78",
        "201310": "166.98",
        "201311": "172.52",
        "201312": "158.02",
        "201401": "152.00",
        "201402": "158.76",
        "201403": "166.90",
        "201404": "161.52",
        "201405": "152.98",
        "201406": "155.10",
        "201407": "156.57",
        "201408": "148.62",
        "201409": "150.60",
        "201410": "158.55",
        "201411": "157.50",
        "201412": "161.77",
        "201501": "174.18",
        "201502": "184.31",
        "201503": "209.32",
        "201504": "232.15",
        "201505": "255.72",
        "201506": "267.55",
        "201507": "262.86",
        "201508": "264.07",
        "201509": "274.62",
        "201510": "251.98",
        "201511": "224.48",
        "201512": "226.74",
        "201601": "211.55",
        "201602": "217.85",
        "201603": "198.65",
        "201604": "178.05",
        "201605": "160.81",
        "201606": "152.52",
        "201607": "159.90",
        "201608": "151.15",
        "201609": "148.24",
        "201610": "138.82",
        "201611": "115.41",
        "201612": "124.55",
        "201701": "121.56",
        "201702": "117.86",
        "201703": "126.30",
        "201704": "122.61",
        "201705": "132.80",
        "201706": "140.80",
        "201707": "139.79",
        "201708": "138.72",
        "201709": "135.66",
        "201710": "135.61",
        "201711": "126.86",
        "201712": "122.55",
        "201801": "132.57",
        "201802": "131.19",
        "201803": "134.59",
        "201804": "138.94",
        "201805": "137.75",
        "201806": "135.05",
        "201807": "135.98",
        "201808": "149.24",
        "201809": "152.39",
        "201810": "159.64",
        "201811": "172.11",
        "201812": "166.50",
        "201901": "183.67",
        "201902": "192.88",
        "201903": "202.85",
        "201904": "211.98",
        "201905": "215.18",
        "201906": "207.13",
        "201907": "202.02",
        "201908": "180.19",
        "201909": "175.66",
        "201910": "168.19",
        "201911": "155.55",
        "201912": "155.32",
        "202001": "154.93",
        "202002": "150.66",
        "202003": "121.15",
        "202004": "117.08",
        "202005": "127.78",
        "202006": "157.48",
        "202007": "168.39",
        "202008": "189.05",
        "202009": "184.39",
        "202010": "179.53",
        "202011": "188.98",
        "202012": "189.87",
        "202101": "193.72",
        "202102": "200.77",
        "202103": "222.91",
        "202104": "247.16",
        "202105": "262.00",
        "202106": "268.38",
        "202107": "245.82",
        "202108": "232.70",
        "202109": "247.20",
        "202110": "223.82",
        "202111": "236.16",
        "202112": "245.55",
        "202201": "243.58",
        "202202": "226.33",
        "202203": "204.37",
        "202204": "187.32",
        "202205": "164.07",
        "202206": "160.64",
        "202207": "141.21",
        "202208": "172.02",
        "202209": "195.24",
        "202210": "195.50",
        "202211": "218.23",
        "202212": "238.43",
        "202301": "227.42",
        "202302": "219.56",
        "202303": "222.24",
        "202304": "221.38",
        "202305": "225.45",
        "202306": "251.02",
        "202307": "302.21",
        "202308": "314.86",
        "202309": "330.98",
        "202310": "355.85",
        "202311": "375.82",
        "202312": "348.52"
    },
    "quarters": {
        "20011": {
            "year_quarter": 20011,
            "year": 2001,
            "quarter": 1,
            "eps": 1.75,
            "eps_growth_year": null,
            "eps_4q": null,
            "eps_4q_growth_year": null,
            "roe": 11.23,
            "roe_4q": 11.23,
            "gross_profit": 118068,
            "gross_margin": 10.08,
            "gross_margin_4q_avg": 10.08,
            "net_income": 57847,
            "net_income_4q": null,
            "revenue": 1170842,
            "revenue_4q": null,
            "common_shares": 330000,
            "book_valuer_per_share": 16.51,
            "book_valuer_per_share_4q_avg": 16.51,
            "equity": 544852,
            "current_ratio": 131.28,
            "debt_ratio": 71.01,
            "inventory_turnover_ratio": 1.89,
            "account_receivable_turnover_ratio": null,
            "reinvestment_rate": null,
            "research_to_sale_ratio": null,
            "price_fair": 0,
            "eps_avg_yearly": 0,
            "eps_latest_yearly": 0,
            "eps_growth_yearly": 0
        },
        "20012": {
            "year_quarter": 20012,
            "year": 2001,
            "quarter": 2,
            "eps": 1.95,
            "eps_growth_year": null,
            "eps_4q": null,
            "eps_4q_growth_year": null,
            "roe": 11.06,
            "roe_4q": 22.29,
            "gross_profit": 170144,
            "gross_margin": 14.26,
            "gross_margin_4q_avg": 12.17,
            "net_income": 64212,
            "net_income_4q": null,
            "revenue": 1192997,
            "revenue_4q": null,
            "common_shares": 330000,
            "book_valuer_per_share": 18.68,
            "book_valuer_per_share_4q_avg": 17.6,
            "equity": 616525,
            "current_ratio": 125.7,
            "debt_ratio": 72.57,
            "inventory_turnover_ratio": 1.49,
            "account_receivable_turnover_ratio": null,
            "reinvestment_rate": null,
            "research_to_sale_ratio": null,
            "price_fair": 0,
            "eps_avg_yearly": 0,
            "eps_latest_yearly": 0,
            "eps_growth_yearly": 0
        },
        "20013": {
            "year_quarter": 20013,
            "year": 2001,
            "quarter": 3,
            "eps": 3.26,
            "eps_growth_year": null,
            "eps_4q": null,
            "eps_4q_growth_year": null,
            "roe": 15.98,
            "roe_4q": 38.269999999999996,
            "gross_profit": 363158,
            "gross_margin": 18.27,
            "gross_margin_4q_avg": 14.2,
            "net_income": 144077,
            "net_income_4q": null,
            "revenue": 1988018,
            "revenue_4q": null,
            "common_shares": 618750,
            "book_valuer_per_share": 19.18,
            "book_valuer_per_share_4q_avg": 18.12,
            "equity": 1186880,
            "current_ratio": 177.48,
            "debt_ratio": 49.36,
            "inventory_turnover_ratio": 2.62,
            "account_receivable_turnover_ratio": null,
            "reinvestment_rate": null,
            "research_to_sale_ratio": null,
            "price_fair": 0,
            "eps_avg_yearly": 0,
            "eps_latest_yearly": 0,
            "eps_growth_yearly": 0
        },
        "20014": {
            "year_quarter": 20014,
            "year": 2001,
            "quarter": 4,
            "eps": 0.85,
            "eps_growth_year": null,
            "eps_4q": 6.26,
            "eps_4q_growth_year": null,
            "roe": 3.45,
            "roe_4q": 41.72,
            "gross_profit": 115088,
            "gross_margin": 9.74,
            "gross_margin_4q_avg": 13.09,
            "net_income": 41813,
            "net_income_4q": null,
            "revenue": 1181383,
            "revenue_4q": null,
            "common_shares": 618750,
            "book_valuer_per_share": 19.94,
            "book_valuer_per_share_4q_avg": 18.58,
            "equity": 1236515,
            "current_ratio": 235.68,
            "debt_ratio": 39.85,
            "inventory_turnover_ratio": 2.28,
            "account_receivable_turnover_ratio": null,
            "reinvestment_rate": null,
            "research_to_sale_ratio": null,
            "price_fair": 0,
            "eps_avg_yearly": 0,
            "eps_latest_yearly": 0,
            "eps_growth_yearly": 0
        },
        "20021": {
            "year_quarter": 20021,
            "year": 2002,
            "quarter": 1,
            "eps": 1.96,
            "eps_growth_year": 12,
            "eps_4q": 6.01,
            "eps_4q_growth_year": null,
            "roe": 9.35,
            "roe_4q": 39.84,
            "gross_profit": 201925,
            "gross_margin": 15.11,
            "gross_margin_4q_avg": 14.35,
            "net_income": 121169,
            "net_income_4q": null,
            "revenue": 1336264,
            "revenue_4q": null,
            "common_shares": 618750,
            "book_valuer_per_share": 21.92,
            "book_valuer_per_share_4q_avg": 19.93,
            "equity": 1356099,
            "current_ratio": 240.57,
            "debt_ratio": 36.19,
            "inventory_turnover_ratio": 3.01,
            "account_receivable_turnover_ratio": null,
            "reinvestment_rate": null,
            "research_to_sale_ratio": null,
            "price_fair": 274.4,
            "eps_avg_yearly": 7.84,
            "eps_latest_yearly": 7.84,
            "eps_growth_yearly": 522.35
        },
        "20022": {
            "year_quarter": 20022,
            "year": 2002,
            "quarter": 2,
            "eps": 0.56,
            "eps_growth_year": -71.28,
            "eps_4q": 5.52,
            "eps_4q_growth_year": null,
            "roe": 2.7,
            "roe_4q": 31.48,
            "gross_profit": 90095,
            "gross_margin": 8.46,
            "gross_margin_4q_avg": 12.9,
            "net_income": 34698,
            "net_income_4q": null,
            "revenue": 1065010,
            "revenue_4q": null,
            "common_shares": 618750,
            "book_valuer_per_share": 19.68,
            "book_valuer_per_share_4q_avg": 20.18,
            "equity": 1217532,
            "current_ratio": 154.77,
            "debt_ratio": 50.44,
            "inventory_turnover_ratio": 2,
            "account_receivable_turnover_ratio": null,
            "reinvestment_rate": null,
            "research_to_sale_ratio": null,
            "price_fair": 176.4,
            "eps_avg_yearly": 5.04,
            "eps_latest_yearly": 2.24,
            "eps_growth_yearly": 118.32
        },
        "20023": {
            "year_quarter": 20023,
            "year": 2002,
            "quarter": 3,
            "eps": 1.76,
            "eps_growth_year": -46.01,
            "eps_4q": 4.22,
            "eps_4q_growth_year": null,
            "roe": 10.87,
            "roe_4q": 26.37,
            "gross_profit": 271143,
            "gross_margin": 13.26,
            "gross_margin_4q_avg": 11.64,
            "net_income": 141359,
            "net_income_4q": null,
            "revenue": 2044891,
            "revenue_4q": null,
            "common_shares": 804375,
            "book_valuer_per_share": 17.19,
            "book_valuer_per_share_4q_avg": 19.68,
            "equity": 1382909,
            "current_ratio": 151.88,
            "debt_ratio": 52.54,
            "inventory_turnover_ratio": 2.78,
            "account_receivable_turnover_ratio": null,
            "reinvestment_rate": null,
            "research_to_sale_ratio": null,
            "price_fair": 199.73,
            "eps_avg_yearly": 5.71,
            "eps_latest_yearly": 7.04,
            "eps_growth_yearly": 364.59
        },
        "20024": {
            "year_quarter": 20024,
            "year": 2002,
            "quarter": 4,
            "eps": 1.28,
            "eps_growth_year": 50.59,
            "eps_4q": 4.99,
            "eps_4q_growth_year": -20.35,
            "roe": 7.17,
            "roe_4q": 30.089999999999996,
            "gross_profit": 237408,
            "gross_margin": 14.85,
            "gross_margin_4q_avg": 12.92,
            "net_income": 102647,
            "net_income_4q": null,
            "revenue": 1598438,
            "revenue_4q": null,
            "common_shares": 804375,
            "book_valuer_per_share": 18.43,
            "book_valuer_per_share_4q_avg": 19.31,
            "equity": 1482153,
            "current_ratio": 197.74,
            "debt_ratio": 45.13,
            "inventory_turnover_ratio": 1.85,
            "account_receivable_turnover_ratio": null,
            "reinvestment_rate": null,
            "research_to_sale_ratio": null,
            "price_fair": 194.6,
            "eps_avg_yearly": 5.56,
            "eps_latest_yearly": 5.12,
            "eps_growth_yearly": 246.17
        },
        "20031": {
            "year_quarter": 20031,
            "year": 2003,
            "quarter": 1,
            "eps": 2.03,
            "eps_growth_year": 3.57,
            "eps_4q": 5.5,
            "eps_4q_growth_year": -8.41,
            "roe": 10.43,
            "roe_4q": 31.169999999999998,
            "gross_profit": 347335,
            "gross_margin": 17.11,
            "gross_margin_4q_avg": 13.42,
            "net_income": 163017,
            "net_income_4q": null,
            "revenue": 2029620,
            "revenue_4q": null,
            "common_shares": 804375,
            "book_valuer_per_share": 20.45,
            "book_valuer_per_share_4q_avg": 18.94,
            "equity": 1645102,
            "current_ratio": 193.14,
            "debt_ratio": 40.81,
            "inventory_turnover_ratio": 2.27,
            "account_receivable_turnover_ratio": null,
            "reinvestment_rate": null,
            "research_to_sale_ratio": null,
            "price_fair": 212.52,
            "eps_avg_yearly": 6.07,
            "eps_latest_yearly": 8.12,
            "eps_growth_yearly": 243.81
        },
        "20032": {
            "year_quarter": 20032,
            "year": 2003,
            "quarter": 2,
            "eps": 1.23,
            "eps_growth_year": 119.64,
            "eps_4q": 6.29,
            "eps_4q_growth_year": 13.97,
            "roe": 6.34,
            "roe_4q": 34.809999999999995,
            "gross_profit": 281670,
            "gross_margin": 15.28,
            "gross_margin_4q_avg": 15.13,
            "net_income": 99009,
            "net_income_4q": null,
            "revenue": 1843332,
            "revenue_4q": null,
            "common_shares": 804375,
            "book_valuer_per_share": 18.36,
            "book_valuer_per_share_4q_avg": 18.61,
            "equity": 1476948,
            "current_ratio": 140.69,
            "debt_ratio": 57.44,
            "inventory_turnover_ratio": 1.78,
            "account_receivable_turnover_ratio": null,
            "reinvestment_rate": null,
            "research_to_sale_ratio": null,
            "price_fair": 205.8,
            "eps_avg_yearly": 5.88,
            "eps_latest_yearly": 4.92,
            "eps_growth_yearly": 176.91
        },
        "20033": {
            "year_quarter": 20033,
            "year": 2003,
            "quarter": 3,
            "eps": 1.51,
            "eps_growth_year": -14.2,
            "eps_4q": 5.26,
            "eps_4q_growth_year": 24.6,
            "roe": 9.52,
            "roe_4q": 33.46,
            "gross_profit": 413362,
            "gross_margin": 16.66,
            "gross_margin_4q_avg": 15.98,
            "net_income": 146860,
            "net_income_4q": null,
            "revenue": 2481098,
            "revenue_4q": null,
            "common_shares": 973290,
            "book_valuer_per_share": 16.51,
            "book_valuer_per_share_4q_avg": 18.44,
            "equity": 1607231,
            "current_ratio": 248.46,
            "debt_ratio": 49.43,
            "inventory_turnover_ratio": 2.22,
            "account_receivable_turnover_ratio": null,
            "reinvestment_rate": null,
            "research_to_sale_ratio": null,
            "price_fair": 206.6,
            "eps_avg_yearly": 5.9,
            "eps_latest_yearly": 6.04,
            "eps_growth_yearly": 164.64
        },
        "20034": {
            "year_quarter": 20034,
            "year": 2003,
            "quarter": 4,
            "eps": 1.3,
            "eps_growth_year": 1.56,
            "eps_4q": 5.5,
            "eps_4q_growth_year": 10.3,
            "roe": 7.56,
            "roe_4q": 33.849999999999994,
            "gross_profit": 320145,
            "gross_margin": 16.6,
            "gross_margin_4q_avg": 16.41,
            "net_income": 126561,
            "net_income_4q": null,
            "revenue": 1928644,
            "revenue_4q": null,
            "common_shares": 974113,
            "book_valuer_per_share": 17.88,
            "book_valuer_per_share_4q_avg": 18.3,
            "equity": 1742194,
            "current_ratio": 291.81,
            "debt_ratio": 45.12,
            "inventory_turnover_ratio": 2.22,
            "account_receivable_turnover_ratio": null,
            "reinvestment_rate": null,
            "research_to_sale_ratio": null,
            "price_fair": 203.53,
            "eps_avg_yearly": 5.82,
            "eps_latest_yearly": 5.2,
            "eps_growth_yearly": 137.11
        },
        "20041": {
            "year_quarter": 20041,
            "year": 2004,
            "quarter": 1,
            "eps": 1.25,
            "eps_growth_year": -38.42,
            "eps_4q": 5.03,
            "eps_4q_growth_year": -8.49,
            "roe": 6.73,
            "roe_4q": 30.15,
            "gross_profit": 309943,
            "gross_margin": 16.92,
            "gross_margin_4q_avg": 16.37,
            "net_income": 123046,
            "net_income_4q": null,
            "revenue": 1831270,
            "revenue_4q": null,
            "common_shares": 988796,
            "book_valuer_per_share": 19.37,
            "book_valuer_per_share_4q_avg": 18.03,
            "equity": 1915590,
            "current_ratio": 274.53,
            "debt_ratio": 43.16,
            "inventory_turnover_ratio": 2.19,
            "account_receivable_turnover_ratio": null,
            "reinvestment_rate": null,
            "research_to_sale_ratio": null,
            "price_fair": 200.36,
            "eps_avg_yearly": 5.72,
            "eps_latest_yearly": 5,
            "eps_growth_yearly": 120.16
        },
        "20042": {
            "year_quarter": 20042,
            "year": 2004,
            "quarter": 2,
            "eps": 0.83,
            "eps_growth_year": -32.52,
            "eps_4q": 4.37,
            "eps_4q_growth_year": -30.47,
            "roe": 5.29,
            "roe_4q": 29.099999999999998,
            "gross_profit": 246773,
            "gross_margin": 13.82,
            "gross_margin_4q_avg": 16,
            "net_income": 92935,
            "net_income_4q": null,
            "revenue": 1786032,
            "revenue_4q": null,
            "common_shares": 998754,
            "book_valuer_per_share": 16.01,
            "book_valuer_per_share_4q_avg": 17.44,
            "equity": 1599431,
            "current_ratio": 170.32,
            "debt_ratio": 67.82,
            "inventory_turnover_ratio": 1.51,
            "account_receivable_turnover_ratio": null,
            "reinvestment_rate": null,
            "research_to_sale_ratio": null,
            "price_fair": 191.94,
            "eps_avg_yearly": 5.48,
            "eps_latest_yearly": 3.32,
            "eps_growth_yearly": 94.71
        },
        "20043": {
            "year_quarter": 20043,
            "year": 2004,
            "quarter": 3,
            "eps": 1.8,
            "eps_growth_year": 19.21,
            "eps_4q": 4.82,
            "eps_4q_growth_year": -8.38,
            "roe": 12.04,
            "roe_4q": 31.619999999999997,
            "gross_profit": 598323,
            "gross_margin": 19.45,
            "gross_margin_4q_avg": 16.7,
            "net_income": 204253,
            "net_income_4q": null,
            "revenue": 3076147,
            "revenue_4q": null,
            "common_shares": 1169956,
            "book_valuer_per_share": 15.33,
            "book_valuer_per_share_4q_avg": 17.15,
            "equity": 1794059,
            "current_ratio": 279.73,
            "debt_ratio": 52.39,
            "inventory_turnover_ratio": 2.23,
            "account_receivable_turnover_ratio": null,
            "reinvestment_rate": null,
            "research_to_sale_ratio": null,
            "price_fair": 197.4,
            "eps_avg_yearly": 5.64,
            "eps_latest_yearly": 7.2,
            "eps_growth_yearly": 128.59
        },
        "20044": {
            "year_quarter": 20044,
            "year": 2004,
            "quarter": 4,
            "eps": 1.4,
            "eps_growth_year": 7.69,
            "eps_4q": 5.05,
            "eps_4q_growth_year": -8.2,
            "roe": 8.64,
            "roe_4q": 32.7,
            "gross_profit": 225917,
            "gross_margin": 12.15,
            "gross_margin_4q_avg": 15.59,
            "net_income": 161235,
            "net_income_4q": null,
            "revenue": 1858735,
            "revenue_4q": null,
            "common_shares": 1157103,
            "book_valuer_per_share": 16.73,
            "book_valuer_per_share_4q_avg": 16.86,
            "equity": 1938887,
            "current_ratio": 343.24,
            "debt_ratio": 46.91,
            "inventory_turnover_ratio": 1.93,
            "account_receivable_turnover_ratio": null,
            "reinvestment_rate": 5.13,
            "research_to_sale_ratio": null,
            "price_fair": 197.28,
            "eps_avg_yearly": 5.64,
            "eps_latest_yearly": 5.6,
            "eps_growth_yearly": 110.47
        },
        "20051": {
            "year_quarter": 20051,
            "year": 2005,
            "quarter": 1,
            "eps": 1.15,
            "eps_growth_year": -8,
            "eps_4q": 5.11,
            "eps_4q_growth_year": 1.47,
            "roe": 6.65,
            "roe_4q": 32.62,
            "gross_profit": 378468,
            "gross_margin": 18,
            "gross_margin_4q_avg": 15.86,
            "net_income": 133211,
            "net_income_4q": null,
            "revenue": 2103064,
            "revenue_4q": null,
            "common_shares": 1157530,
            "book_valuer_per_share": 17.85,
            "book_valuer_per_share_4q_avg": 16.48,
            "equity": 2066693,
            "current_ratio": 300.21,
            "debt_ratio": 48.16,
            "inventory_turnover_ratio": 2.33,
            "account_receivable_turnover_ratio": null,
            "reinvestment_rate": -1.3,
            "research_to_sale_ratio": null,
            "price_fair": 194.49,
            "eps_avg_yearly": 5.56,
            "eps_latest_yearly": 4.6,
            "eps_growth_yearly": 96.48
        },
        "20052": {
            "year_quarter": 20052,
            "year": 2005,
            "quarter": 2,
            "eps": 0.84,
            "eps_growth_year": 1.2,
            "eps_4q": 4.96,
            "eps_4q_growth_year": 13.44,
            "roe": 5.31,
            "roe_4q": 32.64,
            "gross_profit": 312109,
            "gross_margin": 13.13,
            "gross_margin_4q_avg": 15.68,
            "net_income": 101723,
            "net_income_4q": null,
            "revenue": 2376413,
            "revenue_4q": null,
            "common_shares": 1158170,
            "book_valuer_per_share": 15.24,
            "book_valuer_per_share_4q_avg": 16.29,
            "equity": 1764730,
            "current_ratio": 134.27,
            "debt_ratio": 63.05,
            "inventory_turnover_ratio": 2.27,
            "account_receivable_turnover_ratio": null,
            "reinvestment_rate": -0.96,
            "research_to_sale_ratio": null,
            "price_fair": 189,
            "eps_avg_yearly": 5.4,
            "eps_latest_yearly": 3.36,
            "eps_growth_yearly": 81.89
        },
        "20053": {
            "year_quarter": 20053,
            "year": 2005,
            "quarter": 3,
            "eps": 1.93,
            "eps_growth_year": 7.22,
            "eps_4q": 5.19,
            "eps_4q_growth_year": 7.77,
            "roe": 12.26,
            "roe_4q": 32.86,
            "gross_profit": 535868,
            "gross_margin": 15.87,
            "gross_margin_4q_avg": 14.79,
            "net_income": 234307,
            "net_income_4q": null,
            "revenue": 3375791,
            "revenue_4q": null,
            "common_shares": 1223154,
            "book_valuer_per_share": 16.83,
            "book_valuer_per_share_4q_avg": 16.66,
            "equity": 2058671,
            "current_ratio": 156.35,
            "debt_ratio": 52.1,
            "inventory_turnover_ratio": 2.47,
            "account_receivable_turnover_ratio": null,
            "reinvestment_rate": -0.99,
            "research_to_sale_ratio": null,
            "price_fair": 194.41,
            "eps_avg_yearly": 5.55,
            "eps_latest_yearly": 7.72,
            "eps_growth_yearly": 111.03
        },
        "20054": {
            "year_quarter": 20054,
            "year": 2005,
            "quarter": 4,
            "eps": 0.99,
            "eps_growth_year": -29.29,
            "eps_4q": 4.84,
            "eps_4q_growth_year": -4.19,
            "roe": 5.69,
            "roe_4q": 29.909999999999997,
            "gross_profit": 389836,
            "gross_margin": 15.53,
            "gross_margin_4q_avg": 15.63,
            "net_income": 120748,
            "net_income_4q": null,
            "revenue": 2510880,
            "revenue_4q": null,
            "common_shares": 1225820,
            "book_valuer_per_share": 17.79,
            "book_valuer_per_share_4q_avg": 16.93,
            "equity": 2185782,
            "current_ratio": 184.99,
            "debt_ratio": 49.71,
            "inventory_turnover_ratio": 1.82,
            "account_receivable_turnover_ratio": null,
            "reinvestment_rate": 9.59,
            "research_to_sale_ratio": null,
            "price_fair": 190.93,
            "eps_avg_yearly": 5.46,
            "eps_latest_yearly": 3.96,
            "eps_growth_yearly": 91.91
        },
        "20061": {
            "year_quarter": 20061,
            "year": 2006,
            "quarter": 1,
            "eps": 1.45,
            "eps_growth_year": 26.09,
            "eps_4q": 5.17,
            "eps_4q_growth_year": 1.3,
            "roe": 7.82,
            "roe_4q": 31.080000000000002,
            "gross_profit": 503602,
            "gross_margin": 18.96,
            "gross_margin_4q_avg": 15.87,
            "net_income": 177862,
            "net_income_4q": null,
            "revenue": 2656287,
            "revenue_4q": null,
            "common_shares": 1230502,
            "book_valuer_per_share": 19.22,
            "book_valuer_per_share_4q_avg": 17.27,
            "equity": 2365166,
            "current_ratio": 165.31,
            "debt_ratio": 47.79,
            "inventory_turnover_ratio": 2.03,
            "account_receivable_turnover_ratio": null,
            "reinvestment_rate": -1.16,
            "research_to_sale_ratio": null,
            "price_fair": 186.46,
            "eps_avg_yearly": 5.33,
            "eps_latest_yearly": 5.8,
            "eps_growth_yearly": 70.88
        },
        "20062": {
            "year_quarter": 20062,
            "year": 2006,
            "quarter": 2,
            "eps": 1.41,
            "eps_growth_year": 67.86,
            "eps_4q": 5.73,
            "eps_4q_growth_year": 15.61,
            "roe": 7.81,
            "roe_4q": 33.58,
            "gross_profit": 485140,
            "gross_margin": 17.2,
            "gross_margin_4q_avg": 16.89,
            "net_income": 173856,
            "net_income_4q": null,
            "revenue": 2820549,
            "revenue_4q": null,
            "common_shares": 1250343,
            "book_valuer_per_share": 16.71,
            "book_valuer_per_share_4q_avg": 17.64,
            "equity": 2089784,
            "current_ratio": 138.71,
            "debt_ratio": 58.46,
            "inventory_turnover_ratio": 2.2,
            "account_receivable_turnover_ratio": null,
            "reinvestment_rate": -1.32,
            "research_to_sale_ratio": null,
            "price_fair": 193.9,
            "eps_avg_yearly": 5.54,
            "eps_latest_yearly": 5.64,
            "eps_growth_yearly": 88.05
        },
        "20063": {
            "year_quarter": 20063,
            "year": 2006,
            "quarter": 3,
            "eps": 1.91,
            "eps_growth_year": -1.04,
            "eps_4q": 5.76,
            "eps_4q_growth_year": 10.94,
            "roe": 10.53,
            "roe_4q": 31.85,
            "gross_profit": 640450,
            "gross_margin": 16.91,
            "gross_margin_4q_avg": 17.15,
            "net_income": 234321,
            "net_income_4q": null,
            "revenue": 3787562,
            "revenue_4q": null,
            "common_shares": 1255205,
            "book_valuer_per_share": 18.81,
            "book_valuer_per_share_4q_avg": 18.13,
            "equity": 2360511,
            "current_ratio": 152.18,
            "debt_ratio": 50.32,
            "inventory_turnover_ratio": 2.75,
            "account_receivable_turnover_ratio": null,
            "reinvestment_rate": -0.97,
            "research_to_sale_ratio": null,
            "price_fair": 195.21,
            "eps_avg_yearly": 5.58,
            "eps_latest_yearly": 7.64,
            "eps_growth_yearly": 43.34
        },
        "20064": {
            "year_quarter": 20064,
            "year": 2006,
            "quarter": 4,
            "eps": 1.91,
            "eps_growth_year": 92.93,
            "eps_4q": 6.68,
            "eps_4q_growth_year": 38.01,
            "roe": 9.06,
            "roe_4q": 35.22,
            "gross_profit": 571003,
            "gross_margin": 17.4,
            "gross_margin_4q_avg": 17.62,
            "net_income": 234870,
            "net_income_4q": null,
            "revenue": 3282497,
            "revenue_4q": null,
            "common_shares": 1315547,
            "book_valuer_per_share": 21.42,
            "book_valuer_per_share_4q_avg": 19.04,
            "equity": 2822021,
            "current_ratio": 201.5,
            "debt_ratio": 44.75,
            "inventory_turnover_ratio": 2.21,
            "account_receivable_turnover_ratio": null,
            "reinvestment_rate": 11.28,
            "research_to_sale_ratio": null,
            "price_fair": 200.73,
            "eps_avg_yearly": 5.74,
            "eps_latest_yearly": 7.64,
            "eps_growth_yearly": 50.16
        },
        "20071": {
            "year_quarter": 20071,
            "year": 2007,
            "quarter": 1,
            "eps": 2.36,
            "eps_growth_year": 62.76,
            "eps_4q": 7.23,
            "eps_4q_growth_year": 39.79,
            "roe": 10.43,
            "roe_4q": 37.830000000000005,
            "gross_profit": 790617,
            "gross_margin": 22.41,
            "gross_margin_4q_avg": 18.48,
            "net_income": 311448,
            "net_income_4q": null,
            "revenue": 3528122,
            "revenue_4q": null,
            "common_shares": 1321003,
            "book_valuer_per_share": 23.83,
            "book_valuer_per_share_4q_avg": 20.19,
            "equity": 3148575,
            "current_ratio": 169.16,
            "debt_ratio": 47.22,
            "inventory_turnover_ratio": 2.5,
            "account_receivable_turnover_ratio": null,
            "reinvestment_rate": -0.73,
            "research_to_sale_ratio": null,
            "price_fair": 203.61,
            "eps_avg_yearly": 5.82,
            "eps_latest_yearly": 9.44,
            "eps_growth_yearly": 41.4
        },
        "20072": {
            "year_quarter": 20072,
            "year": 2007,
            "quarter": 2,
            "eps": 2.04,
            "eps_growth_year": 44.68,
            "eps_4q": 7.67,
            "eps_4q_growth_year": 33.75,
            "roe": 9.51,
            "roe_4q": 39.53,
            "gross_profit": 733196,
            "gross_margin": 22.48,
            "gross_margin_4q_avg": 19.8,
            "net_income": 283033,
            "net_income_4q": null,
            "revenue": 3261841,
            "revenue_4q": null,
            "common_shares": 1346985,
            "book_valuer_per_share": 20.83,
            "book_valuer_per_share_4q_avg": 21.22,
            "equity": 2805941,
            "current_ratio": 146.16,
            "debt_ratio": 52.77,
            "inventory_turnover_ratio": 2.63,
            "account_receivable_turnover_ratio": null,
            "reinvestment_rate": -0.68,
            "research_to_sale_ratio": null,
            "price_fair": 210.7,
            "eps_avg_yearly": 6.02,
            "eps_latest_yearly": 8.16,
            "eps_growth_yearly": 47.87
        },
        "20073": {
            "year_quarter": 20073,
            "year": 2007,
            "quarter": 3,
            "eps": 2.5,
            "eps_growth_year": 30.89,
            "eps_4q": 8.43,
            "eps_4q_growth_year": 46.38,
            "roe": 11.68,
            "roe_4q": 40.68,
            "gross_profit": 915787,
            "gross_margin": 20.18,
            "gross_margin_4q_avg": 20.62,
            "net_income": 349442,
            "net_income_4q": null,
            "revenue": 4537375,
            "revenue_4q": null,
            "common_shares": 1425620,
            "book_valuer_per_share": 22.28,
            "book_valuer_per_share_4q_avg": 22.09,
            "equity": 3175894,
            "current_ratio": 152.13,
            "debt_ratio": 47.34,
            "inventory_turnover_ratio": 3.23,
            "account_receivable_turnover_ratio": null,
            "reinvestment_rate": -0.48,
            "research_to_sale_ratio": null,
            "price_fair": 219.36,
            "eps_avg_yearly": 6.27,
            "eps_latest_yearly": 10,
            "eps_growth_yearly": 47.81
        },
        "20074": {
            "year_quarter": 20074,
            "year": 2007,
            "quarter": 4,
            "eps": 1.14,
            "eps_growth_year": -40.31,
            "eps_4q": 7.88,
            "eps_4q_growth_year": 17.98,
            "roe": 4.86,
            "roe_4q": 36.48,
            "gross_profit": 358423,
            "gross_margin": 10.58,
            "gross_margin_4q_avg": 18.91,
            "net_income": 159741,
            "net_income_4q": null,
            "revenue": 3389157,
            "revenue_4q": null,
            "common_shares": 1432755,
            "book_valuer_per_share": 23.65,
            "book_valuer_per_share_4q_avg": 22.65,
            "equity": 3393529,
            "current_ratio": 186.93,
            "debt_ratio": 42.17,
            "inventory_turnover_ratio": 2.35,
            "account_receivable_turnover_ratio": null,
            "reinvestment_rate": 33.98,
            "research_to_sale_ratio": null,
            "price_fair": 217.96,
            "eps_avg_yearly": 6.23,
            "eps_latest_yearly": 4.56,
            "eps_growth_yearly": 37.69
        },
        "20081": {
            "year_quarter": 20081,
            "year": 2008,
            "quarter": 1,
            "eps": 0.9,
            "eps_growth_year": -61.86,
            "eps_4q": 6.5,
            "eps_4q_growth_year": -10.16,
            "roe": 3.7,
            "roe_4q": 29.75,
            "gross_profit": 581571,
            "gross_margin": 18.45,
            "gross_margin_4q_avg": 17.92,
            "net_income": 127504,
            "net_income_4q": null,
            "revenue": 3152426,
            "revenue_4q": null,
            "common_shares": 1460780,
            "book_valuer_per_share": 23.89,
            "book_valuer_per_share_4q_avg": 22.66,
            "equity": 3497013,
            "current_ratio": 200.53,
            "debt_ratio": 40.44,
            "inventory_turnover_ratio": 1.86,
            "account_receivable_turnover_ratio": null,
            "reinvestment_rate": 31.05,
            "research_to_sale_ratio": null,
            "price_fair": 214.9,
            "eps_avg_yearly": 6.14,
            "eps_latest_yearly": 3.6,
            "eps_growth_yearly": 33.39
        },
        "20082": {
            "year_quarter": 20082,
            "year": 2008,
            "quarter": 2,
            "eps": 0.83,
            "eps_growth_year": -59.31,
            "eps_4q": 5.2,
            "eps_4q_growth_year": -32.13,
            "roe": 3.92,
            "roe_4q": 24.16,
            "gross_profit": 548337,
            "gross_margin": 17.74,
            "gross_margin_4q_avg": 16.74,
            "net_income": 120822,
            "net_income_4q": null,
            "revenue": 3091707,
            "revenue_4q": null,
            "common_shares": 1467762,
            "book_valuer_per_share": 18.08,
            "book_valuer_per_share_4q_avg": 21.98,
            "equity": 2662685,
            "current_ratio": 141.84,
            "debt_ratio": 54.47,
            "inventory_turnover_ratio": 1.87,
            "account_receivable_turnover_ratio": null,
            "reinvestment_rate": 36.97,
            "research_to_sale_ratio": null,
            "price_fair": 214.9,
            "eps_avg_yearly": 6.14,
            "eps_latest_yearly": 3.32,
            "eps_growth_yearly": 39.84
        },
        "20083": {
            "year_quarter": 20083,
            "year": 2008,
            "quarter": 3,
            "eps": 1.08,
            "eps_growth_year": -56.8,
            "eps_4q": 3.86,
            "eps_4q_growth_year": -54.26,
            "roe": 5.58,
            "roe_4q": 18.06,
            "gross_profit": 641915,
            "gross_margin": 15.76,
            "gross_margin_4q_avg": 15.63,
            "net_income": 158347,
            "net_income_4q": null,
            "revenue": 4072713,
            "revenue_4q": null,
            "common_shares": 1513473,
            "book_valuer_per_share": 19.86,
            "book_valuer_per_share_4q_avg": 21.37,
            "equity": 3014843,
            "current_ratio": 156.04,
            "debt_ratio": 47.04,
            "inventory_turnover_ratio": 2.59,
            "account_receivable_turnover_ratio": null,
            "reinvestment_rate": 42.93,
            "research_to_sale_ratio": null,
            "price_fair": 167.82,
            "eps_avg_yearly": 5.96,
            "eps_latest_yearly": 4.32,
            "eps_growth_yearly": 18.16
        },
        "20084": {
            "year_quarter": 20084,
            "year": 2008,
            "quarter": 4,
            "eps": -0.79,
            "eps_growth_year": -169.3,
            "eps_4q": 1.96,
            "eps_4q_growth_year": -75.18,
            "roe": -3.89,
            "roe_4q": 9.309999999999999,
            "gross_profit": 357843,
            "gross_margin": 12.48,
            "gross_margin_4q_avg": 16.11,
            "net_income": -116132,
            "net_income_4q": null,
            "revenue": 2868351,
            "revenue_4q": null,
            "common_shares": 1513473,
            "book_valuer_per_share": 19.44,
            "book_valuer_per_share_4q_avg": 20.32,
            "equity": 2951367,
            "current_ratio": 192.81,
            "debt_ratio": 36.43,
            "inventory_turnover_ratio": 2.07,
            "account_receivable_turnover_ratio": 13.36,
            "reinvestment_rate": 37.12,
            "research_to_sale_ratio": null,
            "price_fair": 209.44,
            "eps_avg_yearly": 5.98,
            "eps_latest_yearly": 4.32,
            "eps_growth_yearly": 25.29
        },
        "20091": {
            "year_quarter": 20091,
            "year": 2009,
            "quarter": 1,
            "eps": 1.29,
            "eps_growth_year": 43.33,
            "eps_4q": 2.35,
            "eps_4q_growth_year": -63.83,
            "roe": 6.36,
            "roe_4q": 11.97,
            "gross_profit": 616388,
            "gross_margin": 22.18,
            "gross_margin_4q_avg": 17.04,
            "net_income": 195880,
            "net_income_4q": null,
            "revenue": 2779370,
            "revenue_4q": null,
            "common_shares": 1515895,
            "book_valuer_per_share": 21.15,
            "book_valuer_per_share_4q_avg": 19.63,
            "equity": 3212643,
            "current_ratio": 185.23,
            "debt_ratio": 39.28,
            "inventory_turnover_ratio": 1.86,
            "account_receivable_turnover_ratio": 8.12,
            "reinvestment_rate": 38.66,
            "research_to_sale_ratio": null,
            "price_fair": 212.9,
            "eps_avg_yearly": 6.08,
            "eps_latest_yearly": 4.32,
            "eps_growth_yearly": 32.2
        },
        "20092": {
            "year_quarter": 20092,
            "year": 2009,
            "quarter": 2,
            "eps": 1.37,
            "eps_growth_year": 65.06,
            "eps_4q": 2.95,
            "eps_4q_growth_year": -43.39,
            "roe": 6.54,
            "roe_4q": 14.59,
            "gross_profit": 672698,
            "gross_margin": 22.89,
            "gross_margin_4q_avg": 18.33,
            "net_income": 206493,
            "net_income_4q": null,
            "revenue": 2938337,
            "revenue_4q": null,
            "common_shares": 1517106,
            "book_valuer_per_share": 20.43,
            "book_valuer_per_share_4q_avg": 20.22,
            "equity": 3105060,
            "current_ratio": 197.01,
            "debt_ratio": 49.11,
            "inventory_turnover_ratio": 1.81,
            "account_receivable_turnover_ratio": 9.31,
            "reinvestment_rate": 35.58,
            "research_to_sale_ratio": null,
            "price_fair": 218.2,
            "eps_avg_yearly": 6.23,
            "eps_latest_yearly": 5.48,
            "eps_growth_yearly": 41.68
        },
        "20093": {
            "year_quarter": 20093,
            "year": 2009,
            "quarter": 3,
            "eps": 1.6,
            "eps_growth_year": 48.15,
            "eps_4q": 3.48,
            "eps_4q_growth_year": -9.7,
            "roe": 7.52,
            "roe_4q": 16.529999999999998,
            "gross_profit": 822502,
            "gross_margin": 20.29,
            "gross_margin_4q_avg": 19.46,
            "net_income": 243055,
            "net_income_4q": null,
            "revenue": 4054301,
            "revenue_4q": null,
            "common_shares": 1528088,
            "book_valuer_per_share": 21.92,
            "book_valuer_per_share_4q_avg": 20.74,
            "equity": 3355807,
            "current_ratio": 201.93,
            "debt_ratio": 47.52,
            "inventory_turnover_ratio": 2.24,
            "account_receivable_turnover_ratio": 10.46,
            "reinvestment_rate": 33.14,
            "research_to_sale_ratio": null,
            "price_fair": 119.1,
            "eps_avg_yearly": 6.14,
            "eps_latest_yearly": 6.4,
            "eps_growth_yearly": 9.4
        },
        "20094": {
            "year_quarter": 20094,
            "year": 2009,
            "quarter": 4,
            "eps": 1.55,
            "eps_growth_year": null,
            "eps_4q": 5.74,
            "eps_4q_growth_year": 193.77,
            "roe": 6.75,
            "roe_4q": 27.169999999999998,
            "gross_profit": 771621,
            "gross_margin": 21.8,
            "gross_margin_4q_avg": 21.79,
            "net_income": 235220,
            "net_income_4q": null,
            "revenue": 3538923,
            "revenue_4q": null,
            "common_shares": 1533579,
            "book_valuer_per_share": 23.51,
            "book_valuer_per_share_4q_avg": 21.75,
            "equity": 3611048,
            "current_ratio": 228.1,
            "debt_ratio": 43.1,
            "inventory_turnover_ratio": 1.95,
            "account_receivable_turnover_ratio": 6.95,
            "reinvestment_rate": 64.08,
            "research_to_sale_ratio": null,
            "price_fair": 204.25,
            "eps_avg_yearly": 6.3,
            "eps_latest_yearly": 6.2,
            "eps_growth_yearly": 22.42
        },
        "20101": {
            "year_quarter": 20101,
            "year": 2010,
            "quarter": 1,
            "eps": 1.91,
            "eps_growth_year": 48.06,
            "eps_4q": 6.34,
            "eps_4q_growth_year": 169.63,
            "roe": 7.73,
            "roe_4q": 28.54,
            "gross_profit": 786564,
            "gross_margin": 23.73,
            "gross_margin_4q_avg": 22.18,
            "net_income": 291266,
            "net_income_4q": null,
            "revenue": 3315203,
            "revenue_4q": null,
            "common_shares": 1541592,
            "book_valuer_per_share": 25.42,
            "book_valuer_per_share_4q_avg": 22.82,
            "equity": 3923456,
            "current_ratio": 252.18,
            "debt_ratio": 39.5,
            "inventory_turnover_ratio": 1.99,
            "account_receivable_turnover_ratio": 5.89,
            "reinvestment_rate": 69.28,
            "research_to_sale_ratio": null,
            "price_fair": 165.81,
            "eps_avg_yearly": 6.43,
            "eps_latest_yearly": 7.64,
            "eps_growth_yearly": 15.78
        },
        "20102": {
            "year_quarter": 20102,
            "year": 2010,
            "quarter": 2,
            "eps": 1.49,
            "eps_growth_year": 8.65,
            "eps_4q": 6.45,
            "eps_4q_growth_year": 119.09,
            "roe": 6.29,
            "roe_4q": 28.29,
            "gross_profit": 634178,
            "gross_margin": 21.54,
            "gross_margin_4q_avg": 21.84,
            "net_income": 230880,
            "net_income_4q": null,
            "revenue": 2944275,
            "revenue_4q": null,
            "common_shares": 1550543,
            "book_valuer_per_share": 22,
            "book_valuer_per_share_4q_avg": 23.21,
            "equity": 3416284,
            "current_ratio": 158.75,
            "debt_ratio": 54.09,
            "inventory_turnover_ratio": 1.37,
            "account_receivable_turnover_ratio": 21.29,
            "reinvestment_rate": 70.44,
            "research_to_sale_ratio": null,
            "price_fair": 130.93,
            "eps_avg_yearly": 6.45,
            "eps_latest_yearly": 5.96,
            "eps_growth_yearly": 10.29
        },
        "20103": {
            "year_quarter": 20103,
            "year": 2010,
            "quarter": 3,
            "eps": 2,
            "eps_growth_year": 24.97,
            "eps_4q": 6.8,
            "eps_4q_growth_year": 95.27,
            "roe": 8.77,
            "roe_4q": 29.54,
            "gross_profit": 814494,
            "gross_margin": 18.48,
            "gross_margin_4q_avg": 21.39,
            "net_income": 316173,
            "net_income_4q": null,
            "revenue": 4407730,
            "revenue_4q": null,
            "common_shares": 1578264,
            "book_valuer_per_share": 23.99,
            "book_valuer_per_share_4q_avg": 23.73,
            "equity": 3792524,
            "current_ratio": 182.98,
            "debt_ratio": 45.64,
            "inventory_turnover_ratio": 1.67,
            "account_receivable_turnover_ratio": 22.33,
            "reinvestment_rate": 67.72,
            "research_to_sale_ratio": null,
            "price_fair": 129.17,
            "eps_avg_yearly": 6.48,
            "eps_latest_yearly": 8,
            "eps_growth_yearly": 9.93
        },
        "20104": {
            "year_quarter": 20104,
            "year": 2010,
            "quarter": 4,
            "eps": 0.51,
            "eps_growth_year": -67.3,
            "eps_4q": 5.78,
            "eps_4q_growth_year": 0.68,
            "roe": 2.09,
            "roe_4q": 24.88,
            "gross_profit": 604618,
            "gross_margin": 17.43,
            "gross_margin_4q_avg": 20.3,
            "net_income": 79331,
            "net_income_4q": null,
            "revenue": 3468212,
            "revenue_4q": null,
            "common_shares": 1587376,
            "book_valuer_per_share": 23.87,
            "book_valuer_per_share_4q_avg": 23.82,
            "equity": 3794515,
            "current_ratio": 210.74,
            "debt_ratio": 40.45,
            "inventory_turnover_ratio": 1.38,
            "account_receivable_turnover_ratio": 20.92,
            "reinvestment_rate": 48.83,
            "research_to_sale_ratio": null,
            "price_fair": 18.24,
            "eps_avg_yearly": 6.08,
            "eps_latest_yearly": 2.04,
            "eps_growth_yearly": -11.35
        },
        "20111": {
            "year_quarter": 20111,
            "year": 2011,
            "quarter": 1,
            "eps": 1.73,
            "eps_growth_year": -9.42,
            "eps_4q": 5.65,
            "eps_4q_growth_year": -10.81,
            "roe": 6.98,
            "roe_4q": 24.13,
            "gross_profit": 755128,
            "gross_margin": 21.1,
            "gross_margin_4q_avg": 19.64,
            "net_income": 276511,
            "net_income_4q": null,
            "revenue": 3579198,
            "revenue_4q": null,
            "common_shares": 1596609,
            "book_valuer_per_share": 25.82,
            "book_valuer_per_share_4q_avg": 23.92,
            "equity": 4127654,
            "current_ratio": 232.24,
            "debt_ratio": 36.94,
            "inventory_turnover_ratio": 1.44,
            "account_receivable_turnover_ratio": 19.97,
            "reinvestment_rate": 65.34,
            "research_to_sale_ratio": null,
            "price_fair": 206.5,
            "eps_avg_yearly": 5.9,
            "eps_latest_yearly": 6.92,
            "eps_growth_yearly": 50.26
        },
        "20112": {
            "year_quarter": 20112,
            "year": 2011,
            "quarter": 2,
            "eps": 1.35,
            "eps_growth_year": -9.01,
            "eps_4q": 5.53,
            "eps_4q_growth_year": -14.27,
            "roe": 5.62,
            "roe_4q": 23.46,
            "gross_profit": 652823,
            "gross_margin": 20.14,
            "gross_margin_4q_avg": 19.29,
            "net_income": 217669,
            "net_income_4q": null,
            "revenue": 3240942,
            "revenue_4q": null,
            "common_shares": 1607136,
            "book_valuer_per_share": 22.51,
            "book_valuer_per_share_4q_avg": 24.05,
            "equity": 3624520,
            "current_ratio": 169.69,
            "debt_ratio": 51.13,
            "inventory_turnover_ratio": 1.16,
            "account_receivable_turnover_ratio": 13.98,
            "reinvestment_rate": 63.57,
            "research_to_sale_ratio": null,
            "price_fair": 199.6,
            "eps_avg_yearly": 5.7,
            "eps_latest_yearly": 5.4,
            "eps_growth_yearly": 47.86
        },
        "20113": {
            "year_quarter": 20113,
            "year": 2011,
            "quarter": 3,
            "eps": 2.11,
            "eps_growth_year": 5.64,
            "eps_4q": 5.65,
            "eps_4q_growth_year": -16.94,
            "roe": 8.8,
            "roe_4q": 23.490000000000002,
            "gross_profit": 865213,
            "gross_margin": 20.84,
            "gross_margin_4q_avg": 19.88,
            "net_income": 342074,
            "net_income_4q": null,
            "revenue": 4151205,
            "revenue_4q": null,
            "common_shares": 1621703,
            "book_valuer_per_share": 25.53,
            "book_valuer_per_share_4q_avg": 24.43,
            "equity": 4146633,
            "current_ratio": 196.44,
            "debt_ratio": 43.58,
            "inventory_turnover_ratio": 1.3,
            "account_receivable_turnover_ratio": 11.64,
            "reinvestment_rate": 28.47,
            "research_to_sale_ratio": null,
            "price_fair": 195.7,
            "eps_avg_yearly": 5.59,
            "eps_latest_yearly": 8.44,
            "eps_growth_yearly": 57.5
        },
        "20114": {
            "year_quarter": 20114,
            "year": 2011,
            "quarter": 4,
            "eps": 1.69,
            "eps_growth_year": 233.41,
            "eps_4q": 6.83,
            "eps_4q_growth_year": 18.02,
            "roe": 6.45,
            "roe_4q": 27.85,
            "gross_profit": 884117,
            "gross_margin": 21.29,
            "gross_margin_4q_avg": 20.84,
            "net_income": 276071,
            "net_income_4q": null,
            "revenue": 4152046,
            "revenue_4q": null,
            "common_shares": 1627289,
            "book_valuer_per_share": 27.1,
            "book_valuer_per_share_4q_avg": 25.24,
            "equity": 4416848,
            "current_ratio": 209.48,
            "debt_ratio": 41.22,
            "inventory_turnover_ratio": 1.38,
            "account_receivable_turnover_ratio": 11.72,
            "reinvestment_rate": -5.94,
            "research_to_sale_ratio": null,
            "price_fair": 201.2,
            "eps_avg_yearly": 5.75,
            "eps_latest_yearly": 6.76,
            "eps_growth_yearly": 67.36
        },
        "20121": {
            "year_quarter": 20121,
            "year": 2012,
            "quarter": 1,
            "eps": 2.24,
            "eps_growth_year": 29.48,
            "eps_4q": 7.37,
            "eps_4q_growth_year": 30.35,
            "roe": 8.01,
            "roe_4q": 28.880000000000003,
            "gross_profit": 906738,
            "gross_margin": 23.05,
            "gross_margin_4q_avg": 21.33,
            "net_income": 366729,
            "net_income_4q": null,
            "revenue": 3933540,
            "revenue_4q": null,
            "common_shares": 1629866,
            "book_valuer_per_share": 29.04,
            "book_valuer_per_share_4q_avg": 26.05,
            "equity": 4741294,
            "current_ratio": 244.51,
            "debt_ratio": 35.61,
            "inventory_turnover_ratio": 1.57,
            "account_receivable_turnover_ratio": 13.88,
            "reinvestment_rate": -3.07,
            "research_to_sale_ratio": null,
            "price_fair": 214.6,
            "eps_avg_yearly": 6.13,
            "eps_latest_yearly": 8.96,
            "eps_growth_yearly": 82.67
        },
        "20122": {
            "year_quarter": 20122,
            "year": 2012,
            "quarter": 2,
            "eps": 1.66,
            "eps_growth_year": 22.6,
            "eps_4q": 7.65,
            "eps_4q_growth_year": 38.2,
            "roe": 6.16,
            "roe_4q": 29.42,
            "gross_profit": 776711,
            "gross_margin": 21.93,
            "gross_margin_4q_avg": 21.78,
            "net_income": 272089,
            "net_income_4q": null,
            "revenue": 3541039,
            "revenue_4q": null,
            "common_shares": 1642315,
            "book_valuer_per_share": 24.85,
            "book_valuer_per_share_4q_avg": 26.63,
            "equity": 4088271,
            "current_ratio": 166.52,
            "debt_ratio": 53.13,
            "inventory_turnover_ratio": 1.5,
            "account_receivable_turnover_ratio": 11.68,
            "reinvestment_rate": -7.52,
            "research_to_sale_ratio": null,
            "price_fair": 222.9,
            "eps_avg_yearly": 6.37,
            "eps_latest_yearly": 6.64,
            "eps_growth_yearly": 77.5
        },
        "20123": {
            "year_quarter": 20123,
            "year": 2012,
            "quarter": 3,
            "eps": 2.01,
            "eps_growth_year": -4.65,
            "eps_4q": 7.55,
            "eps_4q_growth_year": 33.57,
            "roe": 7.76,
            "roe_4q": 28.38,
            "gross_profit": 859764,
            "gross_margin": 18.66,
            "gross_margin_4q_avg": 21.23,
            "net_income": 331827,
            "net_income_4q": null,
            "revenue": 4606802,
            "revenue_4q": null,
            "common_shares": 1650721,
            "book_valuer_per_share": 26.99,
            "book_valuer_per_share_4q_avg": 27,
            "equity": 4462774,
            "current_ratio": 251.23,
            "debt_ratio": 43.37,
            "inventory_turnover_ratio": 1.78,
            "account_receivable_turnover_ratio": 25.68,
            "reinvestment_rate": -11.58,
            "research_to_sale_ratio": null,
            "price_fair": 232.2,
            "eps_avg_yearly": 6.63,
            "eps_latest_yearly": 8.04,
            "eps_growth_yearly": 74.92
        },
        "20124": {
            "year_quarter": 20124,
            "year": 2012,
            "quarter": 4,
            "eps": 1.24,
            "eps_growth_year": -26.81,
            "eps_4q": 7.1,
            "eps_4q_growth_year": 4.07,
            "roe": 4.51,
            "roe_4q": 26.439999999999998,
            "gross_profit": 612026,
            "gross_margin": 16.17,
            "gross_margin_4q_avg": 19.95,
            "net_income": 205946,
            "net_income_4q": null,
            "revenue": 3785478,
            "revenue_4q": null,
            "common_shares": 1654547,
            "book_valuer_per_share": 28.19,
            "book_valuer_per_share_4q_avg": 27.27,
            "equity": 4676871,
            "current_ratio": 253.58,
            "debt_ratio": 42.78,
            "inventory_turnover_ratio": 1.42,
            "account_receivable_turnover_ratio": 16.29,
            "reinvestment_rate": -4.8,
            "research_to_sale_ratio": null,
            "price_fair": 228.29,
            "eps_avg_yearly": 6.52,
            "eps_latest_yearly": 4.96,
            "eps_growth_yearly": 59.71
        },
        "20131": {
            "year_quarter": 20131,
            "year": 2013,
            "quarter": 1,
            "eps": 2.33,
            "eps_growth_year": 4.02,
            "eps_4q": 7.2,
            "eps_4q_growth_year": -2.29,
            "roe": 7.84,
            "roe_4q": 26.27,
            "gross_profit": 895060,
            "gross_margin": 20.83,
            "gross_margin_4q_avg": 19.4,
            "net_income": 386318,
            "net_income_4q": null,
            "revenue": 4297620,
            "revenue_4q": null,
            "common_shares": 1661188,
            "book_valuer_per_share": 31.03,
            "book_valuer_per_share_4q_avg": 27.77,
            "equity": 5184115,
            "current_ratio": 304.41,
            "debt_ratio": 36.36,
            "inventory_turnover_ratio": 1.62,
            "account_receivable_turnover_ratio": 15.23,
            "reinvestment_rate": -3.26,
            "research_to_sale_ratio": null,
            "price_fair": 234.41,
            "eps_avg_yearly": 6.7,
            "eps_latest_yearly": 9.32,
            "eps_growth_yearly": 77.95
        },
        "20132": {
            "year_quarter": 20132,
            "year": 2013,
            "quarter": 2,
            "eps": 1.76,
            "eps_growth_year": 6,
            "eps_4q": 7.25,
            "eps_4q_growth_year": -5.11,
            "roe": 6,
            "roe_4q": 26.11,
            "gross_profit": 821046,
            "gross_margin": 19.92,
            "gross_margin_4q_avg": 18.9,
            "net_income": 293150,
            "net_income_4q": null,
            "revenue": 4122757,
            "revenue_4q": null,
            "common_shares": 1675976,
            "book_valuer_per_share": 27.18,
            "book_valuer_per_share_4q_avg": 28.35,
            "equity": 4586448,
            "current_ratio": 190.05,
            "debt_ratio": 51.38,
            "inventory_turnover_ratio": 1.46,
            "account_receivable_turnover_ratio": 16.94,
            "reinvestment_rate": 0.9,
            "research_to_sale_ratio": null,
            "price_fair": 237.83,
            "eps_avg_yearly": 6.8,
            "eps_latest_yearly": 7.04,
            "eps_growth_yearly": 70.28
        },
        "20133": {
            "year_quarter": 20133,
            "year": 2013,
            "quarter": 3,
            "eps": 2.19,
            "eps_growth_year": 8.73,
            "eps_4q": 7.42,
            "eps_4q_growth_year": -1.62,
            "roe": 7.7,
            "roe_4q": 26.049999999999997,
            "gross_profit": 994906,
            "gross_margin": 19.25,
            "gross_margin_4q_avg": 19.04,
            "net_income": 367900,
            "net_income_4q": null,
            "revenue": 5167258,
            "revenue_4q": null,
            "common_shares": 1684782,
            "book_valuer_per_share": 29.32,
            "book_valuer_per_share_4q_avg": 28.93,
            "equity": 4970267,
            "current_ratio": 251.95,
            "debt_ratio": 40.02,
            "inventory_turnover_ratio": 1.65,
            "account_receivable_turnover_ratio": 18.25,
            "reinvestment_rate": 2.64,
            "research_to_sale_ratio": null,
            "price_fair": 242.99,
            "eps_avg_yearly": 6.94,
            "eps_latest_yearly": 8.76,
            "eps_growth_yearly": 72.19
        },
        "20134": {
            "year_quarter": 20134,
            "year": 2013,
            "quarter": 4,
            "eps": 1.74,
            "eps_growth_year": 41.07,
            "eps_4q": 7.93,
            "eps_4q_growth_year": 11.66,
            "roe": 5.73,
            "roe_4q": 27.27,
            "gross_profit": 856325,
            "gross_margin": 19.81,
            "gross_margin_4q_avg": 19.95,
            "net_income": 294886,
            "net_income_4q": null,
            "revenue": 4323300,
            "revenue_4q": null,
            "common_shares": 1690722,
            "book_valuer_per_share": 31.34,
            "book_valuer_per_share_4q_avg": 29.72,
            "equity": 5330116,
            "current_ratio": 184.41,
            "debt_ratio": 47.2,
            "inventory_turnover_ratio": 1.32,
            "account_receivable_turnover_ratio": 14.79,
            "reinvestment_rate": 42.8,
            "research_to_sale_ratio": null,
            "price_fair": 244.65,
            "eps_avg_yearly": 6.99,
            "eps_latest_yearly": 6.96,
            "eps_growth_yearly": 67.84
        },
        "20141": {
            "year_quarter": 20141,
            "year": 2014,
            "quarter": 1,
            "eps": 2.89,
            "eps_growth_year": 24.03,
            "eps_4q": 8.51,
            "eps_4q_growth_year": 18.26,
            "roe": 8.7,
            "roe_4q": 28.13,
            "gross_profit": 1259489,
            "gross_margin": 24.16,
            "gross_margin_4q_avg": 20.79,
            "net_income": 488768,
            "net_income_4q": null,
            "revenue": 5213181,
            "revenue_4q": null,
            "common_shares": 1696996,
            "book_valuer_per_share": 34.6,
            "book_valuer_per_share_4q_avg": 30.61,
            "equity": 5902355,
            "current_ratio": 143.13,
            "debt_ratio": 44.73,
            "inventory_turnover_ratio": 1.61,
            "account_receivable_turnover_ratio": 13.98,
            "reinvestment_rate": 42.24,
            "research_to_sale_ratio": null,
            "price_fair": 253.23,
            "eps_avg_yearly": 7.24,
            "eps_latest_yearly": 11.56,
            "eps_growth_yearly": 78.56
        },
        "20142": {
            "year_quarter": 20142,
            "year": 2014,
            "quarter": 2,
            "eps": 2.06,
            "eps_growth_year": 17.05,
            "eps_4q": 8.81,
            "eps_4q_growth_year": 21.5,
            "roe": 6.47,
            "roe_4q": 28.599999999999998,
            "gross_profit": 977569,
            "gross_margin": 22.45,
            "gross_margin_4q_avg": 21.42,
            "net_income": 351053,
            "net_income_4q": null,
            "revenue": 4354585,
            "revenue_4q": null,
            "common_shares": 1704630,
            "book_valuer_per_share": 28.82,
            "book_valuer_per_share_4q_avg": 31.02,
            "equity": 4945472,
            "current_ratio": 110.09,
            "debt_ratio": 59.86,
            "inventory_turnover_ratio": 1.31,
            "account_receivable_turnover_ratio": 10.53,
            "reinvestment_rate": 41.74,
            "research_to_sale_ratio": null,
            "price_fair": 258.21,
            "eps_avg_yearly": 7.38,
            "eps_latest_yearly": 8.24,
            "eps_growth_yearly": 76.87
        },
        "20143": {
            "year_quarter": 20143,
            "year": 2014,
            "quarter": 3,
            "eps": 2.56,
            "eps_growth_year": 16.9,
            "eps_4q": 8.36,
            "eps_4q_growth_year": 12.68,
            "roe": 7.3,
            "roe_4q": 28.2,
            "gross_profit": 1204990,
            "gross_margin": 20.24,
            "gross_margin_4q_avg": 21.67,
            "net_income": 460143,
            "net_income_4q": null,
            "revenue": 5952094,
            "revenue_4q": null,
            "common_shares": 1905816,
            "book_valuer_per_share": 40.16,
            "book_valuer_per_share_4q_avg": 33.73,
            "equity": 7669848,
            "current_ratio": 172.55,
            "debt_ratio": 36.15,
            "inventory_turnover_ratio": 1.57,
            "account_receivable_turnover_ratio": 6.18,
            "reinvestment_rate": 42.25,
            "research_to_sale_ratio": null,
            "price_fair": 263.11,
            "eps_avg_yearly": 7.52,
            "eps_latest_yearly": 10.24,
            "eps_growth_yearly": 74.38
        },
        "20144": {
            "year_quarter": 20144,
            "year": 2014,
            "quarter": 4,
            "eps": 2.13,
            "eps_growth_year": 21.9,
            "eps_4q": 8.93,
            "eps_4q_growth_year": 12.58,
            "roe": 5.1,
            "roe_4q": 27.569999999999997,
            "gross_profit": 1085023,
            "gross_margin": 20.21,
            "gross_margin_4q_avg": 21.77,
            "net_income": 405488,
            "net_income_4q": null,
            "revenue": 5368938,
            "revenue_4q": null,
            "common_shares": 1909695,
            "book_valuer_per_share": 42.98,
            "book_valuer_per_share_4q_avg": 36.64,
            "equity": 8223257,
            "current_ratio": 197.96,
            "debt_ratio": 31.44,
            "inventory_turnover_ratio": 1.51,
            "account_receivable_turnover_ratio": 3.74,
            "reinvestment_rate": 48.29,
            "research_to_sale_ratio": null,
            "price_fair": 277.29,
            "eps_avg_yearly": 7.92,
            "eps_latest_yearly": 8.52,
            "eps_growth_yearly": 88.81
        },
        "20151": {
            "year_quarter": 20151,
            "year": 2015,
            "quarter": 1,
            "eps": 3.35,
            "eps_growth_year": 15.92,
            "eps_4q": 9.7,
            "eps_4q_growth_year": 13.99,
            "roe": 7.55,
            "roe_4q": 26.419999999999998,
            "gross_profit": 1497317,
            "gross_margin": 25.9,
            "gross_margin_4q_avg": 22.2,
            "net_income": 642366,
            "net_income_4q": null,
            "revenue": 5782028,
            "revenue_4q": null,
            "common_shares": 1913097,
            "book_valuer_per_share": 45.9,
            "book_valuer_per_share_4q_avg": 39.47,
            "equity": 8797354,
            "current_ratio": 208.97,
            "debt_ratio": 31.41,
            "inventory_turnover_ratio": 1.78,
            "account_receivable_turnover_ratio": 5.07,
            "reinvestment_rate": 43.19,
            "research_to_sale_ratio": null,
            "price_fair": 291.46,
            "eps_avg_yearly": 8.33,
            "eps_latest_yearly": 13.4,
            "eps_growth_yearly": 43.33
        },
        "20152": {
            "year_quarter": 20152,
            "year": 2015,
            "quarter": 2,
            "eps": 2.18,
            "eps_growth_year": 5.83,
            "eps_4q": 9.78,
            "eps_4q_growth_year": 10.99,
            "roe": 5.3,
            "roe_4q": 25.25,
            "gross_profit": 1106976,
            "gross_margin": 22.25,
            "gross_margin_4q_avg": 22.15,
            "net_income": 438840,
            "net_income_4q": null,
            "revenue": 4975268,
            "revenue_4q": null,
            "common_shares": 1913651,
            "book_valuer_per_share": 40.35,
            "book_valuer_per_share_4q_avg": 42.35,
            "equity": 7768529,
            "current_ratio": 147.62,
            "debt_ratio": 45.57,
            "inventory_turnover_ratio": 1.46,
            "account_receivable_turnover_ratio": 5.84,
            "reinvestment_rate": 43.9,
            "research_to_sale_ratio": null,
            "price_fair": 298.73,
            "eps_avg_yearly": 8.54,
            "eps_latest_yearly": 8.72,
            "eps_growth_yearly": 40.09
        },
        "20153": {
            "year_quarter": 20153,
            "year": 2015,
            "quarter": 3,
            "eps": 3.17,
            "eps_growth_year": 23.83,
            "eps_4q": 10.63,
            "eps_4q_growth_year": 27.04,
            "roe": 7.74,
            "roe_4q": 25.689999999999998,
            "gross_profit": 1608630,
            "gross_margin": 23.02,
            "gross_margin_4q_avg": 22.85,
            "net_income": 635692,
            "net_income_4q": null,
            "revenue": 6986801,
            "revenue_4q": null,
            "common_shares": 1983502,
            "book_valuer_per_share": 43.32,
            "book_valuer_per_share_4q_avg": 43.14,
            "equity": 8648640,
            "current_ratio": 171.89,
            "debt_ratio": 37.76,
            "inventory_turnover_ratio": 1.76,
            "account_receivable_turnover_ratio": 6.83,
            "reinvestment_rate": 62.13,
            "research_to_sale_ratio": null,
            "price_fair": 308,
            "eps_avg_yearly": 8.8,
            "eps_latest_yearly": 12.68,
            "eps_growth_yearly": 37.36
        },
        "20154": {
            "year_quarter": 20154,
            "year": 2015,
            "quarter": 4,
            "eps": 2.3,
            "eps_growth_year": 8.25,
            "eps_4q": 10.86,
            "eps_4q_growth_year": 21.67,
            "roe": 5.18,
            "roe_4q": 25.77,
            "gross_profit": 1298598,
            "gross_margin": 23.13,
            "gross_margin_4q_avg": 23.58,
            "net_income": 460056,
            "net_income_4q": null,
            "revenue": 5614410,
            "revenue_4q": null,
            "common_shares": 1987306,
            "book_valuer_per_share": 45.56,
            "book_valuer_per_share_4q_avg": 43.78,
            "equity": 9112139,
            "current_ratio": 192.26,
            "debt_ratio": 32.78,
            "inventory_turnover_ratio": 1.43,
            "account_receivable_turnover_ratio": 6.67,
            "reinvestment_rate": 59.99,
            "research_to_sale_ratio": null,
            "price_fair": 313.34,
            "eps_avg_yearly": 8.95,
            "eps_latest_yearly": 9.2,
            "eps_growth_yearly": 35.48
        },
        "20161": {
            "year_quarter": 20161,
            "year": 2016,
            "quarter": 1,
            "eps": 3.22,
            "eps_growth_year": -3.88,
            "eps_4q": 10.85,
            "eps_4q_growth_year": 11.87,
            "roe": 6.85,
            "roe_4q": 25.07,
            "gross_profit": 1457712,
            "gross_margin": 23.1,
            "gross_margin_4q_avg": 22.88,
            "net_income": 642665,
            "net_income_4q": null,
            "revenue": 6309426,
            "revenue_4q": null,
            "common_shares": 1988364,
            "book_valuer_per_share": 48.29,
            "book_valuer_per_share_4q_avg": 44.38,
            "equity": 9663401,
            "current_ratio": 235.83,
            "debt_ratio": 25.87,
            "inventory_turnover_ratio": 1.88,
            "account_receivable_turnover_ratio": 15.43,
            "reinvestment_rate": 58.28,
            "research_to_sale_ratio": null,
            "price_fair": 321.91,
            "eps_avg_yearly": 9.2,
            "eps_latest_yearly": 12.88,
            "eps_growth_yearly": 37.34
        },
        "20162": {
            "year_quarter": 20162,
            "year": 2016,
            "quarter": 2,
            "eps": 1.4,
            "eps_growth_year": -35.78,
            "eps_4q": 9.78,
            "eps_4q_growth_year": -0.06,
            "roe": 3.25,
            "roe_4q": 23.02,
            "gross_profit": 869837,
            "gross_margin": 18.94,
            "gross_margin_4q_avg": 22.05,
            "net_income": 289315,
            "net_income_4q": null,
            "revenue": 4592080,
            "revenue_4q": null,
            "common_shares": 1989325,
            "book_valuer_per_share": 40.24,
            "book_valuer_per_share_4q_avg": 44.35,
            "equity": 8127949,
            "current_ratio": 148.9,
            "debt_ratio": 41.45,
            "inventory_turnover_ratio": 1.47,
            "account_receivable_turnover_ratio": 13.09,
            "reinvestment_rate": 57.64,
            "research_to_sale_ratio": null,
            "price_fair": 319.64,
            "eps_avg_yearly": 9.13,
            "eps_latest_yearly": 5.6,
            "eps_growth_yearly": 29.69
        },
        "20163": {
            "year_quarter": 20163,
            "year": 2016,
            "quarter": 3,
            "eps": 1.89,
            "eps_growth_year": -40.38,
            "eps_4q": 8.59,
            "eps_4q_growth_year": -19.18,
            "roe": 4.84,
            "roe_4q": 20.119999999999997,
            "gross_profit": 1204043,
            "gross_margin": 19.5,
            "gross_margin_4q_avg": 21.17,
            "net_income": 401348,
            "net_income_4q": null,
            "revenue": 6174112,
            "revenue_4q": null,
            "common_shares": 2067152,
            "book_valuer_per_share": 40.33,
            "book_valuer_per_share_4q_avg": 43.61,
            "equity": 8469259,
            "current_ratio": 197.71,
            "debt_ratio": 28.01,
            "inventory_turnover_ratio": 1.83,
            "account_receivable_turnover_ratio": 26.85,
            "reinvestment_rate": 60.61,
            "research_to_sale_ratio": null,
            "price_fair": 318.59,
            "eps_avg_yearly": 9.1,
            "eps_latest_yearly": 7.56,
            "eps_growth_yearly": 33.17
        },
        "20164": {
            "year_quarter": 20164,
            "year": 2016,
            "quarter": 4,
            "eps": 0.99,
            "eps_growth_year": -56.9,
            "eps_4q": 7.37,
            "eps_4q_growth_year": -32.2,
            "roe": 2.43,
            "roe_4q": 17.369999999999997,
            "gross_profit": 985843,
            "gross_margin": 19.51,
            "gross_margin_4q_avg": 20.26,
            "net_income": 209303,
            "net_income_4q": null,
            "revenue": 5052321,
            "revenue_4q": null,
            "common_shares": 2067349,
            "book_valuer_per_share": 41.56,
            "book_valuer_per_share_4q_avg": 42.61,
            "equity": 8727891,
            "current_ratio": 178.91,
            "debt_ratio": 33.56,
            "inventory_turnover_ratio": 1.55,
            "account_receivable_turnover_ratio": 14.05,
            "reinvestment_rate": 61.87,
            "research_to_sale_ratio": null,
            "price_fair": 316.4,
            "eps_avg_yearly": 9.04,
            "eps_latest_yearly": 3.96,
            "eps_growth_yearly": 30.84
        },
        "20171": {
            "year_quarter": 20171,
            "year": 2017,
            "quarter": 1,
            "eps": 1.52,
            "eps_growth_year": -52.8,
            "eps_4q": 5.78,
            "eps_4q_growth_year": -46.72,
            "roe": 3.56,
            "roe_4q": 14.08,
            "gross_profit": 1046639,
            "gross_margin": 18.92,
            "gross_margin_4q_avg": 19.22,
            "net_income": 312985,
            "net_income_4q": null,
            "revenue": 5531202,
            "revenue_4q": null,
            "common_shares": 2070900,
            "book_valuer_per_share": 42.06,
            "book_valuer_per_share_4q_avg": 41.05,
            "equity": 8844361,
            "current_ratio": 203.21,
            "debt_ratio": 29.74,
            "inventory_turnover_ratio": 1.77,
            "account_receivable_turnover_ratio": 10.3,
            "reinvestment_rate": 60.42,
            "research_to_sale_ratio": null,
            "price_fair": 284.97,
            "eps_avg_yearly": 8.84,
            "eps_latest_yearly": 6.08,
            "eps_growth_yearly": 22.25
        },
        "20172": {
            "year_quarter": 20172,
            "year": 2017,
            "quarter": 2,
            "eps": 0.98,
            "eps_growth_year": -30,
            "eps_4q": 5.37,
            "eps_4q_growth_year": -45.06,
            "roe": 2.55,
            "roe_4q": 13.379999999999999,
            "gross_profit": 877870,
            "gross_margin": 18.73,
            "gross_margin_4q_avg": 19.17,
            "net_income": 210670,
            "net_income_4q": null,
            "revenue": 4686991,
            "revenue_4q": null,
            "common_shares": 2072296,
            "book_valuer_per_share": 36.47,
            "book_valuer_per_share_4q_avg": 40.11,
            "equity": 7658931,
            "current_ratio": 146.73,
            "debt_ratio": 42.12,
            "inventory_turnover_ratio": 1.39,
            "account_receivable_turnover_ratio": 9.29,
            "reinvestment_rate": 58.71,
            "research_to_sale_ratio": null,
            "price_fair": 254.78,
            "eps_avg_yearly": 8.64,
            "eps_latest_yearly": 3.92,
            "eps_growth_yearly": 19.48
        },
        "20173": {
            "year_quarter": 20173,
            "year": 2017,
            "quarter": 3,
            "eps": 2.37,
            "eps_growth_year": 25.4,
            "eps_4q": 5.81,
            "eps_4q_growth_year": -32.39,
            "roe": 6.25,
            "roe_4q": 14.790000000000001,
            "gross_profit": 1311058,
            "gross_margin": 18.94,
            "gross_margin_4q_avg": 19.03,
            "net_income": 497733,
            "net_income_4q": null,
            "revenue": 6922143,
            "revenue_4q": null,
            "common_shares": 2093872,
            "book_valuer_per_share": 39.04,
            "book_valuer_per_share_4q_avg": 39.78,
            "equity": 8280007,
            "current_ratio": 183.37,
            "debt_ratio": 32.56,
            "inventory_turnover_ratio": 2.01,
            "account_receivable_turnover_ratio": 14.31,
            "reinvestment_rate": 56.96,
            "research_to_sale_ratio": null,
            "price_fair": 304.06,
            "eps_avg_yearly": 8.69,
            "eps_latest_yearly": 9.48,
            "eps_growth_yearly": 48.83
        },
        "20174": {
            "year_quarter": 20174,
            "year": 2017,
            "quarter": 4,
            "eps": 1.31,
            "eps_growth_year": 32.53,
            "eps_4q": 6.14,
            "eps_4q_growth_year": -16.62,
            "roe": 3.28,
            "roe_4q": 15.639999999999999,
            "gross_profit": 1088488,
            "gross_margin": 20.79,
            "gross_margin_4q_avg": 19.35,
            "net_income": 275228,
            "net_income_4q": null,
            "revenue": 5234664,
            "revenue_4q": null,
            "common_shares": 2093872,
            "book_valuer_per_share": 40.11,
            "book_valuer_per_share_4q_avg": 39.42,
            "equity": 8504381,
            "current_ratio": 189.82,
            "debt_ratio": 32.33,
            "inventory_turnover_ratio": 1.71,
            "account_receivable_turnover_ratio": 8.65,
            "reinvestment_rate": 10.08,
            "research_to_sale_ratio": null,
            "price_fair": 300.3,
            "eps_avg_yearly": 8.58,
            "eps_latest_yearly": 5.24,
            "eps_growth_yearly": 42.79
        },
        "20181": {
            "year_quarter": 20181,
            "year": 2018,
            "quarter": 1,
            "eps": 1.53,
            "eps_growth_year": 0.66,
            "eps_4q": 6.17,
            "eps_4q_growth_year": 6.66,
            "roe": 3.65,
            "roe_4q": 15.73,
            "gross_profit": 1016719,
            "gross_margin": 19.81,
            "gross_margin_4q_avg": 19.57,
            "net_income": 314901,
            "net_income_4q": null,
            "revenue": 5131088,
            "revenue_4q": null,
            "common_shares": 2093872,
            "book_valuer_per_share": 41.28,
            "book_valuer_per_share_4q_avg": 39.23,
            "equity": 8745259,
            "current_ratio": 214.13,
            "debt_ratio": 28.75,
            "inventory_turnover_ratio": 1.75,
            "account_receivable_turnover_ratio": 7.86,
            "reinvestment_rate": 8.62,
            "research_to_sale_ratio": null,
            "price_fair": 288.4,
            "eps_avg_yearly": 8.24,
            "eps_latest_yearly": 6.12,
            "eps_growth_yearly": 30.46
        },
        "20182": {
            "year_quarter": 20182,
            "year": 2018,
            "quarter": 2,
            "eps": 1.1,
            "eps_growth_year": 12.24,
            "eps_4q": 6.3,
            "eps_4q_growth_year": 17.31,
            "roe": 2.9,
            "roe_4q": 16.08,
            "gross_profit": 981540,
            "gross_margin": 19.38,
            "gross_margin_4q_avg": 19.73,
            "net_income": 240560,
            "net_income_4q": null,
            "revenue": 5065240,
            "revenue_4q": null,
            "common_shares": 2093872,
            "book_valuer_per_share": 37.1,
            "book_valuer_per_share_4q_avg": 39.38,
            "equity": 7869665,
            "current_ratio": 149.91,
            "debt_ratio": 42.53,
            "inventory_turnover_ratio": 1.5,
            "account_receivable_turnover_ratio": 7.59,
            "reinvestment_rate": 7.99,
            "research_to_sale_ratio": null,
            "price_fair": 280,
            "eps_avg_yearly": 8,
            "eps_latest_yearly": 4.4,
            "eps_growth_yearly": 30.62
        },
        "20183": {
            "year_quarter": 20183,
            "year": 2018,
            "quarter": 3,
            "eps": 2.71,
            "eps_growth_year": 14.35,
            "eps_4q": 6.66,
            "eps_4q_growth_year": 14.61,
            "roe": 7.04,
            "roe_4q": 16.87,
            "gross_profit": 1459786,
            "gross_margin": 19.13,
            "gross_margin_4q_avg": 19.78,
            "net_income": 574146,
            "net_income_4q": null,
            "revenue": 7629561,
            "revenue_4q": null,
            "common_shares": 2093872,
            "book_valuer_per_share": 39.77,
            "book_valuer_per_share_4q_avg": 39.57,
            "equity": 8435922,
            "current_ratio": 185.51,
            "debt_ratio": 33.49,
            "inventory_turnover_ratio": 2.05,
            "account_receivable_turnover_ratio": 11.3,
            "reinvestment_rate": 6.1,
            "research_to_sale_ratio": null,
            "price_fair": 281.31,
            "eps_avg_yearly": 8.04,
            "eps_latest_yearly": 10.84,
            "eps_growth_yearly": 61.14
        },
        "20184": {
            "year_quarter": 20184,
            "year": 2018,
            "quarter": 4,
            "eps": 1.86,
            "eps_growth_year": 41.23,
            "eps_4q": 7.2,
            "eps_4q_growth_year": 17.18,
            "roe": 4.53,
            "roe_4q": 18.12,
            "gross_profit": 1284338,
            "gross_margin": 21.04,
            "gross_margin_4q_avg": 19.84,
            "net_income": 392478,
            "net_income_4q": null,
            "revenue": 6103749,
            "revenue_4q": null,
            "common_shares": 2093872,
            "book_valuer_per_share": 41.87,
            "book_valuer_per_share_4q_avg": 40.01,
            "equity": 8880758,
            "current_ratio": 181.91,
            "debt_ratio": 34.99,
            "inventory_turnover_ratio": 1.59,
            "account_receivable_turnover_ratio": 7.89,
            "reinvestment_rate": 5.61,
            "research_to_sale_ratio": null,
            "price_fair": 278.95,
            "eps_avg_yearly": 7.97,
            "eps_latest_yearly": 7.44,
            "eps_growth_yearly": 57.5
        },
        "20191": {
            "year_quarter": 20191,
            "year": 2019,
            "quarter": 1,
            "eps": 2.32,
            "eps_growth_year": 51.63,
            "eps_4q": 7.99,
            "eps_4q_growth_year": 29.6,
            "roe": 5.36,
            "roe_4q": 19.83,
            "gross_profit": 1464408,
            "gross_margin": 21.79,
            "gross_margin_4q_avg": 20.34,
            "net_income": 489099,
            "net_income_4q": null,
            "revenue": 6719575,
            "revenue_4q": null,
            "common_shares": 2093872,
            "book_valuer_per_share": 44.29,
            "book_valuer_per_share_4q_avg": 40.76,
            "equity": 9373679,
            "current_ratio": 198.16,
            "debt_ratio": 32.99,
            "inventory_turnover_ratio": 1.71,
            "account_receivable_turnover_ratio": 8.14,
            "reinvestment_rate": 5.32,
            "research_to_sale_ratio": null,
            "price_fair": 269.94,
            "eps_avg_yearly": 7.71,
            "eps_latest_yearly": 9.28,
            "eps_growth_yearly": 49.36
        },
        "20192": {
            "year_quarter": 20192,
            "year": 2019,
            "quarter": 2,
            "eps": 1.62,
            "eps_growth_year": 47.27,
            "eps_4q": 8.18,
            "eps_4q_growth_year": 29.78,
            "roe": 4.19,
            "roe_4q": 21.12,
            "gross_profit": 1194109,
            "gross_margin": 19.32,
            "gross_margin_4q_avg": 20.32,
            "net_income": 369104,
            "net_income_4q": null,
            "revenue": 6180238,
            "revenue_4q": null,
            "common_shares": 2093872,
            "book_valuer_per_share": 39,
            "book_valuer_per_share_4q_avg": 41.23,
            "equity": 8259385,
            "current_ratio": 146.87,
            "debt_ratio": 45.12,
            "inventory_turnover_ratio": 1.54,
            "account_receivable_turnover_ratio": 8.76,
            "reinvestment_rate": 7.72,
            "research_to_sale_ratio": null,
            "price_fair": 265.04,
            "eps_avg_yearly": 7.57,
            "eps_latest_yearly": 6.48,
            "eps_growth_yearly": 50.55
        },
        "20193": {
            "year_quarter": 20193,
            "year": 2019,
            "quarter": 3,
            "eps": 2.94,
            "eps_growth_year": 8.49,
            "eps_4q": 8.54,
            "eps_4q_growth_year": 28.37,
            "roe": 7.63,
            "roe_4q": 21.71,
            "gross_profit": 1530771,
            "gross_margin": 19.89,
            "gross_margin_4q_avg": 20.51,
            "net_income": 654400,
            "net_income_4q": null,
            "revenue": 7697985,
            "revenue_4q": null,
            "common_shares": 2198566,
            "book_valuer_per_share": 40.02,
            "book_valuer_per_share_4q_avg": 41.3,
            "equity": 8899808,
            "current_ratio": 170.75,
            "debt_ratio": 38.54,
            "inventory_turnover_ratio": 1.79,
            "account_receivable_turnover_ratio": 11.19,
            "reinvestment_rate": 4.39,
            "research_to_sale_ratio": null,
            "price_fair": 263.03,
            "eps_avg_yearly": 7.52,
            "eps_latest_yearly": 11.76,
            "eps_growth_yearly": 59.57
        },
        "20194": {
            "year_quarter": 20194,
            "year": 2019,
            "quarter": 4,
            "eps": 1.89,
            "eps_growth_year": 1.66,
            "eps_4q": 8.66,
            "eps_4q_growth_year": 20.36,
            "roe": 4.6,
            "roe_4q": 21.78,
            "gross_profit": 1235918,
            "gross_margin": 19.16,
            "gross_margin_4q_avg": 20.04,
            "net_income": 416398,
            "net_income_4q": null,
            "revenue": 6449704,
            "revenue_4q": null,
            "common_shares": 2198566,
            "book_valuer_per_share": 41.37,
            "book_valuer_per_share_4q_avg": 41.17,
            "equity": 9197607,
            "current_ratio": 177.31,
            "debt_ratio": 37.66,
            "inventory_turnover_ratio": 1.58,
            "account_receivable_turnover_ratio": 10.03,
            "reinvestment_rate": 4,
            "research_to_sale_ratio": null,
            "price_fair": 259.44,
            "eps_avg_yearly": 7.41,
            "eps_latest_yearly": 7.56,
            "eps_growth_yearly": 57.5
        },
        "20201": {
            "year_quarter": 20201,
            "year": 2020,
            "quarter": 1,
            "eps": 1.94,
            "eps_growth_year": -16.38,
            "eps_4q": 8.39,
            "eps_4q_growth_year": 4.99,
            "roe": 4.52,
            "roe_4q": 20.94,
            "gross_profit": 1203181,
            "gross_margin": 19.62,
            "gross_margin_4q_avg": 19.5,
            "net_income": 425655,
            "net_income_4q": null,
            "revenue": 6130884,
            "revenue_4q": null,
            "common_shares": 2198566,
            "book_valuer_per_share": 43.43,
            "book_valuer_per_share_4q_avg": 40.96,
            "equity": 9650350,
            "current_ratio": 190.19,
            "debt_ratio": 33.83,
            "inventory_turnover_ratio": 1.69,
            "account_receivable_turnover_ratio": 10.1,
            "reinvestment_rate": 3.71,
            "research_to_sale_ratio": null,
            "price_fair": 248.24,
            "eps_avg_yearly": 7.09,
            "eps_latest_yearly": 7.76,
            "eps_growth_yearly": 48.16
        },
        "20202": {
            "year_quarter": 20202,
            "year": 2020,
            "quarter": 2,
            "eps": 1.61,
            "eps_growth_year": -0.62,
            "eps_4q": 8.38,
            "eps_4q_growth_year": 2.48,
            "roe": 3.92,
            "roe_4q": 20.669999999999998,
            "gross_profit": 1035313,
            "gross_margin": 21.91,
            "gross_margin_4q_avg": 20.15,
            "net_income": 361558,
            "net_income_4q": null,
            "revenue": 4725535,
            "revenue_4q": null,
            "common_shares": 2198566,
            "book_valuer_per_share": 39.7,
            "book_valuer_per_share_4q_avg": 41.13,
            "equity": 8814548,
            "current_ratio": 146.87,
            "debt_ratio": 45.42,
            "inventory_turnover_ratio": 1.2,
            "account_receivable_turnover_ratio": 4.28,
            "reinvestment_rate": 3.89,
            "research_to_sale_ratio": null,
            "price_fair": 250.08,
            "eps_avg_yearly": 7.15,
            "eps_latest_yearly": 6.44,
            "eps_growth_yearly": 58.04
        },
        "20203": {
            "year_quarter": 20203,
            "year": 2020,
            "quarter": 3,
            "eps": 3.63,
            "eps_growth_year": 23.47,
            "eps_4q": 9.06,
            "eps_4q_growth_year": 6.1,
            "roe": 8.78,
            "roe_4q": 21.82,
            "gross_profit": 1932500,
            "gross_margin": 24.08,
            "gross_margin_4q_avg": 21.19,
            "net_income": 805987,
            "net_income_4q": null,
            "revenue": 8026627,
            "revenue_4q": null,
            "common_shares": 2198566,
            "book_valuer_per_share": 43.1,
            "book_valuer_per_share_4q_avg": 41.9,
            "equity": 9546807,
            "current_ratio": 158.37,
            "debt_ratio": 43.35,
            "inventory_turnover_ratio": 1.77,
            "account_receivable_turnover_ratio": 3.64,
            "reinvestment_rate": 0.57,
            "research_to_sale_ratio": null,
            "price_fair": 265.3,
            "eps_avg_yearly": 7.58,
            "eps_latest_yearly": 14.52,
            "eps_growth_yearly": 80.65
        },
        "20204": {
            "year_quarter": 20204,
            "year": 2020,
            "quarter": 4,
            "eps": 2.18,
            "eps_growth_year": 15.3,
            "eps_4q": 9.35,
            "eps_4q_growth_year": 7.98,
            "roe": 4.93,
            "roe_4q": 22.15,
            "gross_profit": 1400412,
            "gross_margin": 23.18,
            "gross_margin_4q_avg": 22.2,
            "net_income": 485713,
            "net_income_4q": null,
            "revenue": 6041124,
            "revenue_4q": null,
            "common_shares": 2198566,
            "book_valuer_per_share": 45.87,
            "book_valuer_per_share_4q_avg": 43.03,
            "equity": 10164164,
            "current_ratio": 158.79,
            "debt_ratio": 45.46,
            "inventory_turnover_ratio": 1.29,
            "account_receivable_turnover_ratio": 2.28,
            "reinvestment_rate": 1.54,
            "research_to_sale_ratio": null,
            "price_fair": 275.71,
            "eps_avg_yearly": 7.88,
            "eps_latest_yearly": 8.72,
            "eps_growth_yearly": 82.57
        },
        "20211": {
            "year_quarter": 20211,
            "year": 2021,
            "quarter": 1,
            "eps": 2.92,
            "eps_growth_year": 50.52,
            "eps_4q": 9.43,
            "eps_4q_growth_year": 12.31,
            "roe": 5.91,
            "roe_4q": 23.54,
            "gross_profit": 1604931,
            "gross_margin": 23.54,
            "gross_margin_4q_avg": 23.18,
            "net_income": 650457,
            "net_income_4q": null,
            "revenue": 6816799,
            "revenue_4q": null,
            "common_shares": 2418566,
            "book_valuer_per_share": 48.74,
            "book_valuer_per_share_4q_avg": 44.35,
            "equity": 11848537,
            "current_ratio": 185.02,
            "debt_ratio": 40.6,
            "inventory_turnover_ratio": 1.4,
            "account_receivable_turnover_ratio": 2.55,
            "reinvestment_rate": 3.32,
            "research_to_sale_ratio": null,
            "price_fair": 287.96,
            "eps_avg_yearly": 8.23,
            "eps_latest_yearly": 11.68,
            "eps_growth_yearly": 77.67
        },
        "20212": {
            "year_quarter": 20212,
            "year": 2021,
            "quarter": 2,
            "eps": 2.28,
            "eps_growth_year": 41.61,
            "eps_4q": 10.24,
            "eps_4q_growth_year": 22.21,
            "roe": 4.66,
            "roe_4q": 24.28,
            "gross_profit": 1358375,
            "gross_margin": 22.19,
            "gross_margin_4q_avg": 23.25,
            "net_income": 563529,
            "net_income_4q": null,
            "revenue": 6120983,
            "revenue_4q": null,
            "common_shares": 2418566,
            "book_valuer_per_share": 50.67,
            "book_valuer_per_share_4q_avg": 47.1,
            "equity": 12326953,
            "current_ratio": 205.41,
            "debt_ratio": 36.81,
            "inventory_turnover_ratio": 1.06,
            "account_receivable_turnover_ratio": 2.8,
            "reinvestment_rate": 3.16,
            "research_to_sale_ratio": null,
            "price_fair": 299.34,
            "eps_avg_yearly": 8.55,
            "eps_latest_yearly": 9.12,
            "eps_growth_yearly": 81.08
        },
        "20213": {
            "year_quarter": 20213,
            "year": 2021,
            "quarter": 3,
            "eps": 3.24,
            "eps_growth_year": -10.74,
            "eps_4q": 10.19,
            "eps_4q_growth_year": 12.37,
            "roe": 6.22,
            "roe_4q": 21.72,
            "gross_profit": 1744476,
            "gross_margin": 21.03,
            "gross_margin_4q_avg": 22.49,
            "net_income": 790972,
            "net_income_4q": null,
            "revenue": 8296420,
            "revenue_4q": null,
            "common_shares": 2418566,
            "book_valuer_per_share": 53.92,
            "book_valuer_per_share_4q_avg": 49.8,
            "equity": 13120810,
            "current_ratio": 221.85,
            "debt_ratio": 34.73,
            "inventory_turnover_ratio": 1.22,
            "account_receivable_turnover_ratio": 7.4,
            "reinvestment_rate": 3.73,
            "research_to_sale_ratio": null,
            "price_fair": 306.95,
            "eps_avg_yearly": 8.77,
            "eps_latest_yearly": 12.96,
            "eps_growth_yearly": 56.14
        },
        "20214": {
            "year_quarter": 20214,
            "year": 2021,
            "quarter": 4,
            "eps": 2.77,
            "eps_growth_year": 27.29,
            "eps_4q": 10.98,
            "eps_4q_growth_year": 17.36,
            "roe": 5,
            "roe_4q": 21.79,
            "gross_profit": 1826972,
            "gross_margin": 23.74,
            "gross_margin_4q_avg": 22.63,
            "net_income": 673350,
            "net_income_4q": null,
            "revenue": 7696303,
            "revenue_4q": null,
            "common_shares": 2418566,
            "book_valuer_per_share": 56.7,
            "book_valuer_per_share_4q_avg": 52.51,
            "equity": 13795442,
            "current_ratio": 209.68,
            "debt_ratio": 37.92,
            "inventory_turnover_ratio": 1.11,
            "account_receivable_turnover_ratio": 8.06,
            "reinvestment_rate": 4.11,
            "research_to_sale_ratio": null,
            "price_fair": 319.73,
            "eps_avg_yearly": 9.14,
            "eps_latest_yearly": 11.08,
            "eps_growth_yearly": 63.7
        },
        "20221": {
            "year_quarter": 20221,
            "year": 2022,
            "quarter": 1,
            "eps": 3.69,
            "eps_growth_year": 26.37,
            "eps_4q": 11.98,
            "eps_4q_growth_year": 27.14,
            "roe": 6.81,
            "roe_4q": 22.689999999999998,
            "gross_profit": 2077548,
            "gross_margin": 26.06,
            "gross_margin_4q_avg": 23.26,
            "net_income": 895283,
            "net_income_4q": null,
            "revenue": 7971528,
            "revenue_4q": null,
            "common_shares": 2418566,
            "book_valuer_per_share": 51.43,
            "book_valuer_per_share_4q_avg": 53.18,
            "equity": 12503696,
            "current_ratio": 173.1,
            "debt_ratio": 45.46,
            "inventory_turnover_ratio": 1.11,
            "account_receivable_turnover_ratio": 6.12,
            "reinvestment_rate": 5.39,
            "research_to_sale_ratio": null,
            "price_fair": 338.63,
            "eps_avg_yearly": 9.68,
            "eps_latest_yearly": 14.76,
            "eps_growth_yearly": 67.8
        },
        "20222": {
            "year_quarter": 20222,
            "year": 2022,
            "quarter": 2,
            "eps": 3.03,
            "eps_growth_year": 32.89,
            "eps_4q": 12.74,
            "eps_4q_growth_year": 24.35,
            "roe": 5.79,
            "roe_4q": 23.82,
            "gross_profit": 1838465,
            "gross_margin": 25.04,
            "gross_margin_4q_avg": 23.97,
            "net_income": 749573,
            "net_income_4q": null,
            "revenue": 7341020,
            "revenue_4q": null,
            "common_shares": 2418566,
            "book_valuer_per_share": 55.01,
            "book_valuer_per_share_4q_avg": 54.27,
            "equity": 13384747,
            "current_ratio": 206.7,
            "debt_ratio": 37.73,
            "inventory_turnover_ratio": 0.99,
            "account_receivable_turnover_ratio": 6.4,
            "reinvestment_rate": 4.99,
            "research_to_sale_ratio": null,
            "price_fair": 355.51,
            "eps_avg_yearly": 10.16,
            "eps_latest_yearly": 12.12,
            "eps_growth_yearly": 70.36
        },
        "20223": {
            "year_quarter": 20223,
            "year": 2022,
            "quarter": 3,
            "eps": 4.59,
            "eps_growth_year": 41.67,
            "eps_4q": 14.09,
            "eps_4q_growth_year": 38.32,
            "roe": 7.94,
            "roe_4q": 25.54,
            "gross_profit": 2203245,
            "gross_margin": 23.42,
            "gross_margin_4q_avg": 24.57,
            "net_income": 1117109,
            "net_income_4q": null,
            "revenue": 9407338,
            "revenue_4q": null,
            "common_shares": 2418566,
            "book_valuer_per_share": 60.64,
            "book_valuer_per_share_4q_avg": 55.95,
            "equity": 14752822,
            "current_ratio": 213.86,
            "debt_ratio": 37.11,
            "inventory_turnover_ratio": 1.33,
            "account_receivable_turnover_ratio": 7.74,
            "reinvestment_rate": 7.19,
            "research_to_sale_ratio": null,
            "price_fair": 371.96,
            "eps_avg_yearly": 10.63,
            "eps_latest_yearly": 18.36,
            "eps_growth_yearly": 46.64
        },
        "20224": {
            "year_quarter": 20224,
            "year": 2022,
            "quarter": 4,
            "eps": 3.21,
            "eps_growth_year": 16,
            "eps_4q": 14.53,
            "eps_4q_growth_year": 32.38,
            "roe": 5.15,
            "roe_4q": 25.689999999999998,
            "gross_profit": 2136815,
            "gross_margin": 29.02,
            "gross_margin_4q_avg": 25.89,
            "net_income": 778036,
            "net_income_4q": null,
            "revenue": 7363031,
            "revenue_4q": null,
            "common_shares": 2418566,
            "book_valuer_per_share": 63.5,
            "book_valuer_per_share_4q_avg": 57.65,
            "equity": 15445028,
            "current_ratio": 211.07,
            "debt_ratio": 36.78,
            "inventory_turnover_ratio": 1.03,
            "account_receivable_turnover_ratio": 5.3,
            "reinvestment_rate": 5.68,
            "research_to_sale_ratio": null,
            "price_fair": 383.78,
            "eps_avg_yearly": 10.97,
            "eps_latest_yearly": 12.84,
            "eps_growth_yearly": 46.96
        },
        "20231": {
            "year_quarter": 20231,
            "year": 2023,
            "quarter": 1,
            "eps": 3.92,
            "eps_growth_year": 6.23,
            "eps_4q": 14.76,
            "eps_4q_growth_year": 23.16,
            "roe": 6.74,
            "roe_4q": 25.62,
            "gross_profit": 1976613,
            "gross_margin": 25.23,
            "gross_margin_4q_avg": 25.68,
            "net_income": 953135,
            "net_income_4q": null,
            "revenue": 7834261,
            "revenue_4q": null,
            "common_shares": 2418566,
            "book_valuer_per_share": 52.79,
            "book_valuer_per_share_4q_avg": 57.99,
            "equity": 12837089,
            "current_ratio": 157.33,
            "debt_ratio": 49.29,
            "inventory_turnover_ratio": 1.19,
            "account_receivable_turnover_ratio": 7.2,
            "reinvestment_rate": 5.47,
            "research_to_sale_ratio": null,
            "price_fair": 397.78,
            "eps_avg_yearly": 11.37,
            "eps_latest_yearly": 15.68,
            "eps_growth_yearly": 46.31
        },
        "20232": {
            "year_quarter": 20232,
            "year": 2023,
            "quarter": 2,
            "eps": 3.33,
            "eps_growth_year": 9.9,
            "eps_4q": 15.05,
            "eps_4q_growth_year": 18.15,
            "roe": 6.22,
            "roe_4q": 26.05,
            "gross_profit": 1777170,
            "gross_margin": 24.6,
            "gross_margin_4q_avg": 25.57,
            "net_income": 826367,
            "net_income_4q": null,
            "revenue": 7224107,
            "revenue_4q": null,
            "common_shares": 2418566,
            "book_valuer_per_share": 56.47,
            "book_valuer_per_share_4q_avg": 58.35,
            "equity": 13748717,
            "current_ratio": 197.3,
            "debt_ratio": 37.64,
            "inventory_turnover_ratio": 1.11,
            "account_receivable_turnover_ratio": 4.86,
            "reinvestment_rate": 4.66,
            "research_to_sale_ratio": null,
            "price_fair": 412.74,
            "eps_avg_yearly": 11.79,
            "eps_latest_yearly": 13.32,
            "eps_growth_yearly": 50.09
        },
        "20233": {
            "year_quarter": 20233,
            "year": 2023,
            "quarter": 3,
            "eps": 5.47,
            "eps_growth_year": 19.17,
            "eps_4q": 15.93,
            "eps_4q_growth_year": 13.07,
            "roe": 9.18,
            "roe_4q": 27.29,
            "gross_profit": 2486048,
            "gross_margin": 26.81,
            "gross_margin_4q_avg": 26.42,
            "net_income": 1330246,
            "net_income_4q": null,
            "revenue": 9272068,
            "revenue_4q": null,
            "common_shares": 2418566,
            "book_valuer_per_share": 62.63,
            "book_valuer_per_share_4q_avg": 58.85,
            "equity": 15245469,
            "current_ratio": 205.28,
            "debt_ratio": 37.06,
            "inventory_turnover_ratio": 1.38,
            "account_receivable_turnover_ratio": 3.46,
            "reinvestment_rate": 5.6,
            "research_to_sale_ratio": null,
            "price_fair": 434.88,
            "eps_avg_yearly": 12.43,
            "eps_latest_yearly": 21.88,
            "eps_growth_yearly": 45.79
        }
    },
    "months": {
        "2003-01": {
            "month": "2003-01",
            "price": "49.88",
            "revenue": 749194
        },
        "2003-02": {
            "month": "2003-02",
            "price": "53.34",
            "revenue": 732647
        },
        "2003-03": {
            "month": "2003-03",
            "price": "55.71",
            "revenue": 527955
        },
        "2003-04": {
            "month": "2003-04",
            "price": "57.73",
            "revenue": 613353
        },
        "2003-05": {
            "month": "2003-05",
            "price": "59.36",
            "revenue": 603595
        },
        "2003-06": {
            "month": "2003-06",
            "price": "67.28",
            "revenue": 626016
        },
        "2003-07": {
            "month": "2003-07",
            "price": "80.39",
            "revenue": 868648
        },
        "2003-08": {
            "month": "2003-08",
            "price": "81.88",
            "revenue": 856222
        },
        "2003-09": {
            "month": "2003-09",
            "price": "70.10",
            "revenue": 756228
        },
        "2003-10": {
            "month": "2003-10",
            "price": "63.45",
            "revenue": 719699
        },
        "2003-11": {
            "month": "2003-11",
            "price": "62.75",
            "revenue": 507822
        },
        "2003-12": {
            "month": "2003-12",
            "price": "62.26",
            "revenue": 701123
        },
        "2004-01": {
            "month": "2004-01",
            "price": "63.50",
            "revenue": 610837
        },
        "2004-02": {
            "month": "2004-02",
            "price": "66.42",
            "revenue": 662176
        },
        "2004-03": {
            "month": "2004-03",
            "price": "65.28",
            "revenue": 558257
        },
        "2004-04": {
            "month": "2004-04",
            "price": "64.00",
            "revenue": 480024
        },
        "2004-05": {
            "month": "2004-05",
            "price": "61.64",
            "revenue": 662314
        },
        "2004-06": {
            "month": "2004-06",
            "price": "59.48",
            "revenue": 645716
        },
        "2004-07": {
            "month": "2004-07",
            "price": "53.88",
            "revenue": 1055496
        },
        "2004-08": {
            "month": "2004-08",
            "price": "44.16",
            "revenue": 910488
        },
        "2004-09": {
            "month": "2004-09",
            "price": "43.61",
            "revenue": 1110163
        },
        "2004-10": {
            "month": "2004-10",
            "price": "46.73",
            "revenue": 775161
        },
        "2004-11": {
            "month": "2004-11",
            "price": "44.89",
            "revenue": 508539
        },
        "2004-12": {
            "month": "2004-12",
            "price": "43.77",
            "revenue": 575035
        },
        "2005-01": {
            "month": "2005-01",
            "price": "44.53",
            "revenue": 725463
        },
        "2005-02": {
            "month": "2005-02",
            "price": "46.02",
            "revenue": 676943
        },
        "2005-03": {
            "month": "2005-03",
            "price": "44.20",
            "revenue": 700397
        },
        "2005-04": {
            "month": "2005-04",
            "price": "42.25",
            "revenue": 536805
        },
        "2005-05": {
            "month": "2005-05",
            "price": "42.28",
            "revenue": 786355
        },
        "2005-06": {
            "month": "2005-06",
            "price": "43.07",
            "revenue": 1053253
        },
        "2005-07": {
            "month": "2005-07",
            "price": "43.54",
            "revenue": 1007562
        },
        "2005-08": {
            "month": "2005-08",
            "price": "40.32",
            "revenue": 1232565
        },
        "2005-09": {
            "month": "2005-09",
            "price": "40.24",
            "revenue": 1135664
        },
        "2005-10": {
            "month": "2005-10",
            "price": "39.97",
            "revenue": 827537
        },
        "2005-11": {
            "month": "2005-11",
            "price": "39.75",
            "revenue": 795200
        },
        "2005-12": {
            "month": "2005-12",
            "price": "42.40",
            "revenue": 888143
        },
        "2006-01": {
            "month": "2006-01",
            "price": "43.21",
            "revenue": 960781
        },
        "2006-02": {
            "month": "2006-02",
            "price": "43.75",
            "revenue": 787390
        },
        "2006-03": {
            "month": "2006-03",
            "price": "44.26",
            "revenue": 910062
        },
        "2006-04": {
            "month": "2006-04",
            "price": "46.71",
            "revenue": 710113
        },
        "2006-05": {
            "month": "2006-05",
            "price": "49.52",
            "revenue": 1087507
        },
        "2006-06": {
            "month": "2006-06",
            "price": "49.33",
            "revenue": 1026886
        },
        "2006-07": {
            "month": "2006-07",
            "price": "47.38",
            "revenue": 1123376
        },
        "2006-08": {
            "month": "2006-08",
            "price": "47.62",
            "revenue": 1346468
        },
        "2006-09": {
            "month": "2006-09",
            "price": "48.30",
            "revenue": 1318004
        },
        "2006-10": {
            "month": "2006-10",
            "price": "52.50",
            "revenue": 1142772
        },
        "2006-11": {
            "month": "2006-11",
            "price": "57.69",
            "revenue": 1095087
        },
        "2006-12": {
            "month": "2006-12",
            "price": "64.74",
            "revenue": 1049172
        },
        "2007-01": {
            "month": "2007-01",
            "price": "68.05",
            "revenue": 1379167
        },
        "2007-02": {
            "month": "2007-02",
            "price": "68.12",
            "revenue": 950457
        },
        "2007-03": {
            "month": "2007-03",
            "price": "72.45",
            "revenue": 1214214
        },
        "2007-04": {
            "month": "2007-04",
            "price": "77.34",
            "revenue": 829684
        },
        "2007-05": {
            "month": "2007-05",
            "price": "78.67",
            "revenue": 1352500
        },
        "2007-06": {
            "month": "2007-06",
            "price": "89.37",
            "revenue": 1218372
        },
        "2007-07": {
            "month": "2007-07",
            "price": "96.88",
            "revenue": 1502685
        },
        "2007-08": {
            "month": "2007-08",
            "price": "92.74",
            "revenue": 1570767
        },
        "2007-09": {
            "month": "2007-09",
            "price": "92.41",
            "revenue": 1779396
        },
        "2007-10": {
            "month": "2007-10",
            "price": "89.25",
            "revenue": 1418190
        },
        "2007-11": {
            "month": "2007-11",
            "price": "81.06",
            "revenue": 1149948
        },
        "2007-12": {
            "month": "2007-12",
            "price": "72.00",
            "revenue": 833163
        },
        "2008-01": {
            "month": "2008-01",
            "price": "68.94",
            "revenue": 1233638
        },
        "2008-02": {
            "month": "2008-02",
            "price": "67.27",
            "revenue": 1029815
        },
        "2008-03": {
            "month": "2008-03",
            "price": "65.88",
            "revenue": 874010
        },
        "2008-04": {
            "month": "2008-04",
            "price": "65.37",
            "revenue": 926380
        },
        "2008-05": {
            "month": "2008-05",
            "price": "64.70",
            "revenue": 1089785
        },
        "2008-06": {
            "month": "2008-06",
            "price": "60.15",
            "revenue": 1096901
        },
        "2008-07": {
            "month": "2008-07",
            "price": "41.50",
            "revenue": 1033783
        },
        "2008-08": {
            "month": "2008-08",
            "price": "38.40",
            "revenue": 1465515
        },
        "2008-09": {
            "month": "2008-09",
            "price": "30.62",
            "revenue": 1570279
        },
        "2008-10": {
            "month": "2008-10",
            "price": "25.64",
            "revenue": 1319355
        },
        "2008-11": {
            "month": "2008-11",
            "price": "24.02",
            "revenue": 835030
        },
        "2008-12": {
            "month": "2008-12",
            "price": "22.94",
            "revenue": 683007
        },
        "2009-01": {
            "month": "2009-01",
            "price": "23.60",
            "revenue": 1040070
        },
        "2009-02": {
            "month": "2009-02",
            "price": "24.07",
            "revenue": 753672
        },
        "2009-03": {
            "month": "2009-03",
            "price": "30.63",
            "revenue": 992060
        },
        "2009-04": {
            "month": "2009-04",
            "price": "35.82",
            "revenue": 1041910
        },
        "2009-05": {
            "month": "2009-05",
            "price": "43.62",
            "revenue": 1007720
        },
        "2009-06": {
            "month": "2009-06",
            "price": "47.76",
            "revenue": 860506
        },
        "2009-07": {
            "month": "2009-07",
            "price": "52.77",
            "revenue": 1095503
        },
        "2009-08": {
            "month": "2009-08",
            "price": "58.70",
            "revenue": 1505172
        },
        "2009-09": {
            "month": "2009-09",
            "price": "60.70",
            "revenue": 1483973
        },
        "2009-10": {
            "month": "2009-10",
            "price": "59.03",
            "revenue": 1688980
        },
        "2009-11": {
            "month": "2009-11",
            "price": "59.06",
            "revenue": 926046
        },
        "2009-12": {
            "month": "2009-12",
            "price": "59.24",
            "revenue": 939261
        },
        "2010-01": {
            "month": "2010-01",
            "price": "59.65",
            "revenue": 1315021
        },
        "2010-02": {
            "month": "2010-02",
            "price": "58.95",
            "revenue": 843092
        },
        "2010-03": {
            "month": "2010-03",
            "price": "68.88",
            "revenue": 1152451
        },
        "2010-04": {
            "month": "2010-04",
            "price": "71.43",
            "revenue": 1013894
        },
        "2010-05": {
            "month": "2010-05",
            "price": "71.08",
            "revenue": 985362
        },
        "2010-06": {
            "month": "2010-06",
            "price": "74.17",
            "revenue": 937951
        },
        "2010-07": {
            "month": "2010-07",
            "price": "74.20",
            "revenue": 1278272
        },
        "2010-08": {
            "month": "2010-08",
            "price": "74.78",
            "revenue": 1476960
        },
        "2010-09": {
            "month": "2010-09",
            "price": "74.82",
            "revenue": 1640416
        },
        "2010-10": {
            "month": "2010-10",
            "price": "70.99",
            "revenue": 2039594
        },
        "2010-11": {
            "month": "2010-11",
            "price": "70.64",
            "revenue": 777037
        },
        "2010-12": {
            "month": "2010-12",
            "price": "69.68",
            "revenue": 698035
        },
        "2011-01": {
            "month": "2011-01",
            "price": "67.60",
            "revenue": 1501444
        },
        "2011-02": {
            "month": "2011-02",
            "price": "69.03",
            "revenue": 831582
        },
        "2011-03": {
            "month": "2011-03",
            "price": "68.34",
            "revenue": 1239514
        },
        "2011-04": {
            "month": "2011-04",
            "price": "69.48",
            "revenue": 1283166
        },
        "2011-05": {
            "month": "2011-05",
            "price": "74.61",
            "revenue": 1075474
        },
        "2011-06": {
            "month": "2011-06",
            "price": "76.41",
            "revenue": 886187
        },
        "2011-07": {
            "month": "2011-07",
            "price": "74.87",
            "revenue": 1278168
        },
        "2011-08": {
            "month": "2011-08",
            "price": "69.38",
            "revenue": 1310070
        },
        "2011-09": {
            "month": "2011-09",
            "price": "66.85",
            "revenue": 1559985
        },
        "2011-10": {
            "month": "2011-10",
            "price": "65.44",
            "revenue": 2223822
        },
        "2011-11": {
            "month": "2011-11",
            "price": "68.79",
            "revenue": 1012084
        },
        "2011-12": {
            "month": "2011-12",
            "price": "68.44",
            "revenue": 921894
        },
        "2012-01": {
            "month": "2012-01",
            "price": "70.72",
            "revenue": 1508664
        },
        "2012-02": {
            "month": "2012-02",
            "price": "76.46",
            "revenue": 1065650
        },
        "2012-03": {
            "month": "2012-03",
            "price": "82.32",
            "revenue": 1359226
        },
        "2012-04": {
            "month": "2012-04",
            "price": "85.74",
            "revenue": 1511305
        },
        "2012-05": {
            "month": "2012-05",
            "price": "86.10",
            "revenue": 1008983
        },
        "2012-06": {
            "month": "2012-06",
            "price": "84.51",
            "revenue": 1021901
        },
        "2012-07": {
            "month": "2012-07",
            "price": "85.60",
            "revenue": 1358631
        },
        "2012-08": {
            "month": "2012-08",
            "price": "84.94",
            "revenue": 1159518
        },
        "2012-09": {
            "month": "2012-09",
            "price": "84.41",
            "revenue": 2087568
        },
        "2012-10": {
            "month": "2012-10",
            "price": "88.10",
            "revenue": 2041529
        },
        "2012-11": {
            "month": "2012-11",
            "price": "89.71",
            "revenue": 949498
        },
        "2012-12": {
            "month": "2012-12",
            "price": "88.53",
            "revenue": 794386
        },
        "2013-01": {
            "month": "2013-01",
            "price": "95.83",
            "revenue": 1502596
        },
        "2013-02": {
            "month": "2013-02",
            "price": "97.70",
            "revenue": 1366814
        },
        "2013-03": {
            "month": "2013-03",
            "price": "104.98",
            "revenue": 1428210
        },
        "2013-04": {
            "month": "2013-04",
            "price": "121.50",
            "revenue": 1354616
        },
        "2013-05": {
            "month": "2013-05",
            "price": "127.91",
            "revenue": 1273185
        },
        "2013-06": {
            "month": "2013-06",
            "price": "142.21",
            "revenue": 1494957
        },
        "2013-07": {
            "month": "2013-07",
            "price": "169.43",
            "revenue": 1480764
        },
        "2013-08": {
            "month": "2013-08",
            "price": "159.17",
            "revenue": 1565793
        },
        "2013-09": {
            "month": "2013-09",
            "price": "151.78",
            "revenue": 2120702
        },
        "2013-10": {
            "month": "2013-10",
            "price": "166.98",
            "revenue": 1909885
        },
        "2013-11": {
            "month": "2013-11",
            "price": "172.52",
            "revenue": 1127462
        },
        "2013-12": {
            "month": "2013-12",
            "price": "158.02",
            "revenue": 1285952
        },
        "2014-01": {
            "month": "2014-01",
            "price": "152.00",
            "revenue": 1720272
        },
        "2014-02": {
            "month": "2014-02",
            "price": "158.76",
            "revenue": 1836259
        },
        "2014-03": {
            "month": "2014-03",
            "price": "166.90",
            "revenue": 1656650
        },
        "2014-04": {
            "month": "2014-04",
            "price": "161.52",
            "revenue": 1447240
        },
        "2014-05": {
            "month": "2014-05",
            "price": "152.98",
            "revenue": 1415734
        },
        "2014-06": {
            "month": "2014-06",
            "price": "155.10",
            "revenue": 1491611
        },
        "2014-07": {
            "month": "2014-07",
            "price": "156.57",
            "revenue": 1651113
        },
        "2014-08": {
            "month": "2014-08",
            "price": "148.62",
            "revenue": 2035935
        },
        "2014-09": {
            "month": "2014-09",
            "price": "150.60",
            "revenue": 2265046
        },
        "2014-10": {
            "month": "2014-10",
            "price": "158.55",
            "revenue": 2453499
        },
        "2014-11": {
            "month": "2014-11",
            "price": "157.50",
            "revenue": 1290745
        },
        "2014-12": {
            "month": "2014-12",
            "price": "161.77",
            "revenue": 1624694
        },
        "2015-01": {
            "month": "2015-01",
            "price": "174.18",
            "revenue": 1977554
        },
        "2015-02": {
            "month": "2015-02",
            "price": "184.31",
            "revenue": 1587966
        },
        "2015-03": {
            "month": "2015-03",
            "price": "209.32",
            "revenue": 2216508
        },
        "2015-04": {
            "month": "2015-04",
            "price": "232.15",
            "revenue": 1685801
        },
        "2015-05": {
            "month": "2015-05",
            "price": "255.72",
            "revenue": 1446759
        },
        "2015-06": {
            "month": "2015-06",
            "price": "267.55",
            "revenue": 1842708
        },
        "2015-07": {
            "month": "2015-07",
            "price": "262.86",
            "revenue": 2100185
        },
        "2015-08": {
            "month": "2015-08",
            "price": "264.07",
            "revenue": 2256195
        },
        "2015-09": {
            "month": "2015-09",
            "price": "274.62",
            "revenue": 2630421
        },
        "2015-10": {
            "month": "2015-10",
            "price": "251.98",
            "revenue": 2394543
        },
        "2015-11": {
            "month": "2015-11",
            "price": "224.48",
            "revenue": 1418965
        },
        "2015-12": {
            "month": "2015-12",
            "price": "226.74",
            "revenue": 1800901
        },
        "2016-01": {
            "month": "2016-01",
            "price": "211.55",
            "revenue": 2341912
        },
        "2016-02": {
            "month": "2016-02",
            "price": "217.85",
            "revenue": 1770940
        },
        "2016-03": {
            "month": "2016-03",
            "price": "198.65",
            "revenue": 2196574
        },
        "2016-04": {
            "month": "2016-04",
            "price": "178.05",
            "revenue": 1600417
        },
        "2016-05": {
            "month": "2016-05",
            "price": "160.81",
            "revenue": 1425521
        },
        "2016-06": {
            "month": "2016-06",
            "price": "152.52",
            "revenue": 1566141
        },
        "2016-07": {
            "month": "2016-07",
            "price": "159.90",
            "revenue": 1967355
        },
        "2016-08": {
            "month": "2016-08",
            "price": "151.15",
            "revenue": 1786617
        },
        "2016-09": {
            "month": "2016-09",
            "price": "148.24",
            "revenue": 2420140
        },
        "2016-10": {
            "month": "2016-10",
            "price": "138.82",
            "revenue": 1997651
        },
        "2016-11": {
            "month": "2016-11",
            "price": "115.41",
            "revenue": 1303914
        },
        "2016-12": {
            "month": "2016-12",
            "price": "124.55",
            "revenue": 1750757
        },
        "2017-01": {
            "month": "2017-01",
            "price": "121.56",
            "revenue": 1805828
        },
        "2017-02": {
            "month": "2017-02",
            "price": "117.86",
            "revenue": 1619254
        },
        "2017-03": {
            "month": "2017-03",
            "price": "126.30",
            "revenue": 2106121
        },
        "2017-04": {
            "month": "2017-04",
            "price": "122.61",
            "revenue": 1460181
        },
        "2017-05": {
            "month": "2017-05",
            "price": "132.80",
            "revenue": 1306139
        },
        "2017-06": {
            "month": "2017-06",
            "price": "140.80",
            "revenue": 1920671
        },
        "2017-07": {
            "month": "2017-07",
            "price": "139.79",
            "revenue": 2298797
        },
        "2017-08": {
            "month": "2017-08",
            "price": "138.72",
            "revenue": 2072747
        },
        "2017-09": {
            "month": "2017-09",
            "price": "135.66",
            "revenue": 2550600
        },
        "2017-10": {
            "month": "2017-10",
            "price": "135.61",
            "revenue": 1992842
        },
        "2017-11": {
            "month": "2017-11",
            "price": "126.86",
            "revenue": 1383993
        },
        "2017-12": {
            "month": "2017-12",
            "price": "122.55",
            "revenue": 1857829
        },
        "2018-01": {
            "month": "2018-01",
            "price": "132.57",
            "revenue": 1577461
        },
        "2018-02": {
            "month": "2018-02",
            "price": "131.19",
            "revenue": 1699987
        },
        "2018-03": {
            "month": "2018-03",
            "price": "134.59",
            "revenue": 1853640
        },
        "2018-04": {
            "month": "2018-04",
            "price": "138.94",
            "revenue": 1617784
        },
        "2018-05": {
            "month": "2018-05",
            "price": "137.75",
            "revenue": 1470164
        },
        "2018-06": {
            "month": "2018-06",
            "price": "135.05",
            "revenue": 1977292
        },
        "2018-07": {
            "month": "2018-07",
            "price": "135.98",
            "revenue": 2373439
        },
        "2018-08": {
            "month": "2018-08",
            "price": "149.24",
            "revenue": 2118330
        },
        "2018-09": {
            "month": "2018-09",
            "price": "152.39",
            "revenue": 3137792
        },
        "2018-10": {
            "month": "2018-10",
            "price": "159.64",
            "revenue": 2245170
        },
        "2018-11": {
            "month": "2018-11",
            "price": "172.11",
            "revenue": 1615263
        },
        "2018-12": {
            "month": "2018-12",
            "price": "166.50",
            "revenue": 2243315
        },
        "2019-01": {
            "month": "2019-01",
            "price": "183.67",
            "revenue": 2143944
        },
        "2019-02": {
            "month": "2019-02",
            "price": "192.88",
            "revenue": 2075192
        },
        "2019-03": {
            "month": "2019-03",
            "price": "202.85",
            "revenue": 2500439
        },
        "2019-04": {
            "month": "2019-04",
            "price": "211.98",
            "revenue": 1819006
        },
        "2019-05": {
            "month": "2019-05",
            "price": "215.18",
            "revenue": 2062743
        },
        "2019-06": {
            "month": "2019-06",
            "price": "207.13",
            "revenue": 2298489
        },
        "2019-07": {
            "month": "2019-07",
            "price": "202.02",
            "revenue": 2124835
        },
        "2019-08": {
            "month": "2019-08",
            "price": "180.19",
            "revenue": 2416786
        },
        "2019-09": {
            "month": "2019-09",
            "price": "175.66",
            "revenue": 3156364
        },
        "2019-10": {
            "month": "2019-10",
            "price": "168.19",
            "revenue": 2237389
        },
        "2019-11": {
            "month": "2019-11",
            "price": "155.55",
            "revenue": 2077871
        },
        "2019-12": {
            "month": "2019-12",
            "price": "155.32",
            "revenue": 2134444
        },
        "2020-01": {
            "month": "2020-01",
            "price": "154.93",
            "revenue": 2092533
        },
        "2020-02": {
            "month": "2020-02",
            "price": "150.66",
            "revenue": 1693577
        },
        "2020-03": {
            "month": "2020-03",
            "price": "121.15",
            "revenue": 2344774
        },
        "2020-04": {
            "month": "2020-04",
            "price": "117.08",
            "revenue": 1133062
        },
        "2020-05": {
            "month": "2020-05",
            "price": "127.78",
            "revenue": 1438613
        },
        "2020-06": {
            "month": "2020-06",
            "price": "157.48",
            "revenue": 2153860
        },
        "2020-07": {
            "month": "2020-07",
            "price": "168.39",
            "revenue": 2220229
        },
        "2020-08": {
            "month": "2020-08",
            "price": "189.05",
            "revenue": 3116299
        },
        "2020-09": {
            "month": "2020-09",
            "price": "184.39",
            "revenue": 2690100
        },
        "2020-10": {
            "month": "2020-10",
            "price": "179.53",
            "revenue": 2123190
        },
        "2020-11": {
            "month": "2020-11",
            "price": "188.98",
            "revenue": 1761346
        },
        "2020-12": {
            "month": "2020-12",
            "price": "189.87",
            "revenue": 2156588
        },
        "2021-01": {
            "month": "2021-01",
            "price": "193.72",
            "revenue": 2381607
        },
        "2021-02": {
            "month": "2021-02",
            "price": "200.77",
            "revenue": 1806671
        },
        "2021-03": {
            "month": "2021-03",
            "price": "222.91",
            "revenue": 2628521
        },
        "2021-04": {
            "month": "2021-04",
            "price": "247.16",
            "revenue": 2345903
        },
        "2021-05": {
            "month": "2021-05",
            "price": "262.00",
            "revenue": 1560469
        },
        "2021-06": {
            "month": "2021-06",
            "price": "268.38",
            "revenue": 2214611
        },
        "2021-07": {
            "month": "2021-07",
            "price": "245.82",
            "revenue": 3049327
        },
        "2021-08": {
            "month": "2021-08",
            "price": "232.70",
            "revenue": 2754378
        },
        "2021-09": {
            "month": "2021-09",
            "price": "247.20",
            "revenue": 2492715
        },
        "2021-10": {
            "month": "2021-10",
            "price": "223.82",
            "revenue": 2262641
        },
        "2021-11": {
            "month": "2021-11",
            "price": "236.16",
            "revenue": 2255666
        },
        "2021-12": {
            "month": "2021-12",
            "price": "245.55",
            "revenue": 3177996
        },
        "2022-01": {
            "month": "2022-01",
            "price": "243.58",
            "revenue": 2857690
        },
        "2022-02": {
            "month": "2022-02",
            "price": "226.33",
            "revenue": 2557570
        },
        "2022-03": {
            "month": "2022-03",
            "price": "204.37",
            "revenue": 2556267
        },
        "2022-04": {
            "month": "2022-04",
            "price": "187.32",
            "revenue": 2312614
        },
        "2022-05": {
            "month": "2022-05",
            "price": "164.07",
            "revenue": 2400651
        },
        "2022-06": {
            "month": "2022-06",
            "price": "160.64",
            "revenue": 2627755
        },
        "2022-07": {
            "month": "2022-07",
            "price": "141.21",
            "revenue": 3718403
        },
        "2022-08": {
            "month": "2022-08",
            "price": "172.02",
            "revenue": 3261778
        },
        "2022-09": {
            "month": "2022-09",
            "price": "195.24",
            "revenue": 2427157
        },
        "2022-10": {
            "month": "2022-10",
            "price": "195.50",
            "revenue": 2431827
        },
        "2022-11": {
            "month": "2022-11",
            "price": "218.23",
            "revenue": 2462831
        },
        "2022-12": {
            "month": "2022-12",
            "price": "238.43",
            "revenue": 2468373
        },
        "2023-01": {
            "month": "2023-01",
            "price": "227.42",
            "revenue": 2387509
        },
        "2023-02": {
            "month": "2023-02",
            "price": "219.56",
            "revenue": 2653731
        },
        "2023-03": {
            "month": "2023-03",
            "price": "222.24",
            "revenue": 2793020
        },
        "2023-04": {
            "month": "2023-04",
            "price": "221.38",
            "revenue": 2098860
        },
        "2023-05": {
            "month": "2023-05",
            "price": "225.45",
            "revenue": 2325560
        },
        "2023-06": {
            "month": "2023-06",
            "price": "251.02",
            "revenue": 2799688
        },
        "2023-07": {
            "month": "2023-07",
            "price": "302.21",
            "revenue": 2966123
        },
        "2023-08": {
            "month": "2023-08",
            "price": "314.86",
            "revenue": 3505603
        },
        "2023-09": {
            "month": "2023-09",
            "price": "330.98",
            "revenue": 2800342
        },
        "2023-10": {
            "month": "2023-10",
            "price": "355.85",
            "revenue": 2477334
        },
        "2023-11": {
            "month": "2023-11",
            "price": "375.82",
            "revenue": 2415601
        },
        "2023-12": {
            "month": "2023-12",
            "price": "348.52",
            "revenue": 3235356
        }
    }
}
