{
    "summary": {
        "stock_name": "士電",
        "stock_id": "1503",
        "category": "電機機械",
        "main_business": "重電機械類<br>電氣機器類<br>租賃類",
        "website_url": "http://www.seec.com.tw",
        "ceo": "謝漢章",
        "pe_ratio": 40,
        "report_year_from": 2001,
        "report_year_to": 2023,
        "age": 23,
        "eps_negative_percentage": 0,
        "eps_growth_avg": {
            "last_all": 10.81,
            "last_2y": 10.58,
            "last_4y": 8.19,
            "last_8y": 5.85,
            "last_12y": 7.64,
            "last_16y": 7.29,
            "last_20y": 9.84,
            "at_2006_last_3y": 20.69,
            "at_2007_last_3y": 25.35,
            "at_2008_last_3y": 10.8,
            "at_2009_last_3y": 30.99,
            "at_2010_last_3y": 6.14,
            "at_2011_last_3y": 8.38,
            "at_2012_last_3y": 11.19,
            "at_2013_last_3y": -8.24,
            "at_2014_last_3y": 11.68,
            "at_2015_last_3y": 4.06,
            "at_2016_last_3y": 7.26,
            "at_2017_last_3y": 3.36,
            "at_2018_last_3y": 2.92,
            "at_2019_last_3y": 7.75,
            "at_2020_last_3y": 5.53,
            "at_2021_last_3y": 8.47,
            "at_2022_last_3y": 9.72,
            "at_2023_last_3y": 5.83,
            "at_2024_last_3y": 5.83,
            "at_2006_last_all": 22.78,
            "at_2007_last_all": 22.3,
            "at_2008_last_all": 15.74,
            "at_2009_last_all": 26.27,
            "at_2010_last_all": 15.39,
            "at_2011_last_all": 16.73,
            "at_2012_last_all": 14.09,
            "at_2013_last_all": 14.77,
            "at_2014_last_all": 14.25,
            "at_2015_last_all": 13.11,
            "at_2016_last_all": 12.27,
            "at_2017_last_all": 11.92,
            "at_2018_last_all": 11.58,
            "at_2019_last_all": 11.92,
            "at_2020_last_all": 10.85,
            "at_2021_last_all": 11.23,
            "at_2022_last_all": 11.23,
            "at_2023_last_all": 10.81,
            "at_2024_last_all": 10.81
        },
        "latest_eps": 4.46,
        "latest_price": 180,
        "latest_roe": 8.08,
        "latest_gross_margin": 17.83,
        "latest_equity": 32608568,
        "latest_revenue": 7700429,
        "latest_gross_profit": 1372752,
        "latest_net_income": 694205,
        "latest_debt_ratio": 38.68,
        "latest_current_ratio": 131.19,
        "latest_account_receivable_turnover_ratio": 0.99,
        "latest_inventory_turnover_ratio": 0.68,
        "latest_reinvestment_rate": 68.21,
        "latest_research_to_sale_ratio": 1.99
    },
    "eps_dividends": {
        "1991": {
            "cash": 0.5,
            "stock": 1.5,
            "eps": 0
        },
        "1992": {
            "cash": 0.5,
            "stock": 1,
            "eps": 0
        },
        "1993": {
            "cash": 0.7,
            "stock": 0.8,
            "eps": 0
        },
        "1994": {
            "cash": 0.5,
            "stock": 1,
            "eps": 0
        },
        "1995": {
            "cash": 0,
            "stock": 1.75,
            "eps": 0
        },
        "1996": {
            "cash": 0.7,
            "stock": 0.8,
            "eps": 0
        },
        "1997": {
            "cash": 1,
            "stock": 0.5,
            "eps": 0
        },
        "1998": {
            "cash": 0.3,
            "stock": 1.2,
            "eps": 0
        },
        "1999": {
            "cash": 0.4,
            "stock": 0.8,
            "eps": 0
        },
        "2000": {
            "cash": 0.4,
            "stock": 0.6,
            "eps": 0
        },
        "2001": {
            "cash": 0.6,
            "stock": 0.4,
            "eps": 0.61
        },
        "2002": {
            "cash": 0.3,
            "stock": 0,
            "eps": 0.8
        },
        "2003": {
            "cash": 0.5,
            "stock": 0,
            "eps": 0.81
        },
        "2004": {
            "cash": 0.6,
            "stock": 0,
            "eps": 1.09
        },
        "2005": {
            "cash": 1,
            "stock": 0,
            "eps": 1.3
        },
        "2006": {
            "cash": 1.2,
            "stock": 0,
            "eps": 1.66
        },
        "2007": {
            "cash": 1.2,
            "stock": 0,
            "eps": 1.99
        },
        "2008": {
            "cash": 1.2,
            "stock": 0,
            "eps": 1.52
        },
        "2009": {
            "cash": 0.6,
            "stock": 0,
            "eps": 5.76
        },
        "2010": {
            "cash": 1.2,
            "stock": 0,
            "eps": 1.63
        },
        "2011": {
            "cash": 2.4,
            "stock": 0,
            "eps": 2.1
        },
        "2012": {
            "cash": 0,
            "stock": 0,
            "eps": 1.84
        },
        "2013": {
            "cash": 1,
            "stock": 0,
            "eps": 2.25
        },
        "2014": {
            "cash": 1.4,
            "stock": 0,
            "eps": 2.43
        },
        "2015": {
            "cash": 1.5,
            "stock": 0,
            "eps": 2.39
        },
        "2016": {
            "cash": 1.5,
            "stock": 0,
            "eps": 2.4
        },
        "2017": {
            "cash": 1.2,
            "stock": 0,
            "eps": 2.56
        },
        "2018": {
            "cash": 1.3,
            "stock": 0,
            "eps": 2.72
        },
        "2019": {
            "cash": 1.5,
            "stock": 0,
            "eps": 3.2
        },
        "2020": {
            "cash": 1.6,
            "stock": 0,
            "eps": 2.93
        },
        "2021": {
            "cash": 1.6,
            "stock": 0,
            "eps": 3.47
        },
        "2022": {
            "cash": 1.8,
            "stock": 0,
            "eps": 3.86
        },
        "2023": {
            "cash": 2,
            "stock": 0,
            "eps": 3.94
        }
    },
    "dividends": {
        "1991-04-26": {
            "cash": 0.5,
            "stock": 1.5
        },
        "1992-04-23": {
            "cash": 0.5,
            "stock": 1
        },
        "1993-04-22": {
            "cash": 0.7,
            "stock": 0.8
        },
        "1994-04-26": {
            "cash": 0.5,
            "stock": 1
        },
        "1995-04-24": {
            "cash": 0,
            "stock": 1.75
        },
        "1996-04-18": {
            "cash": 0.7,
            "stock": 0.8
        },
        "1997-04-28": {
            "cash": 1,
            "stock": 0.5
        },
        "1998-04-23": {
            "cash": 0.3,
            "stock": 1.2
        },
        "1999-04-26": {
            "cash": 0.4,
            "stock": 0.8
        },
        "2000-04-27": {
            "cash": 0.4,
            "stock": 0.6
        },
        "2001-04-26": {
            "cash": 0.6,
            "stock": 0.4
        },
        "2002-05-28": {
            "cash": 0.3,
            "stock": 0
        },
        "2003-05-27": {
            "cash": 0.5,
            "stock": 0
        },
        "2004-05-27": {
            "cash": 0.6,
            "stock": 0
        },
        "2005-03-02": {
            "cash": 1,
            "stock": 0
        },
        "2006-03-01": {
            "cash": 1.2,
            "stock": 0
        },
        "2007-03-01": {
            "cash": 1.2,
            "stock": 0
        },
        "2008-03-04": {
            "cash": 1.2,
            "stock": 0
        },
        "2009-03-06": {
            "cash": 0.6,
            "stock": 0
        },
        "2010-03-05": {
            "cash": 1.2,
            "stock": 0
        },
        "2011-01-01": {
            "cash": 1.2,
            "stock": 0
        },
        "2011-03-04": {
            "cash": 1.2,
            "stock": 0
        },
        "2013-03-01": {
            "cash": 1,
            "stock": 0
        },
        "2014-08-25": {
            "cash": 1.4,
            "stock": 0
        },
        "2015-08-24": {
            "cash": 1.5,
            "stock": 0
        },
        "2016-08-30": {
            "cash": 1.5,
            "stock": 0
        },
        "2017-08-29": {
            "cash": 1.2,
            "stock": 0
        },
        "2018-08-28": {
            "cash": 1.3,
            "stock": 0
        },
        "2019-08-27": {
            "cash": 1.5,
            "stock": 0
        },
        "2020-08-25": {
            "cash": 1.6,
            "stock": 0
        },
        "2021-10-19": {
            "cash": 1.6,
            "stock": 0
        },
        "2022-08-05": {
            "cash": 1.8,
            "stock": 0
        },
        "2023-07-17": {
            "cash": 2,
            "stock": 0
        }
    },
    "prices": {
        "200101": "19.99",
        "200102": "21.27",
        "200103": "20.18",
        "200104": "19.54",
        "200105": "17.85",
        "200106": "16.55",
        "200107": "13.11",
        "200108": "13.62",
        "200109": "15.66",
        "200110": "14.80",
        "200111": "14.39",
        "200112": "15.90",
        "200201": "16.38",
        "200202": "16.32",
        "200203": "17.12",
        "200204": "18.00",
        "200205": "17.56",
        "200206": "18.28",
        "200207": "18.23",
        "200208": "17.00",
        "200209": "15.38",
        "200210": "15.35",
        "200211": "16.17",
        "200212": "17.50",
        "200301": "18.56",
        "200302": "17.31",
        "200303": "16.78",
        "200304": "15.94",
        "200305": "15.17",
        "200306": "16.92",
        "200307": "17.43",
        "200308": "18.54",
        "200309": "19.06",
        "200310": "19.57",
        "200311": "19.51",
        "200312": "19.09",
        "200401": "19.93",
        "200402": "24.35",
        "200403": "24.21",
        "200404": "22.49",
        "200405": "19.59",
        "200406": "19.58",
        "200407": "19.41",
        "200408": "19.14",
        "200409": "20.57",
        "200410": "20.98",
        "200411": "20.86",
        "200412": "20.75",
        "200501": "21.55",
        "200502": "21.82",
        "200503": "23.68",
        "200504": "23.02",
        "200505": "22.68",
        "200506": "26.37",
        "200507": "27.88",
        "200508": "29.43",
        "200509": "27.21",
        "200510": "25.53",
        "200511": "23.71",
        "200512": "25.54",
        "200601": "26.24",
        "200602": "24.71",
        "200603": "23.85",
        "200604": "27.90",
        "200605": "35.98",
        "200606": "32.58",
        "200607": "32.50",
        "200608": "30.37",
        "200609": "29.58",
        "200610": "32.74",
        "200611": "33.75",
        "200612": "35.12",
        "200701": "32.95",
        "200702": "33.03",
        "200703": "33.06",
        "200704": "33.21",
        "200705": "31.85",
        "200706": "32.35",
        "200707": "37.74",
        "200708": "35.37",
        "200709": "34.94",
        "200710": "34.86",
        "200711": "33.15",
        "200712": "32.38",
        "200801": "34.05",
        "200802": "36.64",
        "200803": "39.33",
        "200804": "41.51",
        "200805": "41.53",
        "200806": "39.46",
        "200807": "34.27",
        "200808": "34.57",
        "200809": "31.18",
        "200810": "24.33",
        "200811": "26.42",
        "200812": "29.07",
        "200901": "28.84",
        "200902": "27.37",
        "200903": "29.78",
        "200904": "33.24",
        "200905": "39.43",
        "200906": "38.28",
        "200907": "38.89",
        "200908": "38.17",
        "200909": "40.95",
        "200910": "40.92",
        "200911": "40.33",
        "200912": "40.50",
        "201001": "40.58",
        "201002": "37.84",
        "201003": "38.37",
        "201004": "38.75",
        "201005": "36.73",
        "201006": "35.01",
        "201007": "34.76",
        "201008": "36.49",
        "201009": "35.91",
        "201010": "36.41",
        "201011": "37.83",
        "201012": "38.76",
        "201101": "38.97",
        "201102": "36.56",
        "201103": "36.09",
        "201104": "35.96",
        "201105": "36.40",
        "201106": "36.06",
        "201107": "36.30",
        "201108": "33.53",
        "201109": "31.58",
        "201110": "30.78",
        "201111": "31.27",
        "201112": "30.60",
        "201201": "31.71",
        "201202": "32.92",
        "201203": "32.98",
        "201204": "34.26",
        "201205": "35.00",
        "201206": "34.99",
        "201207": "34.89",
        "201208": "34.82",
        "201209": "35.31",
        "201210": "34.94",
        "201211": "35.77",
        "201212": "35.73",
        "201301": "35.78",
        "201302": "35.83",
        "201303": "35.60",
        "201304": "35.47",
        "201305": "35.68",
        "201306": "35.43",
        "201307": "34.89",
        "201308": "35.27",
        "201309": "36.61",
        "201310": "38.05",
        "201311": "37.66",
        "201312": "37.74",
        "201401": "37.94",
        "201402": "37.49",
        "201403": "37.31",
        "201404": "36.74",
        "201405": "36.64",
        "201406": "37.05",
        "201407": "38.41",
        "201408": "40.92",
        "201409": "41.02",
        "201410": "40.21",
        "201411": "39.82",
        "201412": "39.64",
        "201501": "39.42",
        "201502": "39.88",
        "201503": "39.85",
        "201504": "40.15",
        "201505": "40.71",
        "201506": "38.46",
        "201507": "38.28",
        "201508": "38.12",
        "201509": "39.92",
        "201510": "40.02",
        "201511": "40.02",
        "201512": "39.71",
        "201601": "39.61",
        "201602": "39.69",
        "201603": "39.59",
        "201604": "39.44",
        "201605": "39.68",
        "201606": "39.90",
        "201607": "40.17",
        "201608": "39.22",
        "201609": "39.35",
        "201610": "40.13",
        "201611": "40.18",
        "201612": "39.91",
        "201701": "40.38",
        "201702": "41.15",
        "201703": "40.93",
        "201704": "40.62",
        "201705": "40.58",
        "201706": "40.92",
        "201707": "41.30",
        "201708": "40.78",
        "201709": "41.77",
        "201710": "41.56",
        "201711": "41.26",
        "201712": "41.49",
        "201801": "41.30",
        "201802": "40.73",
        "201803": "41.33",
        "201804": "41.65",
        "201805": "41.30",
        "201806": "41.08",
        "201807": "40.95",
        "201808": "41.47",
        "201809": "45.65",
        "201810": "41.82",
        "201811": "40.37",
        "201812": "40.45",
        "201901": "40.47",
        "201902": "41.50",
        "201903": "41.96",
        "201904": "42.25",
        "201905": "44.16",
        "201906": "46.37",
        "201907": "46.69",
        "201908": "42.89",
        "201909": "44.89",
        "201910": "45.54",
        "201911": "45.46",
        "201912": "45.09",
        "202001": "45.84",
        "202002": "44.79",
        "202003": "40.90",
        "202004": "41.26",
        "202005": "43.95",
        "202006": "45.76",
        "202007": "47.36",
        "202008": "47.44",
        "202009": "49.27",
        "202010": "49.41",
        "202011": "50.77",
        "202012": "50.25",
        "202101": "49.22",
        "202102": "48.69",
        "202103": "48.93",
        "202104": "50.34",
        "202105": "50.05",
        "202106": "52.69",
        "202107": "53.45",
        "202108": "51.83",
        "202109": "51.16",
        "202110": "50.94",
        "202111": "53.41",
        "202112": "53.51",
        "202201": "53.00",
        "202202": "52.49",
        "202203": "51.98",
        "202204": "52.19",
        "202205": "57.03",
        "202206": "60.06",
        "202207": "62.15",
        "202208": "62.34",
        "202209": "61.01",
        "202210": "54.80",
        "202211": "56.76",
        "202212": "59.91",
        "202301": "63.47",
        "202302": "72.84",
        "202303": "81.70",
        "202304": "93.27",
        "202305": "126.39",
        "202306": "150.68",
        "202307": "152.60",
        "202308": "130.66",
        "202309": "116.02",
        "202310": "106.26",
        "202311": "99.56",
        "202312": "120.55"
    },
    "quarters": {
        "20011": {
            "year_quarter": 20011,
            "year": 2001,
            "quarter": 1,
            "eps": 0.29,
            "eps_growth_year": -21.62,
            "eps_4q": 0.96,
            "eps_4q_growth_year": -8.66,
            "roe": 1.61,
            "roe_4q": 1.61,
            "gross_profit": 353313,
            "gross_margin": 14.88,
            "gross_margin_4q_avg": 14.88,
            "net_income": 144762,
            "net_income_4q": null,
            "revenue": 2374582,
            "revenue_4q": null,
            "common_shares": 5008531,
            "book_valuer_per_share": 18.26,
            "book_valuer_per_share_4q_avg": 18.26,
            "equity": 9143577,
            "current_ratio": 158.65,
            "debt_ratio": 40.6,
            "inventory_turnover_ratio": 0.95,
            "account_receivable_turnover_ratio": null,
            "reinvestment_rate": null,
            "research_to_sale_ratio": null,
            "price_fair": 0,
            "eps_avg_yearly": 0,
            "eps_latest_yearly": 0,
            "eps_growth_yearly": 0
        },
        "20012": {
            "year_quarter": 20012,
            "year": 2001,
            "quarter": 2,
            "eps": 0.14,
            "eps_growth_year": -63.16,
            "eps_4q": 0.72,
            "eps_4q_growth_year": -35.79,
            "roe": 0.77,
            "roe_4q": 2.38,
            "gross_profit": 403120,
            "gross_margin": 15.63,
            "gross_margin_4q_avg": 15.26,
            "net_income": 69575,
            "net_income_4q": null,
            "revenue": 2579812,
            "revenue_4q": null,
            "common_shares": 5008531,
            "book_valuer_per_share": 17.67,
            "book_valuer_per_share_4q_avg": 17.97,
            "equity": 8849089,
            "current_ratio": 146.33,
            "debt_ratio": 43.27,
            "inventory_turnover_ratio": 1.05,
            "account_receivable_turnover_ratio": null,
            "reinvestment_rate": null,
            "research_to_sale_ratio": null,
            "price_fair": 0,
            "eps_avg_yearly": 0,
            "eps_latest_yearly": 0,
            "eps_growth_yearly": 0
        },
        "20013": {
            "year_quarter": 20013,
            "year": 2001,
            "quarter": 3,
            "eps": 0.12,
            "eps_growth_year": -29.41,
            "eps_4q": 0.64,
            "eps_4q_growth_year": -36.03,
            "roe": 0.72,
            "roe_4q": 3.1,
            "gross_profit": 343568,
            "gross_margin": 16.41,
            "gross_margin_4q_avg": 15.64,
            "net_income": 64160,
            "net_income_4q": null,
            "revenue": 2093832,
            "revenue_4q": null,
            "common_shares": 5209722,
            "book_valuer_per_share": 17.16,
            "book_valuer_per_share_4q_avg": 17.7,
            "equity": 8942097,
            "current_ratio": 133.83,
            "debt_ratio": 43.89,
            "inventory_turnover_ratio": 0.83,
            "account_receivable_turnover_ratio": null,
            "reinvestment_rate": null,
            "research_to_sale_ratio": null,
            "price_fair": 0,
            "eps_avg_yearly": 0,
            "eps_latest_yearly": 0,
            "eps_growth_yearly": 0
        },
        "20014": {
            "year_quarter": 20014,
            "year": 2001,
            "quarter": 4,
            "eps": 0.06,
            "eps_growth_year": -50,
            "eps_4q": 0.57,
            "eps_4q_growth_year": -42.89,
            "roe": 0.37,
            "roe_4q": 3.4699999999999998,
            "gross_profit": 375840,
            "gross_margin": 14.4,
            "gross_margin_4q_avg": 15.33,
            "net_income": 32710,
            "net_income_4q": null,
            "revenue": 2609884,
            "revenue_4q": null,
            "common_shares": 5209722,
            "book_valuer_per_share": 17.18,
            "book_valuer_per_share_4q_avg": 17.57,
            "equity": 8952287,
            "current_ratio": 136.67,
            "debt_ratio": 43.35,
            "inventory_turnover_ratio": 1.09,
            "account_receivable_turnover_ratio": null,
            "reinvestment_rate": null,
            "research_to_sale_ratio": null,
            "price_fair": 0,
            "eps_avg_yearly": 0,
            "eps_latest_yearly": 0,
            "eps_growth_yearly": 0
        },
        "20021": {
            "year_quarter": 20021,
            "year": 2002,
            "quarter": 1,
            "eps": 0.34,
            "eps_growth_year": 17.24,
            "eps_4q": 0.67,
            "eps_4q_growth_year": -29.95,
            "roe": 1.93,
            "roe_4q": 3.7899999999999996,
            "gross_profit": 372299,
            "gross_margin": 14.72,
            "gross_margin_4q_avg": 15.29,
            "net_income": 170667,
            "net_income_4q": null,
            "revenue": 2528691,
            "revenue_4q": null,
            "common_shares": 5209722,
            "book_valuer_per_share": 16.81,
            "book_valuer_per_share_4q_avg": 17.21,
            "equity": 8758964,
            "current_ratio": 144.96,
            "debt_ratio": 43.02,
            "inventory_turnover_ratio": 1.15,
            "account_receivable_turnover_ratio": null,
            "reinvestment_rate": null,
            "research_to_sale_ratio": null,
            "price_fair": 47.6,
            "eps_avg_yearly": 1.36,
            "eps_latest_yearly": 1.36,
            "eps_growth_yearly": 1866.67
        },
        "20022": {
            "year_quarter": 20022,
            "year": 2002,
            "quarter": 2,
            "eps": 0.16,
            "eps_growth_year": 14.29,
            "eps_4q": 0.7,
            "eps_4q_growth_year": -2.86,
            "roe": 0.9,
            "roe_4q": 3.92,
            "gross_profit": 504517,
            "gross_margin": 18.66,
            "gross_margin_4q_avg": 16.05,
            "net_income": 78945,
            "net_income_4q": null,
            "revenue": 2703768,
            "revenue_4q": null,
            "common_shares": 5209722,
            "book_valuer_per_share": 17.01,
            "book_valuer_per_share_4q_avg": 17.04,
            "equity": 8860301,
            "current_ratio": 140.37,
            "debt_ratio": 43.89,
            "inventory_turnover_ratio": 1.16,
            "account_receivable_turnover_ratio": null,
            "reinvestment_rate": null,
            "research_to_sale_ratio": null,
            "price_fair": 35,
            "eps_avg_yearly": 1,
            "eps_latest_yearly": 0.64,
            "eps_growth_yearly": 827.45
        },
        "20023": {
            "year_quarter": 20023,
            "year": 2002,
            "quarter": 3,
            "eps": 0.28,
            "eps_growth_year": 133.33,
            "eps_4q": 0.83,
            "eps_4q_growth_year": 30.46,
            "roe": 1.61,
            "roe_4q": 4.8100000000000005,
            "gross_profit": 477585,
            "gross_margin": 18.42,
            "gross_margin_4q_avg": 16.55,
            "net_income": 143954,
            "net_income_4q": null,
            "revenue": 2593120,
            "revenue_4q": null,
            "common_shares": 5209722,
            "book_valuer_per_share": 17.24,
            "book_valuer_per_share_4q_avg": 17.06,
            "equity": 8980431,
            "current_ratio": 146.89,
            "debt_ratio": 42.73,
            "inventory_turnover_ratio": 1.06,
            "account_receivable_turnover_ratio": null,
            "reinvestment_rate": null,
            "research_to_sale_ratio": null,
            "price_fair": 36.4,
            "eps_avg_yearly": 1.04,
            "eps_latest_yearly": 1.12,
            "eps_growth_yearly": 651.63
        },
        "20024": {
            "year_quarter": 20024,
            "year": 2002,
            "quarter": 4,
            "eps": 0.02,
            "eps_growth_year": -66.67,
            "eps_4q": 0.72,
            "eps_4q_growth_year": 26.1,
            "roe": 0.12,
            "roe_4q": 4.56,
            "gross_profit": 418676,
            "gross_margin": 14.18,
            "gross_margin_4q_avg": 16.5,
            "net_income": 11247,
            "net_income_4q": null,
            "revenue": 2952502,
            "revenue_4q": null,
            "common_shares": 5209722,
            "book_valuer_per_share": 17.65,
            "book_valuer_per_share_4q_avg": 17.18,
            "equity": 9196017,
            "current_ratio": 121.32,
            "debt_ratio": 43.87,
            "inventory_turnover_ratio": 1.27,
            "account_receivable_turnover_ratio": null,
            "reinvestment_rate": -34.63,
            "research_to_sale_ratio": null,
            "price_fair": 28,
            "eps_avg_yearly": 0.8,
            "eps_latest_yearly": 0.08,
            "eps_growth_yearly": 395.87
        },
        "20031": {
            "year_quarter": 20031,
            "year": 2003,
            "quarter": 1,
            "eps": 0.25,
            "eps_growth_year": -26.47,
            "eps_4q": 0.7,
            "eps_4q_growth_year": 4.46,
            "roe": 1.4,
            "roe_4q": 4.03,
            "gross_profit": 518616,
            "gross_margin": 17.73,
            "gross_margin_4q_avg": 17.25,
            "net_income": 129632,
            "net_income_4q": null,
            "revenue": 2924985,
            "revenue_4q": null,
            "common_shares": 5209722,
            "book_valuer_per_share": 18.01,
            "book_valuer_per_share_4q_avg": 17.48,
            "equity": 9383076,
            "current_ratio": 126.42,
            "debt_ratio": 41.02,
            "inventory_turnover_ratio": 1.31,
            "account_receivable_turnover_ratio": null,
            "reinvestment_rate": -41.05,
            "research_to_sale_ratio": null,
            "price_fair": 29.4,
            "eps_avg_yearly": 0.84,
            "eps_latest_yearly": 1,
            "eps_growth_yearly": 1236.69
        },
        "20032": {
            "year_quarter": 20032,
            "year": 2003,
            "quarter": 2,
            "eps": 0.15,
            "eps_growth_year": -6.25,
            "eps_4q": 0.71,
            "eps_4q_growth_year": 1.54,
            "roe": 0.82,
            "roe_4q": 3.95,
            "gross_profit": 543828,
            "gross_margin": 18.44,
            "gross_margin_4q_avg": 17.19,
            "net_income": 75883,
            "net_income_4q": null,
            "revenue": 2949438,
            "revenue_4q": null,
            "common_shares": 5209722,
            "book_valuer_per_share": 17.39,
            "book_valuer_per_share_4q_avg": 17.57,
            "equity": 9058443,
            "current_ratio": 120.4,
            "debt_ratio": 43.94,
            "inventory_turnover_ratio": 1.31,
            "account_receivable_turnover_ratio": null,
            "reinvestment_rate": -39.78,
            "research_to_sale_ratio": null,
            "price_fair": 28,
            "eps_avg_yearly": 0.8,
            "eps_latest_yearly": 0.6,
            "eps_growth_yearly": 1003.91
        },
        "20033": {
            "year_quarter": 20033,
            "year": 2003,
            "quarter": 3,
            "eps": 0.21,
            "eps_growth_year": -25,
            "eps_4q": 0.62,
            "eps_4q_growth_year": -24.84,
            "roe": 1.21,
            "roe_4q": 3.55,
            "gross_profit": 575346,
            "gross_margin": 18.24,
            "gross_margin_4q_avg": 17.15,
            "net_income": 110181,
            "net_income_4q": null,
            "revenue": 3153888,
            "revenue_4q": null,
            "common_shares": 5209722,
            "book_valuer_per_share": 17.59,
            "book_valuer_per_share_4q_avg": 17.66,
            "equity": 9163481,
            "current_ratio": 113.09,
            "debt_ratio": 45.85,
            "inventory_turnover_ratio": 1.37,
            "account_receivable_turnover_ratio": null,
            "reinvestment_rate": -47.25,
            "research_to_sale_ratio": null,
            "price_fair": 28.2,
            "eps_avg_yearly": 0.81,
            "eps_latest_yearly": 0.84,
            "eps_growth_yearly": 883.35
        },
        "20034": {
            "year_quarter": 20034,
            "year": 2003,
            "quarter": 4,
            "eps": 0.2,
            "eps_growth_year": 900,
            "eps_4q": 0.81,
            "eps_4q_growth_year": 13.14,
            "roe": 1.11,
            "roe_4q": 4.54,
            "gross_profit": 404272,
            "gross_margin": 14.68,
            "gross_margin_4q_avg": 17.27,
            "net_income": 102755,
            "net_income_4q": null,
            "revenue": 2753533,
            "revenue_4q": null,
            "common_shares": 5209722,
            "book_valuer_per_share": 18.05,
            "book_valuer_per_share_4q_avg": 17.76,
            "equity": 9404206,
            "current_ratio": 155.34,
            "debt_ratio": 43.49,
            "inventory_turnover_ratio": 1.19,
            "account_receivable_turnover_ratio": null,
            "reinvestment_rate": -37.33,
            "research_to_sale_ratio": null,
            "price_fair": 28.18,
            "eps_avg_yearly": 0.81,
            "eps_latest_yearly": 0.8,
            "eps_growth_yearly": 770.55
        },
        "20041": {
            "year_quarter": 20041,
            "year": 2004,
            "quarter": 1,
            "eps": 0.32,
            "eps_growth_year": 28,
            "eps_4q": 0.88,
            "eps_4q_growth_year": 25.79,
            "roe": 1.7,
            "roe_4q": 4.84,
            "gross_profit": 530417,
            "gross_margin": 16.63,
            "gross_margin_4q_avg": 17,
            "net_income": 164305,
            "net_income_4q": null,
            "revenue": 3189295,
            "revenue_4q": null,
            "common_shares": 5209722,
            "book_valuer_per_share": 19,
            "book_valuer_per_share_4q_avg": 18.01,
            "equity": 9897768,
            "current_ratio": 156.81,
            "debt_ratio": 41.58,
            "inventory_turnover_ratio": 1.39,
            "account_receivable_turnover_ratio": null,
            "reinvestment_rate": -70.89,
            "research_to_sale_ratio": null,
            "price_fair": 30.02,
            "eps_avg_yearly": 0.86,
            "eps_latest_yearly": 1.28,
            "eps_growth_yearly": 711.6
        },
        "20042": {
            "year_quarter": 20042,
            "year": 2004,
            "quarter": 2,
            "eps": 0.19,
            "eps_growth_year": 26.67,
            "eps_4q": 0.91,
            "eps_4q_growth_year": 27.76,
            "roe": 1.02,
            "roe_4q": 5.04,
            "gross_profit": 608766,
            "gross_margin": 18.07,
            "gross_margin_4q_avg": 16.91,
            "net_income": 99417,
            "net_income_4q": null,
            "revenue": 3368345,
            "revenue_4q": null,
            "common_shares": 5209722,
            "book_valuer_per_share": 18.28,
            "book_valuer_per_share_4q_avg": 18.23,
            "equity": 9524685,
            "current_ratio": 146.47,
            "debt_ratio": 45.11,
            "inventory_turnover_ratio": 1.54,
            "account_receivable_turnover_ratio": null,
            "reinvestment_rate": -76.71,
            "research_to_sale_ratio": null,
            "price_fair": 29.68,
            "eps_avg_yearly": 0.85,
            "eps_latest_yearly": 0.76,
            "eps_growth_yearly": 624.19
        },
        "20043": {
            "year_quarter": 20043,
            "year": 2004,
            "quarter": 3,
            "eps": 0.26,
            "eps_growth_year": 23.81,
            "eps_4q": 0.98,
            "eps_4q_growth_year": 56.52,
            "roe": 1.39,
            "roe_4q": 5.220000000000001,
            "gross_profit": 478799,
            "gross_margin": 15.75,
            "gross_margin_4q_avg": 16.28,
            "net_income": 133202,
            "net_income_4q": null,
            "revenue": 3040570,
            "revenue_4q": null,
            "common_shares": 5209722,
            "book_valuer_per_share": 18.61,
            "book_valuer_per_share_4q_avg": 18.49,
            "equity": 9697521,
            "current_ratio": 151.05,
            "debt_ratio": 44.85,
            "inventory_turnover_ratio": 1.21,
            "account_receivable_turnover_ratio": null,
            "reinvestment_rate": -73.13,
            "research_to_sale_ratio": null,
            "price_fair": 30.29,
            "eps_avg_yearly": 0.87,
            "eps_latest_yearly": 1.04,
            "eps_growth_yearly": 580.84
        },
        "20044": {
            "year_quarter": 20044,
            "year": 2004,
            "quarter": 4,
            "eps": 0.32,
            "eps_growth_year": 60,
            "eps_4q": 1.09,
            "eps_4q_growth_year": 34.17,
            "roe": 1.68,
            "roe_4q": 5.79,
            "gross_profit": 418341,
            "gross_margin": 13.34,
            "gross_margin_4q_avg": 15.95,
            "net_income": 164367,
            "net_income_4q": null,
            "revenue": 3134831,
            "revenue_4q": null,
            "common_shares": 5209722,
            "book_valuer_per_share": 18.86,
            "book_valuer_per_share_4q_avg": 18.69,
            "equity": 9850986,
            "current_ratio": 153.5,
            "debt_ratio": 45.41,
            "inventory_turnover_ratio": 1.03,
            "account_receivable_turnover_ratio": null,
            "reinvestment_rate": -48.36,
            "research_to_sale_ratio": null,
            "price_fair": 31.5,
            "eps_avg_yearly": 0.9,
            "eps_latest_yearly": 1.28,
            "eps_growth_yearly": 540.13
        },
        "20051": {
            "year_quarter": 20051,
            "year": 2005,
            "quarter": 1,
            "eps": 0.32,
            "eps_growth_year": 0,
            "eps_4q": 1.08,
            "eps_4q_growth_year": 22.64,
            "roe": 1.66,
            "roe_4q": 5.75,
            "gross_profit": 498338,
            "gross_margin": 14.8,
            "gross_margin_4q_avg": 15.49,
            "net_income": 166655,
            "net_income_4q": null,
            "revenue": 3367878,
            "revenue_4q": null,
            "common_shares": 5209722,
            "book_valuer_per_share": 19.54,
            "book_valuer_per_share_4q_avg": 18.82,
            "equity": 10180977,
            "current_ratio": 147.75,
            "debt_ratio": 43.5,
            "inventory_turnover_ratio": 1.14,
            "account_receivable_turnover_ratio": null,
            "reinvestment_rate": -55.91,
            "research_to_sale_ratio": null,
            "price_fair": 32.52,
            "eps_avg_yearly": 0.93,
            "eps_latest_yearly": 1.28,
            "eps_growth_yearly": 498.58
        },
        "20052": {
            "year_quarter": 20052,
            "year": 2005,
            "quarter": 2,
            "eps": 0.33,
            "eps_growth_year": 73.68,
            "eps_4q": 1.21,
            "eps_4q_growth_year": 32.77,
            "roe": 1.74,
            "roe_4q": 6.47,
            "gross_profit": 672166,
            "gross_margin": 19.01,
            "gross_margin_4q_avg": 15.73,
            "net_income": 174183,
            "net_income_4q": null,
            "revenue": 3535016,
            "revenue_4q": null,
            "common_shares": 5209722,
            "book_valuer_per_share": 18.99,
            "book_valuer_per_share_4q_avg": 19,
            "equity": 9895467,
            "current_ratio": 140.99,
            "debt_ratio": 44.07,
            "inventory_turnover_ratio": 1.5,
            "account_receivable_turnover_ratio": null,
            "reinvestment_rate": -48.02,
            "research_to_sale_ratio": null,
            "price_fair": 33.5,
            "eps_avg_yearly": 0.96,
            "eps_latest_yearly": 1.32,
            "eps_growth_yearly": 463.86
        },
        "20053": {
            "year_quarter": 20053,
            "year": 2005,
            "quarter": 3,
            "eps": 0.35,
            "eps_growth_year": 34.62,
            "eps_4q": 1.32,
            "eps_4q_growth_year": 34.85,
            "roe": 1.83,
            "roe_4q": 6.91,
            "gross_profit": 585953,
            "gross_margin": 18.15,
            "gross_margin_4q_avg": 16.33,
            "net_income": 183193,
            "net_income_4q": null,
            "revenue": 3228254,
            "revenue_4q": null,
            "common_shares": 5209722,
            "book_valuer_per_share": 19.42,
            "book_valuer_per_share_4q_avg": 19.2,
            "equity": 10116545,
            "current_ratio": 158.07,
            "debt_ratio": 40.95,
            "inventory_turnover_ratio": 1.51,
            "account_receivable_turnover_ratio": null,
            "reinvestment_rate": -51.1,
            "research_to_sale_ratio": null,
            "price_fair": 34.53,
            "eps_avg_yearly": 0.99,
            "eps_latest_yearly": 1.4,
            "eps_growth_yearly": 434.56
        },
        "20054": {
            "year_quarter": 20054,
            "year": 2005,
            "quarter": 4,
            "eps": 0.3,
            "eps_growth_year": -6.25,
            "eps_4q": 1.29,
            "eps_4q_growth_year": 18.03,
            "roe": 1.53,
            "roe_4q": 6.760000000000001,
            "gross_profit": 460070,
            "gross_margin": 14.66,
            "gross_margin_4q_avg": 16.66,
            "net_income": 158825,
            "net_income_4q": null,
            "revenue": 3137469,
            "revenue_4q": null,
            "common_shares": 5209722,
            "book_valuer_per_share": 20.04,
            "book_valuer_per_share_4q_avg": 19.5,
            "equity": 10599111,
            "current_ratio": 155.94,
            "debt_ratio": 43.13,
            "inventory_turnover_ratio": 1.14,
            "account_receivable_turnover_ratio": null,
            "reinvestment_rate": -6.45,
            "research_to_sale_ratio": null,
            "price_fair": 35,
            "eps_avg_yearly": 1,
            "eps_latest_yearly": 1.2,
            "eps_growth_yearly": 403.83
        },
        "20061": {
            "year_quarter": 20061,
            "year": 2006,
            "quarter": 1,
            "eps": 0.33,
            "eps_growth_year": 3.12,
            "eps_4q": 1.32,
            "eps_4q_growth_year": 22.29,
            "roe": 1.62,
            "roe_4q": 6.720000000000001,
            "gross_profit": 617832,
            "gross_margin": 17.23,
            "gross_margin_4q_avg": 17.26,
            "net_income": 171453,
            "net_income_4q": null,
            "revenue": 3586564,
            "revenue_4q": null,
            "common_shares": 5209722,
            "book_valuer_per_share": 20.2,
            "book_valuer_per_share_4q_avg": 19.66,
            "equity": 10523152,
            "current_ratio": 126.23,
            "debt_ratio": 40.66,
            "inventory_turnover_ratio": 1.23,
            "account_receivable_turnover_ratio": null,
            "reinvestment_rate": -38.25,
            "research_to_sale_ratio": null,
            "price_fair": 34.91,
            "eps_avg_yearly": 1,
            "eps_latest_yearly": 1.32,
            "eps_growth_yearly": 289.66
        },
        "20062": {
            "year_quarter": 20062,
            "year": 2006,
            "quarter": 2,
            "eps": 0.46,
            "eps_growth_year": 39.39,
            "eps_4q": 1.44,
            "eps_4q_growth_year": 18.73,
            "roe": 2.27,
            "roe_4q": 7.25,
            "gross_profit": 627058,
            "gross_margin": 15.12,
            "gross_margin_4q_avg": 16.29,
            "net_income": 242004,
            "net_income_4q": null,
            "revenue": 4146220,
            "revenue_4q": null,
            "common_shares": 5209722,
            "book_valuer_per_share": 20.78,
            "book_valuer_per_share_4q_avg": 20.11,
            "equity": 10824074,
            "current_ratio": 114.8,
            "debt_ratio": 43.62,
            "inventory_turnover_ratio": 1.82,
            "account_receivable_turnover_ratio": null,
            "reinvestment_rate": -41.11,
            "research_to_sale_ratio": null,
            "price_fair": 37.54,
            "eps_avg_yearly": 1.07,
            "eps_latest_yearly": 1.84,
            "eps_growth_yearly": 312.74
        },
        "20063": {
            "year_quarter": 20063,
            "year": 2006,
            "quarter": 3,
            "eps": 0.42,
            "eps_growth_year": 20,
            "eps_4q": 1.51,
            "eps_4q_growth_year": 14.74,
            "roe": 2.07,
            "roe_4q": 7.49,
            "gross_profit": 652666,
            "gross_margin": 18.65,
            "gross_margin_4q_avg": 16.42,
            "net_income": 220687,
            "net_income_4q": null,
            "revenue": 3499802,
            "revenue_4q": null,
            "common_shares": 5209722,
            "book_valuer_per_share": 20.16,
            "book_valuer_per_share_4q_avg": 20.3,
            "equity": 10504040,
            "current_ratio": 117.68,
            "debt_ratio": 42.82,
            "inventory_turnover_ratio": 1.31,
            "account_receivable_turnover_ratio": null,
            "reinvestment_rate": -34.77,
            "research_to_sale_ratio": null,
            "price_fair": 38.76,
            "eps_avg_yearly": 1.11,
            "eps_latest_yearly": 1.68,
            "eps_growth_yearly": 291.82
        },
        "20064": {
            "year_quarter": 20064,
            "year": 2006,
            "quarter": 4,
            "eps": 0.45,
            "eps_growth_year": 50,
            "eps_4q": 1.68,
            "eps_4q_growth_year": 30.01,
            "roe": 2.13,
            "roe_4q": 8.09,
            "gross_profit": 583756,
            "gross_margin": 20,
            "gross_margin_4q_avg": 17.75,
            "net_income": 232583,
            "net_income_4q": null,
            "revenue": 2918658,
            "revenue_4q": null,
            "common_shares": 5209722,
            "book_valuer_per_share": 21.39,
            "book_valuer_per_share_4q_avg": 20.63,
            "equity": 11331187,
            "current_ratio": 122.1,
            "debt_ratio": 46.93,
            "inventory_turnover_ratio": 0.73,
            "account_receivable_turnover_ratio": null,
            "reinvestment_rate": 2.46,
            "research_to_sale_ratio": null,
            "price_fair": 42.53,
            "eps_avg_yearly": 1.22,
            "eps_latest_yearly": 1.8,
            "eps_growth_yearly": 316.82
        },
        "20071": {
            "year_quarter": 20071,
            "year": 2007,
            "quarter": 1,
            "eps": 0.47,
            "eps_growth_year": 42.42,
            "eps_4q": 1.81,
            "eps_4q_growth_year": 36.87,
            "roe": 2.13,
            "roe_4q": 8.6,
            "gross_profit": 604076,
            "gross_margin": 16.5,
            "gross_margin_4q_avg": 17.57,
            "net_income": 243593,
            "net_income_4q": null,
            "revenue": 3661568,
            "revenue_4q": null,
            "common_shares": 5209722,
            "book_valuer_per_share": 22.11,
            "book_valuer_per_share_4q_avg": 21.11,
            "equity": 11516111,
            "current_ratio": 107.16,
            "debt_ratio": 43.91,
            "inventory_turnover_ratio": 0.91,
            "account_receivable_turnover_ratio": null,
            "reinvestment_rate": -15.38,
            "research_to_sale_ratio": null,
            "price_fair": 44.45,
            "eps_avg_yearly": 1.27,
            "eps_latest_yearly": 1.88,
            "eps_growth_yearly": 30.43
        },
        "20072": {
            "year_quarter": 20072,
            "year": 2007,
            "quarter": 2,
            "eps": 0.31,
            "eps_growth_year": -32.61,
            "eps_4q": 1.66,
            "eps_4q_growth_year": 15.3,
            "roe": 1.44,
            "roe_4q": 7.77,
            "gross_profit": 631507,
            "gross_margin": 17.56,
            "gross_margin_4q_avg": 18.18,
            "net_income": 160527,
            "net_income_4q": null,
            "revenue": 3596741,
            "revenue_4q": null,
            "common_shares": 5209722,
            "book_valuer_per_share": 20.56,
            "book_valuer_per_share_4q_avg": 21.06,
            "equity": 10713639,
            "current_ratio": 99.22,
            "debt_ratio": 47.09,
            "inventory_turnover_ratio": 1.08,
            "account_receivable_turnover_ratio": null,
            "reinvestment_rate": -9.33,
            "research_to_sale_ratio": null,
            "price_fair": 45.85,
            "eps_avg_yearly": 1.31,
            "eps_latest_yearly": 1.24,
            "eps_growth_yearly": 31.92
        },
        "20073": {
            "year_quarter": 20073,
            "year": 2007,
            "quarter": 3,
            "eps": 0.58,
            "eps_growth_year": 38.1,
            "eps_4q": 1.81,
            "eps_4q_growth_year": 19.81,
            "roe": 2.84,
            "roe_4q": 8.54,
            "gross_profit": 627142,
            "gross_margin": 17.64,
            "gross_margin_4q_avg": 17.93,
            "net_income": 300696,
            "net_income_4q": null,
            "revenue": 3556141,
            "revenue_4q": null,
            "common_shares": 5209722,
            "book_valuer_per_share": 20.09,
            "book_valuer_per_share_4q_avg": 21.04,
            "equity": 10467991,
            "current_ratio": 103.52,
            "debt_ratio": 48.01,
            "inventory_turnover_ratio": 1.04,
            "account_receivable_turnover_ratio": null,
            "reinvestment_rate": -4.12,
            "research_to_sale_ratio": null,
            "price_fair": 49.09,
            "eps_avg_yearly": 1.4,
            "eps_latest_yearly": 2.32,
            "eps_growth_yearly": 43.69
        },
        "20074": {
            "year_quarter": 20074,
            "year": 2007,
            "quarter": 4,
            "eps": 0.63,
            "eps_growth_year": 40,
            "eps_4q": 1.97,
            "eps_4q_growth_year": 17.64,
            "roe": 2.87,
            "roe_4q": 9.280000000000001,
            "gross_profit": 646156,
            "gross_margin": 17.05,
            "gross_margin_4q_avg": 17.19,
            "net_income": 330706,
            "net_income_4q": null,
            "revenue": 3789847,
            "revenue_4q": null,
            "common_shares": 5209722,
            "book_valuer_per_share": 23.75,
            "book_valuer_per_share_4q_avg": 21.63,
            "equity": 12570499,
            "current_ratio": 126.09,
            "debt_ratio": 50.14,
            "inventory_turnover_ratio": 0.79,
            "account_receivable_turnover_ratio": null,
            "reinvestment_rate": 109.88,
            "research_to_sale_ratio": null,
            "price_fair": 52.85,
            "eps_avg_yearly": 1.51,
            "eps_latest_yearly": 2.52,
            "eps_growth_yearly": 47.04
        },
        "20081": {
            "year_quarter": 20081,
            "year": 2008,
            "quarter": 1,
            "eps": 0.47,
            "eps_growth_year": 0,
            "eps_4q": 1.88,
            "eps_4q_growth_year": 3.84,
            "roe": 1.94,
            "roe_4q": 9.09,
            "gross_profit": 838292,
            "gross_margin": 19.07,
            "gross_margin_4q_avg": 17.83,
            "net_income": 258988,
            "net_income_4q": null,
            "revenue": 4395273,
            "revenue_4q": null,
            "common_shares": 5209722,
            "book_valuer_per_share": 26.72,
            "book_valuer_per_share_4q_avg": 22.78,
            "equity": 14106691,
            "current_ratio": 127.1,
            "debt_ratio": 45.61,
            "inventory_turnover_ratio": 0.77,
            "account_receivable_turnover_ratio": null,
            "reinvestment_rate": 127.7,
            "research_to_sale_ratio": null,
            "price_fair": 54.16,
            "eps_avg_yearly": 1.55,
            "eps_latest_yearly": 1.88,
            "eps_growth_yearly": 25.69
        },
        "20082": {
            "year_quarter": 20082,
            "year": 2008,
            "quarter": 2,
            "eps": 0.44,
            "eps_growth_year": 41.94,
            "eps_4q": 2.05,
            "eps_4q_growth_year": 24.02,
            "roe": 1.75,
            "roe_4q": 9.4,
            "gross_profit": 745556,
            "gross_margin": 16.91,
            "gross_margin_4q_avg": 17.67,
            "net_income": 236813,
            "net_income_4q": null,
            "revenue": 4409556,
            "revenue_4q": null,
            "common_shares": 5209722,
            "book_valuer_per_share": 24.49,
            "book_valuer_per_share_4q_avg": 23.76,
            "equity": 12928512,
            "current_ratio": 126.15,
            "debt_ratio": 50.3,
            "inventory_turnover_ratio": 0.82,
            "account_receivable_turnover_ratio": null,
            "reinvestment_rate": 136.14,
            "research_to_sale_ratio": null,
            "price_fair": 56.35,
            "eps_avg_yearly": 1.61,
            "eps_latest_yearly": 1.76,
            "eps_growth_yearly": 34.25
        },
        "20083": {
            "year_quarter": 20083,
            "year": 2008,
            "quarter": 3,
            "eps": 0.46,
            "eps_growth_year": -20.69,
            "eps_4q": 1.92,
            "eps_4q_growth_year": 6,
            "roe": 1.96,
            "roe_4q": 8.52,
            "gross_profit": 778660,
            "gross_margin": 18.08,
            "gross_margin_4q_avg": 17.78,
            "net_income": 250400,
            "net_income_4q": null,
            "revenue": 4305676,
            "revenue_4q": null,
            "common_shares": 5209722,
            "book_valuer_per_share": 23.79,
            "book_valuer_per_share_4q_avg": 24.69,
            "equity": 12568044,
            "current_ratio": 121.31,
            "debt_ratio": 53.7,
            "inventory_turnover_ratio": 0.65,
            "account_receivable_turnover_ratio": null,
            "reinvestment_rate": 147.22,
            "research_to_sale_ratio": null,
            "price_fair": 58.1,
            "eps_avg_yearly": 1.66,
            "eps_latest_yearly": 1.84,
            "eps_growth_yearly": 26.18
        },
        "20084": {
            "year_quarter": 20084,
            "year": 2008,
            "quarter": 4,
            "eps": 0.15,
            "eps_growth_year": -76.19,
            "eps_4q": 1.52,
            "eps_4q_growth_year": -23.11,
            "roe": 0.62,
            "roe_4q": 6.27,
            "gross_profit": 624856,
            "gross_margin": 14.04,
            "gross_margin_4q_avg": 17.03,
            "net_income": 77981,
            "net_income_4q": null,
            "revenue": 4451700,
            "revenue_4q": null,
            "common_shares": 5209722,
            "book_valuer_per_share": 24.12,
            "book_valuer_per_share_4q_avg": 24.78,
            "equity": 12747511,
            "current_ratio": 130.28,
            "debt_ratio": 52.83,
            "inventory_turnover_ratio": 0.61,
            "account_receivable_turnover_ratio": 2.36,
            "reinvestment_rate": 154.91,
            "research_to_sale_ratio": null,
            "price_fair": 21.93,
            "eps_avg_yearly": 1.62,
            "eps_latest_yearly": 0.6,
            "eps_growth_yearly": 3.56
        },
        "20091": {
            "year_quarter": 20091,
            "year": 2009,
            "quarter": 1,
            "eps": 0.39,
            "eps_growth_year": -17.02,
            "eps_4q": 1.35,
            "eps_4q_growth_year": -28.26,
            "roe": 1.66,
            "roe_4q": 5.99,
            "gross_profit": 619048,
            "gross_margin": 17.52,
            "gross_margin_4q_avg": 16.64,
            "net_income": 216613,
            "net_income_4q": null,
            "revenue": 3533968,
            "revenue_4q": null,
            "common_shares": 5209722,
            "book_valuer_per_share": 25.4,
            "book_valuer_per_share_4q_avg": 24.45,
            "equity": 13423438,
            "current_ratio": 124.85,
            "debt_ratio": 49.92,
            "inventory_turnover_ratio": 0.47,
            "account_receivable_turnover_ratio": 1.01,
            "reinvestment_rate": 162.85,
            "research_to_sale_ratio": null,
            "price_fair": 57.23,
            "eps_avg_yearly": 1.64,
            "eps_latest_yearly": 1.56,
            "eps_growth_yearly": 43.56
        },
        "20092": {
            "year_quarter": 20092,
            "year": 2009,
            "quarter": 2,
            "eps": 5.05,
            "eps_growth_year": 1047.73,
            "eps_4q": 6.01,
            "eps_4q_growth_year": 192.78,
            "roe": 18.19,
            "roe_4q": 22.430000000000003,
            "gross_profit": 3204610,
            "gross_margin": 37.72,
            "gross_margin_4q_avg": 21.84,
            "net_income": 2647580,
            "net_income_4q": null,
            "revenue": 8494905,
            "revenue_4q": null,
            "common_shares": 5209722,
            "book_valuer_per_share": 29.72,
            "book_valuer_per_share_4q_avg": 25.76,
            "equity": 15680158,
            "current_ratio": 128.34,
            "debt_ratio": 38.1,
            "inventory_turnover_ratio": 1.1,
            "account_receivable_turnover_ratio": 2.56,
            "reinvestment_rate": 100.1,
            "research_to_sale_ratio": null,
            "price_fair": 98.53,
            "eps_avg_yearly": 2.82,
            "eps_latest_yearly": 20.2,
            "eps_growth_yearly": 341.5
        },
        "20093": {
            "year_quarter": 20093,
            "year": 2009,
            "quarter": 3,
            "eps": 0.58,
            "eps_growth_year": 26.09,
            "eps_4q": 6.16,
            "eps_4q_growth_year": 221.32,
            "roe": 1.93,
            "roe_4q": 22.400000000000002,
            "gross_profit": 834244,
            "gross_margin": 20.73,
            "gross_margin_4q_avg": 22.5,
            "net_income": 302759,
            "net_income_4q": null,
            "revenue": 4024198,
            "revenue_4q": null,
            "common_shares": 5209722,
            "book_valuer_per_share": 29.78,
            "book_valuer_per_share_4q_avg": 27.26,
            "equity": 15706671,
            "current_ratio": 129.93,
            "debt_ratio": 38.45,
            "inventory_turnover_ratio": 0.88,
            "account_receivable_turnover_ratio": 1.09,
            "reinvestment_rate": 99.53,
            "research_to_sale_ratio": null,
            "price_fair": 100.54,
            "eps_avg_yearly": 2.87,
            "eps_latest_yearly": 2.32,
            "eps_growth_yearly": 317.85
        },
        "20094": {
            "year_quarter": 20094,
            "year": 2009,
            "quarter": 4,
            "eps": -0.26,
            "eps_growth_year": -273.33,
            "eps_4q": 5.77,
            "eps_4q_growth_year": 280.11,
            "roe": -0.85,
            "roe_4q": 20.930000000000003,
            "gross_profit": 638495,
            "gross_margin": 15.1,
            "gross_margin_4q_avg": 22.77,
            "net_income": -135353,
            "net_income_4q": null,
            "revenue": 4229323,
            "revenue_4q": null,
            "common_shares": 5209722,
            "book_valuer_per_share": 30.32,
            "book_valuer_per_share_4q_avg": 28.81,
            "equity": 15986173,
            "current_ratio": 126.79,
            "debt_ratio": 38,
            "inventory_turnover_ratio": 1.01,
            "account_receivable_turnover_ratio": 2.15,
            "reinvestment_rate": 185.31,
            "research_to_sale_ratio": null,
            "price_fair": 104.44,
            "eps_avg_yearly": 2.98,
            "eps_latest_yearly": 2.32,
            "eps_growth_yearly": 342.85
        },
        "20101": {
            "year_quarter": 20101,
            "year": 2010,
            "quarter": 1,
            "eps": 0.65,
            "eps_growth_year": 66.67,
            "eps_4q": 6.02,
            "eps_4q_growth_year": 345.98,
            "roe": 2.2,
            "roe_4q": 21.470000000000002,
            "gross_profit": 868773,
            "gross_margin": 19.27,
            "gross_margin_4q_avg": 23.21,
            "net_income": 350943,
            "net_income_4q": null,
            "revenue": 4507984,
            "revenue_4q": null,
            "common_shares": 5209722,
            "book_valuer_per_share": 30.03,
            "book_valuer_per_share_4q_avg": 29.96,
            "equity": 15845162,
            "current_ratio": 134.36,
            "debt_ratio": 37.38,
            "inventory_turnover_ratio": 1.07,
            "account_receivable_turnover_ratio": 1.09,
            "reinvestment_rate": 183.45,
            "research_to_sale_ratio": 2.01,
            "price_fair": 108.6,
            "eps_avg_yearly": 3.1,
            "eps_latest_yearly": 2.32,
            "eps_growth_yearly": 364.48
        },
        "20102": {
            "year_quarter": 20102,
            "year": 2010,
            "quarter": 2,
            "eps": 0.24,
            "eps_growth_year": -95.33,
            "eps_4q": 1.2,
            "eps_4q_growth_year": -80,
            "roe": 0.83,
            "roe_4q": 4.11,
            "gross_profit": 898134,
            "gross_margin": 19.51,
            "gross_margin_4q_avg": 18.65,
            "net_income": 130962,
            "net_income_4q": null,
            "revenue": 4602552,
            "revenue_4q": null,
            "common_shares": 5209722,
            "book_valuer_per_share": 29.43,
            "book_valuer_per_share_4q_avg": 29.89,
            "equity": 15550635,
            "current_ratio": 125.98,
            "debt_ratio": 40.22,
            "inventory_turnover_ratio": 1.06,
            "account_receivable_turnover_ratio": 1.07,
            "reinvestment_rate": 192.5,
            "research_to_sale_ratio": 2.21,
            "price_fair": 106.4,
            "eps_avg_yearly": 3.04,
            "eps_latest_yearly": 0.96,
            "eps_growth_yearly": 335.21
        },
        "20103": {
            "year_quarter": 20103,
            "year": 2010,
            "quarter": 3,
            "eps": 0.45,
            "eps_growth_year": -21.67,
            "eps_4q": 1.08,
            "eps_4q_growth_year": -82.5,
            "roe": 1.52,
            "roe_4q": 3.7000000000000006,
            "gross_profit": 793359,
            "gross_margin": 17.88,
            "gross_margin_4q_avg": 17.94,
            "net_income": 248428,
            "net_income_4q": null,
            "revenue": 4437262,
            "revenue_4q": null,
            "common_shares": 5209722,
            "book_valuer_per_share": 32.26,
            "book_valuer_per_share_4q_avg": 30.51,
            "equity": 17036869,
            "current_ratio": 129.33,
            "debt_ratio": 37.65,
            "inventory_turnover_ratio": 0.95,
            "account_receivable_turnover_ratio": 1.07,
            "reinvestment_rate": 213.77,
            "research_to_sale_ratio": 2.55,
            "price_fair": 106.7,
            "eps_avg_yearly": 3.05,
            "eps_latest_yearly": 1.8,
            "eps_growth_yearly": 362.69
        },
        "20104": {
            "year_quarter": 20104,
            "year": 2010,
            "quarter": 4,
            "eps": 0.29,
            "eps_growth_year": null,
            "eps_4q": 1.63,
            "eps_4q_growth_year": -71.7,
            "roe": 0.91,
            "roe_4q": 5.460000000000001,
            "gross_profit": 864156,
            "gross_margin": 17.29,
            "gross_margin_4q_avg": 18.49,
            "net_income": 154238,
            "net_income_4q": null,
            "revenue": 4998109,
            "revenue_4q": null,
            "common_shares": 5209722,
            "book_valuer_per_share": 31.75,
            "book_valuer_per_share_4q_avg": 30.87,
            "equity": 16766016,
            "current_ratio": 130.92,
            "debt_ratio": 37.93,
            "inventory_turnover_ratio": 1.01,
            "account_receivable_turnover_ratio": 1.25,
            "reinvestment_rate": 197.83,
            "research_to_sale_ratio": 2.81,
            "price_fair": 105.1,
            "eps_avg_yearly": 3,
            "eps_latest_yearly": 1.16,
            "eps_growth_yearly": 350.49
        },
        "20111": {
            "year_quarter": 20111,
            "year": 2011,
            "quarter": 1,
            "eps": 0.66,
            "eps_growth_year": 1.54,
            "eps_4q": 1.65,
            "eps_4q_growth_year": -72.61,
            "roe": 2.13,
            "roe_4q": 5.390000000000001,
            "gross_profit": 938065,
            "gross_margin": 19.31,
            "gross_margin_4q_avg": 18.5,
            "net_income": 355192,
            "net_income_4q": null,
            "revenue": 4857378,
            "revenue_4q": null,
            "common_shares": 5209722,
            "book_valuer_per_share": 31.34,
            "book_valuer_per_share_4q_avg": 31.2,
            "equity": 16554136,
            "current_ratio": 134.85,
            "debt_ratio": 38.7,
            "inventory_turnover_ratio": 0.91,
            "account_receivable_turnover_ratio": 1.15,
            "reinvestment_rate": 193.37,
            "research_to_sale_ratio": 2.1,
            "price_fair": 107,
            "eps_avg_yearly": 3.06,
            "eps_latest_yearly": 2.64,
            "eps_growth_yearly": 385.67
        },
        "20112": {
            "year_quarter": 20112,
            "year": 2011,
            "quarter": 2,
            "eps": 0.59,
            "eps_growth_year": 150.63,
            "eps_4q": 2,
            "eps_4q_growth_year": 66.57,
            "roe": 1.91,
            "roe_4q": 6.470000000000001,
            "gross_profit": 957912,
            "gross_margin": 18.2,
            "gross_margin_4q_avg": 18.17,
            "net_income": 316293,
            "net_income_4q": null,
            "revenue": 5264303,
            "revenue_4q": null,
            "common_shares": 5209722,
            "book_valuer_per_share": 31.48,
            "book_valuer_per_share_4q_avg": 31.71,
            "equity": 16631082,
            "current_ratio": 133.52,
            "debt_ratio": 41.79,
            "inventory_turnover_ratio": 0.95,
            "account_receivable_turnover_ratio": 1.16,
            "reinvestment_rate": 193.23,
            "research_to_sale_ratio": 2.04,
            "price_fair": 109.8,
            "eps_avg_yearly": 3.14,
            "eps_latest_yearly": 2.36,
            "eps_growth_yearly": 392.37
        },
        "20113": {
            "year_quarter": 20113,
            "year": 2011,
            "quarter": 3,
            "eps": 0.76,
            "eps_growth_year": 68.24,
            "eps_4q": 2.31,
            "eps_4q_growth_year": 114.62,
            "roe": 2.5,
            "roe_4q": 7.45,
            "gross_profit": 880447,
            "gross_margin": 16.16,
            "gross_margin_4q_avg": 17.74,
            "net_income": 409987,
            "net_income_4q": null,
            "revenue": 5447818,
            "revenue_4q": null,
            "common_shares": 5209722,
            "book_valuer_per_share": 30.59,
            "book_valuer_per_share_4q_avg": 31.29,
            "equity": 16175113,
            "current_ratio": 139.18,
            "debt_ratio": 42.3,
            "inventory_turnover_ratio": 0.94,
            "account_receivable_turnover_ratio": 1.12,
            "reinvestment_rate": 174.5,
            "research_to_sale_ratio": 1.91,
            "price_fair": 111.6,
            "eps_avg_yearly": 3.19,
            "eps_latest_yearly": 3.04,
            "eps_growth_yearly": 375.72
        },
        "20114": {
            "year_quarter": 20114,
            "year": 2011,
            "quarter": 4,
            "eps": 0.09,
            "eps_growth_year": -68.53,
            "eps_4q": 2.11,
            "eps_4q_growth_year": 29.39,
            "roe": 0.31,
            "roe_4q": 6.85,
            "gross_profit": 841971,
            "gross_margin": 17.44,
            "gross_margin_4q_avg": 17.78,
            "net_income": 55962,
            "net_income_4q": null,
            "revenue": 4827501,
            "revenue_4q": null,
            "common_shares": 5209722,
            "book_valuer_per_share": 36.81,
            "book_valuer_per_share_4q_avg": 32.56,
            "equity": 19412569,
            "current_ratio": 147.69,
            "debt_ratio": 35.2,
            "inventory_turnover_ratio": 0.83,
            "account_receivable_turnover_ratio": 1.04,
            "reinvestment_rate": 178.01,
            "research_to_sale_ratio": 2.57,
            "price_fair": 106.2,
            "eps_avg_yearly": 3.03,
            "eps_latest_yearly": 0.36,
            "eps_growth_yearly": 348.07
        },
        "20121": {
            "year_quarter": 20121,
            "year": 2012,
            "quarter": 1,
            "eps": 0.63,
            "eps_growth_year": -4.55,
            "eps_4q": 2.07,
            "eps_4q_growth_year": 25.79,
            "roe": 1.66,
            "roe_4q": 6.38,
            "gross_profit": 927309,
            "gross_margin": 19.08,
            "gross_margin_4q_avg": 17.72,
            "net_income": 330051,
            "net_income_4q": null,
            "revenue": 4860749,
            "revenue_4q": null,
            "common_shares": 5209722,
            "book_valuer_per_share": 38.44,
            "book_valuer_per_share_4q_avg": 34.33,
            "equity": 20270005,
            "current_ratio": 151.18,
            "debt_ratio": 34.43,
            "inventory_turnover_ratio": 0.86,
            "account_receivable_turnover_ratio": 1.11,
            "reinvestment_rate": 183.26,
            "research_to_sale_ratio": 1.76,
            "price_fair": 107.8,
            "eps_avg_yearly": 3.08,
            "eps_latest_yearly": 2.52,
            "eps_growth_yearly": 526.75
        },
        "20122": {
            "year_quarter": 20122,
            "year": 2012,
            "quarter": 2,
            "eps": 0.53,
            "eps_growth_year": -9.72,
            "eps_4q": 2.02,
            "eps_4q_growth_year": 0.63,
            "roe": 1.5,
            "roe_4q": 5.970000000000001,
            "gross_profit": 1028071,
            "gross_margin": 19.5,
            "gross_margin_4q_avg": 18.05,
            "net_income": 297246,
            "net_income_4q": null,
            "revenue": 5270978,
            "revenue_4q": null,
            "common_shares": 5209722,
            "book_valuer_per_share": 36.53,
            "book_valuer_per_share_4q_avg": 35.59,
            "equity": 19280893,
            "current_ratio": 139.05,
            "debt_ratio": 37.86,
            "inventory_turnover_ratio": 0.95,
            "account_receivable_turnover_ratio": 1.07,
            "reinvestment_rate": 164.96,
            "research_to_sale_ratio": 2.08,
            "price_fair": 108.7,
            "eps_avg_yearly": 3.11,
            "eps_latest_yearly": 2.12,
            "eps_growth_yearly": 524.04
        },
        "20123": {
            "year_quarter": 20123,
            "year": 2012,
            "quarter": 3,
            "eps": 0.46,
            "eps_growth_year": -39.33,
            "eps_4q": 1.72,
            "eps_4q_growth_year": -25.85,
            "roe": 1.29,
            "roe_4q": 4.76,
            "gross_profit": 883608,
            "gross_margin": 17.72,
            "gross_margin_4q_avg": 18.44,
            "net_income": 252480,
            "net_income_4q": null,
            "revenue": 4987417,
            "revenue_4q": null,
            "common_shares": 5209722,
            "book_valuer_per_share": 37.68,
            "book_valuer_per_share_4q_avg": 37.37,
            "equity": 19882317,
            "current_ratio": 144.67,
            "debt_ratio": 35.76,
            "inventory_turnover_ratio": 1,
            "account_receivable_turnover_ratio": 0.97,
            "reinvestment_rate": 163.97,
            "research_to_sale_ratio": 1.69,
            "price_fair": 108.7,
            "eps_avg_yearly": 3.11,
            "eps_latest_yearly": 1.84,
            "eps_growth_yearly": 518.97
        },
        "20124": {
            "year_quarter": 20124,
            "year": 2012,
            "quarter": 4,
            "eps": 0.22,
            "eps_growth_year": 135.97,
            "eps_4q": 1.84,
            "eps_4q_growth_year": -12.78,
            "roe": 0.6,
            "roe_4q": 5.05,
            "gross_profit": 819078,
            "gross_margin": 17.39,
            "gross_margin_4q_avg": 18.42,
            "net_income": 120064,
            "net_income_4q": null,
            "revenue": 4710327,
            "revenue_4q": null,
            "common_shares": 5209722,
            "book_valuer_per_share": 37.69,
            "book_valuer_per_share_4q_avg": 37.59,
            "equity": 19889302,
            "current_ratio": 150.11,
            "debt_ratio": 34.41,
            "inventory_turnover_ratio": 0.98,
            "account_receivable_turnover_ratio": 1,
            "reinvestment_rate": 154.18,
            "research_to_sale_ratio": 3.68,
            "price_fair": 109.4,
            "eps_avg_yearly": 3.13,
            "eps_latest_yearly": 0.88,
            "eps_growth_yearly": 523.32
        },
        "20131": {
            "year_quarter": 20131,
            "year": 2013,
            "quarter": 1,
            "eps": 0.53,
            "eps_growth_year": -15.87,
            "eps_4q": 1.75,
            "eps_4q_growth_year": -15.62,
            "roe": 1.44,
            "roe_4q": 4.83,
            "gross_profit": 916205,
            "gross_margin": 21.46,
            "gross_margin_4q_avg": 19.02,
            "net_income": 286220,
            "net_income_4q": null,
            "revenue": 4269678,
            "revenue_4q": null,
            "common_shares": 5209722,
            "book_valuer_per_share": 37.42,
            "book_valuer_per_share_4q_avg": 37.33,
            "equity": 19757217,
            "current_ratio": 158.92,
            "debt_ratio": 35.22,
            "inventory_turnover_ratio": 0.82,
            "account_receivable_turnover_ratio": 0.95,
            "reinvestment_rate": 2.59,
            "research_to_sale_ratio": 2.04,
            "price_fair": 110.8,
            "eps_avg_yearly": 3.17,
            "eps_latest_yearly": 2.12,
            "eps_growth_yearly": 517.86
        },
        "20132": {
            "year_quarter": 20132,
            "year": 2013,
            "quarter": 2,
            "eps": 0.43,
            "eps_growth_year": -19.38,
            "eps_4q": 1.64,
            "eps_4q_growth_year": -18.58,
            "roe": 1.2,
            "roe_4q": 4.529999999999999,
            "gross_profit": 918489,
            "gross_margin": 20.07,
            "gross_margin_4q_avg": 19.16,
            "net_income": 234885,
            "net_income_4q": null,
            "revenue": 4575877,
            "revenue_4q": null,
            "common_shares": 5209722,
            "book_valuer_per_share": 36.87,
            "book_valuer_per_share_4q_avg": 37.42,
            "equity": 19469681,
            "current_ratio": 147.53,
            "debt_ratio": 37.61,
            "inventory_turnover_ratio": 0.87,
            "account_receivable_turnover_ratio": 0.96,
            "reinvestment_rate": -4.42,
            "research_to_sale_ratio": 2.55,
            "price_fair": 64.6,
            "eps_avg_yearly": 1.85,
            "eps_latest_yearly": 1.72,
            "eps_growth_yearly": 171.08
        },
        "20133": {
            "year_quarter": 20133,
            "year": 2013,
            "quarter": 3,
            "eps": 0.69,
            "eps_growth_year": 48.79,
            "eps_4q": 1.87,
            "eps_4q_growth_year": 9.14,
            "roe": 1.91,
            "roe_4q": 5.1499999999999995,
            "gross_profit": 1124885,
            "gross_margin": 20.94,
            "gross_margin_4q_avg": 19.97,
            "net_income": 376586,
            "net_income_4q": null,
            "revenue": 5371953,
            "revenue_4q": null,
            "common_shares": 5209722,
            "book_valuer_per_share": 37.54,
            "book_valuer_per_share_4q_avg": 37.38,
            "equity": 19956796,
            "current_ratio": 149.77,
            "debt_ratio": 37.95,
            "inventory_turnover_ratio": 0.99,
            "account_receivable_turnover_ratio": 1.01,
            "reinvestment_rate": 3.47,
            "research_to_sale_ratio": 2.13,
            "price_fair": 65.7,
            "eps_avg_yearly": 1.88,
            "eps_latest_yearly": 2.76,
            "eps_growth_yearly": 213.64
        },
        "20134": {
            "year_quarter": 20134,
            "year": 2013,
            "quarter": 4,
            "eps": 0.6,
            "eps_growth_year": 173.04,
            "eps_4q": 2.25,
            "eps_4q_growth_year": 22.24,
            "roe": 1.61,
            "roe_4q": 6.16,
            "gross_profit": 595842,
            "gross_margin": 10.98,
            "gross_margin_4q_avg": 18.36,
            "net_income": 327455,
            "net_income_4q": null,
            "revenue": 5424340,
            "revenue_4q": null,
            "common_shares": 5209722,
            "book_valuer_per_share": 39.18,
            "book_valuer_per_share_4q_avg": 37.75,
            "equity": 20825170,
            "current_ratio": 143.73,
            "debt_ratio": 37.38,
            "inventory_turnover_ratio": 1.16,
            "account_receivable_turnover_ratio": 0.97,
            "reinvestment_rate": -94.42,
            "research_to_sale_ratio": 2.73,
            "price_fair": 66.92,
            "eps_avg_yearly": 1.91,
            "eps_latest_yearly": 2.4,
            "eps_growth_yearly": 195.92
        },
        "20141": {
            "year_quarter": 20141,
            "year": 2014,
            "quarter": 1,
            "eps": 0.66,
            "eps_growth_year": 24.53,
            "eps_4q": 2.37,
            "eps_4q_growth_year": 35.73,
            "roe": 1.72,
            "roe_4q": 6.44,
            "gross_profit": 968367,
            "gross_margin": 21.34,
            "gross_margin_4q_avg": 18.33,
            "net_income": 361263,
            "net_income_4q": null,
            "revenue": 4536957,
            "revenue_4q": null,
            "common_shares": 5209722,
            "book_valuer_per_share": 39.74,
            "book_valuer_per_share_4q_avg": 38.33,
            "equity": 21141955,
            "current_ratio": 149.73,
            "debt_ratio": 36.43,
            "inventory_turnover_ratio": 0.87,
            "account_receivable_turnover_ratio": 0.83,
            "reinvestment_rate": -81.19,
            "research_to_sale_ratio": 2.29,
            "price_fair": 68.51,
            "eps_avg_yearly": 1.96,
            "eps_latest_yearly": 2.64,
            "eps_growth_yearly": 186.18
        },
        "20142": {
            "year_quarter": 20142,
            "year": 2014,
            "quarter": 2,
            "eps": 0.53,
            "eps_growth_year": 23.26,
            "eps_4q": 2.48,
            "eps_4q_growth_year": 51.06,
            "roe": 1.41,
            "roe_4q": 6.65,
            "gross_profit": 1030054,
            "gross_margin": 20.08,
            "gross_margin_4q_avg": 18.34,
            "net_income": 294753,
            "net_income_4q": null,
            "revenue": 5128943,
            "revenue_4q": null,
            "common_shares": 5209722,
            "book_valuer_per_share": 38.71,
            "book_valuer_per_share_4q_avg": 38.79,
            "equity": 20595106,
            "current_ratio": 139.45,
            "debt_ratio": 38.3,
            "inventory_turnover_ratio": 0.98,
            "account_receivable_turnover_ratio": 0.95,
            "reinvestment_rate": -79.21,
            "research_to_sale_ratio": 2.23,
            "price_fair": 71.05,
            "eps_avg_yearly": 2.03,
            "eps_latest_yearly": 2.12,
            "eps_growth_yearly": 197.02
        },
        "20143": {
            "year_quarter": 20143,
            "year": 2014,
            "quarter": 3,
            "eps": 0.71,
            "eps_growth_year": 2.9,
            "eps_4q": 2.5,
            "eps_4q_growth_year": 33.51,
            "roe": 1.88,
            "roe_4q": 6.62,
            "gross_profit": 1042736,
            "gross_margin": 21.43,
            "gross_margin_4q_avg": 18.46,
            "net_income": 392402,
            "net_income_4q": null,
            "revenue": 4866666,
            "revenue_4q": null,
            "common_shares": 5209722,
            "book_valuer_per_share": 39.78,
            "book_valuer_per_share_4q_avg": 39.35,
            "equity": 21172389,
            "current_ratio": 142.61,
            "debt_ratio": 37.24,
            "inventory_turnover_ratio": 0.9,
            "account_receivable_turnover_ratio": 0.9,
            "reinvestment_rate": -96.53,
            "research_to_sale_ratio": 2.41,
            "price_fair": 73.33,
            "eps_avg_yearly": 2.1,
            "eps_latest_yearly": 2.84,
            "eps_growth_yearly": 183.64
        },
        "20144": {
            "year_quarter": 20144,
            "year": 2014,
            "quarter": 4,
            "eps": 0.53,
            "eps_growth_year": -11.05,
            "eps_4q": 2.43,
            "eps_4q_growth_year": 8.11,
            "roe": 1.33,
            "roe_4q": 6.34,
            "gross_profit": 990596,
            "gross_margin": 18.8,
            "gross_margin_4q_avg": 20.41,
            "net_income": 284641,
            "net_income_4q": null,
            "revenue": 5270362,
            "revenue_4q": null,
            "common_shares": 5209722,
            "book_valuer_per_share": 40.5,
            "book_valuer_per_share_4q_avg": 39.68,
            "equity": 21554293,
            "current_ratio": 145.42,
            "debt_ratio": 36.91,
            "inventory_turnover_ratio": 0.98,
            "account_receivable_turnover_ratio": 0.95,
            "reinvestment_rate": -82.03,
            "research_to_sale_ratio": 2.52,
            "price_fair": 75.43,
            "eps_avg_yearly": 2.16,
            "eps_latest_yearly": 2.12,
            "eps_growth_yearly": 186.19
        },
        "20151": {
            "year_quarter": 20151,
            "year": 2015,
            "quarter": 1,
            "eps": 0.71,
            "eps_growth_year": 7.58,
            "eps_4q": 2.49,
            "eps_4q_growth_year": 4.74,
            "roe": 1.79,
            "roe_4q": 6.41,
            "gross_profit": 1058819,
            "gross_margin": 22.23,
            "gross_margin_4q_avg": 20.64,
            "net_income": 388126,
            "net_income_4q": null,
            "revenue": 4763468,
            "revenue_4q": null,
            "common_shares": 5209722,
            "book_valuer_per_share": 41.08,
            "book_valuer_per_share_4q_avg": 40.02,
            "equity": 21866293,
            "current_ratio": 149.53,
            "debt_ratio": 36.37,
            "inventory_turnover_ratio": 0.85,
            "account_receivable_turnover_ratio": 0.84,
            "reinvestment_rate": -68.29,
            "research_to_sale_ratio": 2.33,
            "price_fair": 75.86,
            "eps_avg_yearly": 2.17,
            "eps_latest_yearly": 2.84,
            "eps_growth_yearly": 162.78
        },
        "20152": {
            "year_quarter": 20152,
            "year": 2015,
            "quarter": 2,
            "eps": 0.48,
            "eps_growth_year": -9.43,
            "eps_4q": 2.44,
            "eps_4q_growth_year": -1.52,
            "roe": 1.24,
            "roe_4q": 6.24,
            "gross_profit": 996074,
            "gross_margin": 20.1,
            "gross_margin_4q_avg": 20.64,
            "net_income": 267040,
            "net_income_4q": null,
            "revenue": 4954694,
            "revenue_4q": null,
            "common_shares": 5209722,
            "book_valuer_per_share": 39.78,
            "book_valuer_per_share_4q_avg": 40.29,
            "equity": 21178053,
            "current_ratio": 140.04,
            "debt_ratio": 38.51,
            "inventory_turnover_ratio": 0.93,
            "account_receivable_turnover_ratio": 0.87,
            "reinvestment_rate": -80.96,
            "research_to_sale_ratio": 2.4,
            "price_fair": 74.9,
            "eps_avg_yearly": 2.14,
            "eps_latest_yearly": 1.92,
            "eps_growth_yearly": 157.34
        },
        "20153": {
            "year_quarter": 20153,
            "year": 2015,
            "quarter": 3,
            "eps": 0.59,
            "eps_growth_year": -16.9,
            "eps_4q": 2.31,
            "eps_4q_growth_year": -7.43,
            "roe": 1.48,
            "roe_4q": 5.84,
            "gross_profit": 1001091,
            "gross_margin": 19.81,
            "gross_margin_4q_avg": 20.24,
            "net_income": 316964,
            "net_income_4q": null,
            "revenue": 5052713,
            "revenue_4q": null,
            "common_shares": 5209722,
            "book_valuer_per_share": 40.74,
            "book_valuer_per_share_4q_avg": 40.53,
            "equity": 21694765,
            "current_ratio": 141.54,
            "debt_ratio": 38,
            "inventory_turnover_ratio": 0.94,
            "account_receivable_turnover_ratio": 0.86,
            "reinvestment_rate": -54.23,
            "research_to_sale_ratio": 2.66,
            "price_fair": 73.41,
            "eps_avg_yearly": 2.1,
            "eps_latest_yearly": 2.36,
            "eps_growth_yearly": 155.86
        },
        "20154": {
            "year_quarter": 20154,
            "year": 2015,
            "quarter": 4,
            "eps": 0.61,
            "eps_growth_year": 14.45,
            "eps_4q": 2.39,
            "eps_4q_growth_year": -1.76,
            "roe": 1.51,
            "roe_4q": 6.0200000000000005,
            "gross_profit": 1066783,
            "gross_margin": 20.5,
            "gross_margin_4q_avg": 20.66,
            "net_income": 328421,
            "net_income_4q": null,
            "revenue": 5204212,
            "revenue_4q": null,
            "common_shares": 5209722,
            "book_valuer_per_share": 41.14,
            "book_valuer_per_share_4q_avg": 40.69,
            "equity": 21910079,
            "current_ratio": 147.05,
            "debt_ratio": 36.73,
            "inventory_turnover_ratio": 0.96,
            "account_receivable_turnover_ratio": 0.88,
            "reinvestment_rate": -122.04,
            "research_to_sale_ratio": 2.36,
            "price_fair": 77.96,
            "eps_avg_yearly": 2.23,
            "eps_latest_yearly": 2.44,
            "eps_growth_yearly": 178.75
        },
        "20161": {
            "year_quarter": 20161,
            "year": 2016,
            "quarter": 1,
            "eps": 0.72,
            "eps_growth_year": 1.41,
            "eps_4q": 2.4,
            "eps_4q_growth_year": -3.71,
            "roe": 1.75,
            "roe_4q": 5.98,
            "gross_profit": 1073520,
            "gross_margin": 21.79,
            "gross_margin_4q_avg": 20.55,
            "net_income": 385420,
            "net_income_4q": null,
            "revenue": 4926396,
            "revenue_4q": null,
            "common_shares": 5209722,
            "book_valuer_per_share": 41.57,
            "book_valuer_per_share_4q_avg": 40.81,
            "equity": 22138991,
            "current_ratio": 149.55,
            "debt_ratio": 36.83,
            "inventory_turnover_ratio": 0.91,
            "account_receivable_turnover_ratio": 0.85,
            "reinvestment_rate": -135.19,
            "research_to_sale_ratio": 2.35,
            "price_fair": 78.75,
            "eps_avg_yearly": 2.25,
            "eps_latest_yearly": 2.88,
            "eps_growth_yearly": 33.26
        },
        "20162": {
            "year_quarter": 20162,
            "year": 2016,
            "quarter": 2,
            "eps": 0.58,
            "eps_growth_year": 20.83,
            "eps_4q": 2.49,
            "eps_4q_growth_year": 1.81,
            "roe": 1.44,
            "roe_4q": 6.18,
            "gross_profit": 1104658,
            "gross_margin": 20.73,
            "gross_margin_4q_avg": 20.71,
            "net_income": 314901,
            "net_income_4q": null,
            "revenue": 5329346,
            "revenue_4q": null,
            "common_shares": 5209722,
            "book_valuer_per_share": 40.5,
            "book_valuer_per_share_4q_avg": 40.99,
            "equity": 21573297,
            "current_ratio": 127.53,
            "debt_ratio": 39.81,
            "inventory_turnover_ratio": 0.99,
            "account_receivable_turnover_ratio": 0.9,
            "reinvestment_rate": -121.79,
            "research_to_sale_ratio": 2.28,
            "price_fair": 79.19,
            "eps_avg_yearly": 2.26,
            "eps_latest_yearly": 2.32,
            "eps_growth_yearly": 32.36
        },
        "20163": {
            "year_quarter": 20163,
            "year": 2016,
            "quarter": 3,
            "eps": 0.7,
            "eps_growth_year": 18.64,
            "eps_4q": 2.6,
            "eps_4q_growth_year": 12.51,
            "roe": 1.78,
            "roe_4q": 6.4799999999999995,
            "gross_profit": 1097588,
            "gross_margin": 20.75,
            "gross_margin_4q_avg": 20.94,
            "net_income": 386540,
            "net_income_4q": null,
            "revenue": 5289209,
            "revenue_4q": null,
            "common_shares": 5209722,
            "book_valuer_per_share": 40.96,
            "book_valuer_per_share_4q_avg": 41.04,
            "equity": 21807589,
            "current_ratio": 128.81,
            "debt_ratio": 39.83,
            "inventory_turnover_ratio": 0.96,
            "account_receivable_turnover_ratio": 0.87,
            "reinvestment_rate": -126.22,
            "research_to_sale_ratio": 2.23,
            "price_fair": 81.29,
            "eps_avg_yearly": 2.32,
            "eps_latest_yearly": 2.8,
            "eps_growth_yearly": 40.84
        },
        "20164": {
            "year_quarter": 20164,
            "year": 2016,
            "quarter": 4,
            "eps": 0.4,
            "eps_growth_year": -34.48,
            "eps_4q": 2.39,
            "eps_4q_growth_year": 0.12,
            "roe": 1,
            "roe_4q": 5.970000000000001,
            "gross_profit": 982603,
            "gross_margin": 16.75,
            "gross_margin_4q_avg": 20.01,
            "net_income": 219324,
            "net_income_4q": null,
            "revenue": 5866139,
            "revenue_4q": null,
            "common_shares": 5209722,
            "book_valuer_per_share": 41.03,
            "book_valuer_per_share_4q_avg": 41.02,
            "equity": 21850142,
            "current_ratio": 129.67,
            "debt_ratio": 39.79,
            "inventory_turnover_ratio": 1.12,
            "account_receivable_turnover_ratio": 0.92,
            "reinvestment_rate": -119.06,
            "research_to_sale_ratio": 2.55,
            "price_fair": 82.86,
            "eps_avg_yearly": 2.37,
            "eps_latest_yearly": 1.6,
            "eps_growth_yearly": 43.17
        },
        "20171": {
            "year_quarter": 20171,
            "year": 2017,
            "quarter": 1,
            "eps": 0.77,
            "eps_growth_year": 6.94,
            "eps_4q": 2.45,
            "eps_4q_growth_year": 2.16,
            "roe": 1.9,
            "roe_4q": 6.119999999999999,
            "gross_profit": 1160790,
            "gross_margin": 22.71,
            "gross_margin_4q_avg": 20.24,
            "net_income": 416417,
            "net_income_4q": null,
            "revenue": 5112078,
            "revenue_4q": null,
            "common_shares": 5209722,
            "book_valuer_per_share": 41.36,
            "book_valuer_per_share_4q_avg": 40.96,
            "equity": 22023397,
            "current_ratio": 133.52,
            "debt_ratio": 38.57,
            "inventory_turnover_ratio": 0.9,
            "account_receivable_turnover_ratio": 0.81,
            "reinvestment_rate": 56.42,
            "research_to_sale_ratio": 2.13,
            "price_fair": 84.96,
            "eps_avg_yearly": 2.43,
            "eps_latest_yearly": 3.08,
            "eps_growth_yearly": 31.07
        },
        "20172": {
            "year_quarter": 20172,
            "year": 2017,
            "quarter": 2,
            "eps": 0.55,
            "eps_growth_year": -5.17,
            "eps_4q": 2.42,
            "eps_4q_growth_year": -2.78,
            "roe": 1.37,
            "roe_4q": 6.05,
            "gross_profit": 1010092,
            "gross_margin": 18.18,
            "gross_margin_4q_avg": 19.6,
            "net_income": 298748,
            "net_income_4q": null,
            "revenue": 5556123,
            "revenue_4q": null,
            "common_shares": 5209722,
            "book_valuer_per_share": 40.84,
            "book_valuer_per_share_4q_avg": 41.05,
            "equity": 21745914,
            "current_ratio": 126.02,
            "debt_ratio": 40.6,
            "inventory_turnover_ratio": 0.99,
            "account_receivable_turnover_ratio": 0.95,
            "reinvestment_rate": 60.68,
            "research_to_sale_ratio": 2.35,
            "price_fair": 86.01,
            "eps_avg_yearly": 2.46,
            "eps_latest_yearly": 2.2,
            "eps_growth_yearly": 28.64
        },
        "20173": {
            "year_quarter": 20173,
            "year": 2017,
            "quarter": 3,
            "eps": 0.77,
            "eps_growth_year": 10,
            "eps_4q": 2.48,
            "eps_4q_growth_year": -4.79,
            "roe": 1.89,
            "roe_4q": 6.16,
            "gross_profit": 1113029,
            "gross_margin": 20,
            "gross_margin_4q_avg": 19.41,
            "net_income": 415965,
            "net_income_4q": null,
            "revenue": 5566181,
            "revenue_4q": null,
            "common_shares": 5209722,
            "book_valuer_per_share": 41.75,
            "book_valuer_per_share_4q_avg": 41.25,
            "equity": 22217951,
            "current_ratio": 127.4,
            "debt_ratio": 40.1,
            "inventory_turnover_ratio": 0.94,
            "account_receivable_turnover_ratio": 0.95,
            "reinvestment_rate": 61.65,
            "research_to_sale_ratio": 2.41,
            "price_fair": 83.05,
            "eps_avg_yearly": 2.48,
            "eps_latest_yearly": 3.08,
            "eps_growth_yearly": 23.52
        },
        "20174": {
            "year_quarter": 20174,
            "year": 2017,
            "quarter": 4,
            "eps": 0.47,
            "eps_growth_year": 18.4,
            "eps_4q": 2.55,
            "eps_4q_growth_year": 6.62,
            "roe": 1.14,
            "roe_4q": 6.300000000000001,
            "gross_profit": 973587,
            "gross_margin": 16.28,
            "gross_margin_4q_avg": 19.29,
            "net_income": 253294,
            "net_income_4q": null,
            "revenue": 5979905,
            "revenue_4q": null,
            "common_shares": 5209722,
            "book_valuer_per_share": 42.08,
            "book_valuer_per_share_4q_avg": 41.51,
            "equity": 22393358,
            "current_ratio": 129.36,
            "debt_ratio": 39.56,
            "inventory_turnover_ratio": 1.06,
            "account_receivable_turnover_ratio": 0.97,
            "reinvestment_rate": 36.76,
            "research_to_sale_ratio": 1.88,
            "price_fair": 66.12,
            "eps_avg_yearly": 2.45,
            "eps_latest_yearly": 1.88,
            "eps_growth_yearly": 17.04
        },
        "20181": {
            "year_quarter": 20181,
            "year": 2018,
            "quarter": 1,
            "eps": 0.59,
            "eps_growth_year": -23.38,
            "eps_4q": 2.37,
            "eps_4q_growth_year": -3.07,
            "roe": 1.42,
            "roe_4q": 5.819999999999999,
            "gross_profit": 1235953,
            "gross_margin": 21.4,
            "gross_margin_4q_avg": 18.97,
            "net_income": 325797,
            "net_income_4q": null,
            "revenue": 5774578,
            "revenue_4q": null,
            "common_shares": 5209722,
            "book_valuer_per_share": 43.94,
            "book_valuer_per_share_4q_avg": 42.15,
            "equity": 23344806,
            "current_ratio": 132.03,
            "debt_ratio": 38.91,
            "inventory_turnover_ratio": 0.96,
            "account_receivable_turnover_ratio": 0.97,
            "reinvestment_rate": 33.94,
            "research_to_sale_ratio": 2.03,
            "price_fair": 75.08,
            "eps_avg_yearly": 2.43,
            "eps_latest_yearly": 2.36,
            "eps_growth_yearly": 20.93
        },
        "20182": {
            "year_quarter": 20182,
            "year": 2018,
            "quarter": 2,
            "eps": 0.76,
            "eps_growth_year": 38.18,
            "eps_4q": 2.59,
            "eps_4q_growth_year": 7.14,
            "roe": 1.78,
            "roe_4q": 6.2299999999999995,
            "gross_profit": 1239657,
            "gross_margin": 19.58,
            "gross_margin_4q_avg": 19.32,
            "net_income": 413663,
            "net_income_4q": null,
            "revenue": 6331486,
            "revenue_4q": null,
            "common_shares": 5209722,
            "book_valuer_per_share": 43.35,
            "book_valuer_per_share_4q_avg": 42.78,
            "equity": 23024161,
            "current_ratio": 126.11,
            "debt_ratio": 41.27,
            "inventory_turnover_ratio": 1.05,
            "account_receivable_turnover_ratio": 1.08,
            "reinvestment_rate": 31.93,
            "research_to_sale_ratio": 2.43,
            "price_fair": 86.98,
            "eps_avg_yearly": 2.49,
            "eps_latest_yearly": 3.04,
            "eps_growth_yearly": 33.05
        },
        "20183": {
            "year_quarter": 20183,
            "year": 2018,
            "quarter": 3,
            "eps": 0.88,
            "eps_growth_year": 14.29,
            "eps_4q": 2.7,
            "eps_4q_growth_year": 8.9,
            "roe": 2.01,
            "roe_4q": 6.35,
            "gross_profit": 1200958,
            "gross_margin": 19.16,
            "gross_margin_4q_avg": 19.11,
            "net_income": 466651,
            "net_income_4q": null,
            "revenue": 6269504,
            "revenue_4q": null,
            "common_shares": 5209722,
            "book_valuer_per_share": 44.2,
            "book_valuer_per_share_4q_avg": 43.39,
            "equity": 23467701,
            "current_ratio": 126.36,
            "debt_ratio": 41.98,
            "inventory_turnover_ratio": 1.04,
            "account_receivable_turnover_ratio": 1.02,
            "reinvestment_rate": 27.35,
            "research_to_sale_ratio": 2.62,
            "price_fair": 88.46,
            "eps_avg_yearly": 2.53,
            "eps_latest_yearly": 3.52,
            "eps_growth_yearly": 28.51
        },
        "20184": {
            "year_quarter": 20184,
            "year": 2018,
            "quarter": 4,
            "eps": 0.49,
            "eps_growth_year": 3.66,
            "eps_4q": 2.72,
            "eps_4q_growth_year": 6.44,
            "roe": 1.12,
            "roe_4q": 6.33,
            "gross_profit": 928325,
            "gross_margin": 14.05,
            "gross_margin_4q_avg": 18.55,
            "net_income": 264429,
            "net_income_4q": null,
            "revenue": 6608256,
            "revenue_4q": null,
            "common_shares": 5209722,
            "book_valuer_per_share": 44.41,
            "book_valuer_per_share_4q_avg": 43.98,
            "equity": 23580839,
            "current_ratio": 128.18,
            "debt_ratio": 41.07,
            "inventory_turnover_ratio": 1.19,
            "account_receivable_turnover_ratio": 1.08,
            "reinvestment_rate": 23.72,
            "research_to_sale_ratio": 2.79,
            "price_fair": 85.02,
            "eps_avg_yearly": 2.52,
            "eps_latest_yearly": 1.96,
            "eps_growth_yearly": 23.77
        },
        "20191": {
            "year_quarter": 20191,
            "year": 2019,
            "quarter": 1,
            "eps": 0.97,
            "eps_growth_year": 64.41,
            "eps_4q": 3.1,
            "eps_4q_growth_year": 30.83,
            "roe": 2.18,
            "roe_4q": 7.090000000000001,
            "gross_profit": 1242224,
            "gross_margin": 18.64,
            "gross_margin_4q_avg": 17.86,
            "net_income": 520586,
            "net_income_4q": null,
            "revenue": 6665844,
            "revenue_4q": null,
            "common_shares": 5209722,
            "book_valuer_per_share": 45.56,
            "book_valuer_per_share_4q_avg": 44.38,
            "equity": 24198556,
            "current_ratio": 131.7,
            "debt_ratio": 39.97,
            "inventory_turnover_ratio": 1.18,
            "account_receivable_turnover_ratio": 1.09,
            "reinvestment_rate": 30.31,
            "research_to_sale_ratio": 1.86,
            "price_fair": 90.39,
            "eps_avg_yearly": 2.58,
            "eps_latest_yearly": 3.88,
            "eps_growth_yearly": 39.77
        },
        "20192": {
            "year_quarter": 20192,
            "year": 2019,
            "quarter": 2,
            "eps": 0.75,
            "eps_growth_year": -1.32,
            "eps_4q": 3.09,
            "eps_4q_growth_year": 19.37,
            "roe": 1.7,
            "roe_4q": 7.01,
            "gross_profit": 1230561,
            "gross_margin": 18.67,
            "gross_margin_4q_avg": 17.63,
            "net_income": 409639,
            "net_income_4q": null,
            "revenue": 6590075,
            "revenue_4q": null,
            "common_shares": 5209722,
            "book_valuer_per_share": 45.02,
            "book_valuer_per_share_4q_avg": 44.8,
            "equity": 23917041,
            "current_ratio": 126.46,
            "debt_ratio": 41.78,
            "inventory_turnover_ratio": 1.16,
            "account_receivable_turnover_ratio": 1.1,
            "reinvestment_rate": 32.92,
            "research_to_sale_ratio": 2.2,
            "price_fair": 92.75,
            "eps_avg_yearly": 2.65,
            "eps_latest_yearly": 3,
            "eps_growth_yearly": 42.2
        },
        "20193": {
            "year_quarter": 20193,
            "year": 2019,
            "quarter": 3,
            "eps": 0.78,
            "eps_growth_year": -11.36,
            "eps_4q": 3,
            "eps_4q_growth_year": 11.13,
            "roe": 1.76,
            "roe_4q": 6.760000000000001,
            "gross_profit": 1204847,
            "gross_margin": 19.36,
            "gross_margin_4q_avg": 17.68,
            "net_income": 424031,
            "net_income_4q": null,
            "revenue": 6222680,
            "revenue_4q": null,
            "common_shares": 5209722,
            "book_valuer_per_share": 45.51,
            "book_valuer_per_share_4q_avg": 45.13,
            "equity": 24211310,
            "current_ratio": 129.58,
            "debt_ratio": 40.89,
            "inventory_turnover_ratio": 1.04,
            "account_receivable_turnover_ratio": 1.08,
            "reinvestment_rate": 25.23,
            "research_to_sale_ratio": 2.26,
            "price_fair": 94.41,
            "eps_avg_yearly": 2.7,
            "eps_latest_yearly": 3.12,
            "eps_growth_yearly": 37.47
        },
        "20194": {
            "year_quarter": 20194,
            "year": 2019,
            "quarter": 4,
            "eps": 0.7,
            "eps_growth_year": 43.53,
            "eps_4q": 3.21,
            "eps_4q_growth_year": 18.27,
            "roe": 1.57,
            "roe_4q": 7.210000000000001,
            "gross_profit": 1202181,
            "gross_margin": 18.33,
            "gross_margin_4q_avg": 18.75,
            "net_income": 384679,
            "net_income_4q": null,
            "revenue": 6560174,
            "revenue_4q": null,
            "common_shares": 5209722,
            "book_valuer_per_share": 46.39,
            "book_valuer_per_share_4q_avg": 45.62,
            "equity": 24674405,
            "current_ratio": 132.48,
            "debt_ratio": 39.46,
            "inventory_turnover_ratio": 1.12,
            "account_receivable_turnover_ratio": 1.13,
            "reinvestment_rate": 30.63,
            "research_to_sale_ratio": 2.64,
            "price_fair": 95.2,
            "eps_avg_yearly": 2.72,
            "eps_latest_yearly": 2.8,
            "eps_growth_yearly": 34.06
        },
        "20201": {
            "year_quarter": 20201,
            "year": 2020,
            "quarter": 1,
            "eps": 0.96,
            "eps_growth_year": -1.03,
            "eps_4q": 3.2,
            "eps_4q_growth_year": 3.13,
            "roe": 2.09,
            "roe_4q": 7.12,
            "gross_profit": 1254950,
            "gross_margin": 19.48,
            "gross_margin_4q_avg": 18.96,
            "net_income": 516654,
            "net_income_4q": null,
            "revenue": 6441894,
            "revenue_4q": null,
            "common_shares": 5209722,
            "book_valuer_per_share": 46.5,
            "book_valuer_per_share_4q_avg": 45.86,
            "equity": 24739308,
            "current_ratio": 141.31,
            "debt_ratio": 37.43,
            "inventory_turnover_ratio": 1.15,
            "account_receivable_turnover_ratio": 1.09,
            "reinvestment_rate": 23.5,
            "research_to_sale_ratio": 1.76,
            "price_fair": 97.3,
            "eps_avg_yearly": 2.78,
            "eps_latest_yearly": 3.84,
            "eps_growth_yearly": 38.83
        },
        "20202": {
            "year_quarter": 20202,
            "year": 2020,
            "quarter": 2,
            "eps": 0.77,
            "eps_growth_year": 2.67,
            "eps_4q": 3.21,
            "eps_4q_growth_year": 4.01,
            "roe": 1.69,
            "roe_4q": 7.109999999999999,
            "gross_profit": 1196848,
            "gross_margin": 20.04,
            "gross_margin_4q_avg": 19.3,
            "net_income": 417455,
            "net_income_4q": null,
            "revenue": 5971133,
            "revenue_4q": null,
            "common_shares": 5209722,
            "book_valuer_per_share": 46.34,
            "book_valuer_per_share_4q_avg": 46.19,
            "equity": 24653041,
            "current_ratio": 135,
            "debt_ratio": 38.52,
            "inventory_turnover_ratio": 1.08,
            "account_receivable_turnover_ratio": 1.03,
            "reinvestment_rate": 28.49,
            "research_to_sale_ratio": 2.21,
            "price_fair": 98.96,
            "eps_avg_yearly": 2.83,
            "eps_latest_yearly": 3.08,
            "eps_growth_yearly": 38.75
        },
        "20203": {
            "year_quarter": 20203,
            "year": 2020,
            "quarter": 3,
            "eps": 0.79,
            "eps_growth_year": 1.28,
            "eps_4q": 3.22,
            "eps_4q_growth_year": 7.45,
            "roe": 1.73,
            "roe_4q": 7.08,
            "gross_profit": 1161701,
            "gross_margin": 19.34,
            "gross_margin_4q_avg": 19.3,
            "net_income": 431840,
            "net_income_4q": null,
            "revenue": 6008237,
            "revenue_4q": null,
            "common_shares": 5209722,
            "book_valuer_per_share": 47.4,
            "book_valuer_per_share_4q_avg": 46.66,
            "equity": 25227051,
            "current_ratio": 137.55,
            "debt_ratio": 38.2,
            "inventory_turnover_ratio": 1.06,
            "account_receivable_turnover_ratio": 1.09,
            "reinvestment_rate": 30.08,
            "research_to_sale_ratio": 2.26,
            "price_fair": 99.75,
            "eps_avg_yearly": 2.85,
            "eps_latest_yearly": 3.16,
            "eps_growth_yearly": 34.22
        },
        "20204": {
            "year_quarter": 20204,
            "year": 2020,
            "quarter": 4,
            "eps": 0.41,
            "eps_growth_year": -41.8,
            "eps_4q": 2.93,
            "eps_4q_growth_year": -8.81,
            "roe": 0.91,
            "roe_4q": 6.42,
            "gross_profit": 1124686,
            "gross_margin": 15.49,
            "gross_margin_4q_avg": 18.59,
            "net_income": 230997,
            "net_income_4q": null,
            "revenue": 7262739,
            "revenue_4q": null,
            "common_shares": 5209722,
            "book_valuer_per_share": 48.32,
            "book_valuer_per_share_4q_avg": 47.14,
            "equity": 25700345,
            "current_ratio": 136.69,
            "debt_ratio": 38.89,
            "inventory_turnover_ratio": 1.36,
            "account_receivable_turnover_ratio": 1.24,
            "reinvestment_rate": 32.96,
            "research_to_sale_ratio": 2.29,
            "price_fair": 99.84,
            "eps_avg_yearly": 2.85,
            "eps_latest_yearly": 1.64,
            "eps_growth_yearly": 32.91
        },
        "20211": {
            "year_quarter": 20211,
            "year": 2021,
            "quarter": 1,
            "eps": 1.26,
            "eps_growth_year": 31.25,
            "eps_4q": 3.23,
            "eps_4q_growth_year": 0.83,
            "roe": 2.6,
            "roe_4q": 6.93,
            "gross_profit": 1422820,
            "gross_margin": 20,
            "gross_margin_4q_avg": 18.72,
            "net_income": 677191,
            "net_income_4q": null,
            "revenue": 7114798,
            "revenue_4q": null,
            "common_shares": 5209722,
            "book_valuer_per_share": 49.46,
            "book_valuer_per_share_4q_avg": 47.88,
            "equity": 26315921,
            "current_ratio": 140.64,
            "debt_ratio": 38.92,
            "inventory_turnover_ratio": 1.28,
            "account_receivable_turnover_ratio": 1.04,
            "reinvestment_rate": 35.55,
            "research_to_sale_ratio": 1.63,
            "price_fair": 104.13,
            "eps_avg_yearly": 2.98,
            "eps_latest_yearly": 5.04,
            "eps_growth_yearly": 61.62
        },
        "20212": {
            "year_quarter": 20212,
            "year": 2021,
            "quarter": 2,
            "eps": 0.9,
            "eps_growth_year": 16.88,
            "eps_4q": 3.36,
            "eps_4q_growth_year": 4.47,
            "roe": 1.85,
            "roe_4q": 7.09,
            "gross_profit": 1249555,
            "gross_margin": 17.8,
            "gross_margin_4q_avg": 18.16,
            "net_income": 492658,
            "net_income_4q": null,
            "revenue": 7019940,
            "revenue_4q": null,
            "common_shares": 5209722,
            "book_valuer_per_share": 50.82,
            "book_valuer_per_share_4q_avg": 49,
            "equity": 27030033,
            "current_ratio": 145.24,
            "debt_ratio": 37.56,
            "inventory_turnover_ratio": 1.23,
            "account_receivable_turnover_ratio": 1.01,
            "reinvestment_rate": 33.33,
            "research_to_sale_ratio": 1.91,
            "price_fair": 107.19,
            "eps_avg_yearly": 3.06,
            "eps_latest_yearly": 3.6,
            "eps_growth_yearly": 61.62
        },
        "20213": {
            "year_quarter": 20213,
            "year": 2021,
            "quarter": 3,
            "eps": 0.7,
            "eps_growth_year": -11.39,
            "eps_4q": 3.27,
            "eps_4q_growth_year": 1.31,
            "roe": 1.47,
            "roe_4q": 6.83,
            "gross_profit": 1102022,
            "gross_margin": 16.47,
            "gross_margin_4q_avg": 17.44,
            "net_income": 393520,
            "net_income_4q": null,
            "revenue": 6690831,
            "revenue_4q": null,
            "common_shares": 5209722,
            "book_valuer_per_share": 49.57,
            "book_valuer_per_share_4q_avg": 49.54,
            "equity": 26396112,
            "current_ratio": 140.17,
            "debt_ratio": 38.89,
            "inventory_turnover_ratio": 1.06,
            "account_receivable_turnover_ratio": 1.01,
            "reinvestment_rate": 28.53,
            "research_to_sale_ratio": 2.22,
            "price_fair": 106.58,
            "eps_avg_yearly": 3.05,
            "eps_latest_yearly": 2.8,
            "eps_growth_yearly": 46.06
        },
        "20214": {
            "year_quarter": 20214,
            "year": 2021,
            "quarter": 4,
            "eps": 0.61,
            "eps_growth_year": 48.81,
            "eps_4q": 3.46,
            "eps_4q_growth_year": 18.27,
            "roe": 1.3,
            "roe_4q": 7.220000000000001,
            "gross_profit": 1213191,
            "gross_margin": 17.67,
            "gross_margin_4q_avg": 17.99,
            "net_income": 346081,
            "net_income_4q": null,
            "revenue": 6864241,
            "revenue_4q": null,
            "common_shares": 5209722,
            "book_valuer_per_share": 50.77,
            "book_valuer_per_share_4q_avg": 50.16,
            "equity": 27037713,
            "current_ratio": 136.04,
            "debt_ratio": 40.18,
            "inventory_turnover_ratio": 0.94,
            "account_receivable_turnover_ratio": 1.02,
            "reinvestment_rate": 32.25,
            "research_to_sale_ratio": 2.45,
            "price_fair": 107.8,
            "eps_avg_yearly": 3.08,
            "eps_latest_yearly": 2.44,
            "eps_growth_yearly": 52.59
        },
        "20221": {
            "year_quarter": 20221,
            "year": 2022,
            "quarter": 1,
            "eps": 1.38,
            "eps_growth_year": 9.52,
            "eps_4q": 3.59,
            "eps_4q_growth_year": 11.17,
            "roe": 2.71,
            "roe_4q": 7.33,
            "gross_profit": 1480075,
            "gross_margin": 19.12,
            "gross_margin_4q_avg": 17.77,
            "net_income": 748173,
            "net_income_4q": null,
            "revenue": 7740200,
            "revenue_4q": null,
            "common_shares": 5209722,
            "book_valuer_per_share": 52.78,
            "book_valuer_per_share_4q_avg": 50.99,
            "equity": 28125018,
            "current_ratio": 145.02,
            "debt_ratio": 37.82,
            "inventory_turnover_ratio": 0.97,
            "account_receivable_turnover_ratio": 1.13,
            "reinvestment_rate": 38.34,
            "research_to_sale_ratio": 1.65,
            "price_fair": 114.71,
            "eps_avg_yearly": 3.28,
            "eps_latest_yearly": 5.52,
            "eps_growth_yearly": 77.76
        },
        "20222": {
            "year_quarter": 20222,
            "year": 2022,
            "quarter": 2,
            "eps": 0.88,
            "eps_growth_year": -2.22,
            "eps_4q": 3.57,
            "eps_4q_growth_year": 6.27,
            "roe": 1.72,
            "roe_4q": 7.199999999999999,
            "gross_profit": 1269393,
            "gross_margin": 16.68,
            "gross_margin_4q_avg": 17.49,
            "net_income": 479594,
            "net_income_4q": null,
            "revenue": 7611358,
            "revenue_4q": null,
            "common_shares": 5209722,
            "book_valuer_per_share": 51.92,
            "book_valuer_per_share_4q_avg": 51.26,
            "equity": 27676952,
            "current_ratio": 133.52,
            "debt_ratio": 40.8,
            "inventory_turnover_ratio": 0.95,
            "account_receivable_turnover_ratio": 1.07,
            "reinvestment_rate": 39.87,
            "research_to_sale_ratio": 1.84,
            "price_fair": 115.76,
            "eps_avg_yearly": 3.31,
            "eps_latest_yearly": 3.52,
            "eps_growth_yearly": 61.5
        },
        "20223": {
            "year_quarter": 20223,
            "year": 2022,
            "quarter": 3,
            "eps": 1.09,
            "eps_growth_year": 55.71,
            "eps_4q": 3.95,
            "eps_4q_growth_year": 21.12,
            "roe": 2.13,
            "roe_4q": 7.859999999999999,
            "gross_profit": 1319740,
            "gross_margin": 17.76,
            "gross_margin_4q_avg": 17.81,
            "net_income": 594356,
            "net_income_4q": null,
            "revenue": 7430585,
            "revenue_4q": null,
            "common_shares": 5209722,
            "book_valuer_per_share": 52.51,
            "book_valuer_per_share_4q_avg": 52,
            "equity": 28004763,
            "current_ratio": 131.52,
            "debt_ratio": 41.52,
            "inventory_turnover_ratio": 0.83,
            "account_receivable_turnover_ratio": 1.02,
            "reinvestment_rate": 33.66,
            "research_to_sale_ratio": 1.98,
            "price_fair": 117.6,
            "eps_avg_yearly": 3.36,
            "eps_latest_yearly": 4.36,
            "eps_growth_yearly": 63.52
        },
        "20224": {
            "year_quarter": 20224,
            "year": 2022,
            "quarter": 4,
            "eps": 0.51,
            "eps_growth_year": -15.89,
            "eps_4q": 3.86,
            "eps_4q_growth_year": 11.36,
            "roe": 1.06,
            "roe_4q": 7.62,
            "gross_profit": 1171344,
            "gross_margin": 14.69,
            "gross_margin_4q_avg": 17.06,
            "net_income": 300026,
            "net_income_4q": null,
            "revenue": 7975634,
            "revenue_4q": null,
            "common_shares": 5209722,
            "book_valuer_per_share": 53.83,
            "book_valuer_per_share_4q_avg": 52.76,
            "equity": 28688783,
            "current_ratio": 128.93,
            "debt_ratio": 41.9,
            "inventory_turnover_ratio": 0.82,
            "account_receivable_turnover_ratio": 1.08,
            "reinvestment_rate": 38.21,
            "research_to_sale_ratio": 1.99,
            "price_fair": 117.78,
            "eps_avg_yearly": 3.37,
            "eps_latest_yearly": 2.04,
            "eps_growth_yearly": 61.3
        },
        "20231": {
            "year_quarter": 20231,
            "year": 2023,
            "quarter": 1,
            "eps": 1.52,
            "eps_growth_year": 10.14,
            "eps_4q": 4,
            "eps_4q_growth_year": 11.49,
            "roe": 2.79,
            "roe_4q": 7.7,
            "gross_profit": 1712731,
            "gross_margin": 19.09,
            "gross_margin_4q_avg": 17.06,
            "net_income": 827200,
            "net_income_4q": null,
            "revenue": 8972319,
            "revenue_4q": null,
            "common_shares": 5209722,
            "book_valuer_per_share": 57.32,
            "book_valuer_per_share_4q_avg": 53.9,
            "equity": 30548851,
            "current_ratio": 132.1,
            "debt_ratio": 40.14,
            "inventory_turnover_ratio": 0.83,
            "account_receivable_turnover_ratio": 1.13,
            "reinvestment_rate": 42.9,
            "research_to_sale_ratio": 1.49,
            "price_fair": 122.59,
            "eps_avg_yearly": 3.5,
            "eps_latest_yearly": 6.08,
            "eps_growth_yearly": 86.32
        },
        "20232": {
            "year_quarter": 20232,
            "year": 2023,
            "quarter": 2,
            "eps": 1.14,
            "eps_growth_year": 29.55,
            "eps_4q": 4.26,
            "eps_4q_growth_year": 19.43,
            "roe": 1.98,
            "roe_4q": 7.96,
            "gross_profit": 1240878,
            "gross_margin": 16.16,
            "gross_margin_4q_avg": 16.93,
            "net_income": 626928,
            "net_income_4q": null,
            "revenue": 7677019,
            "revenue_4q": null,
            "common_shares": 5209722,
            "book_valuer_per_share": 61.78,
            "book_valuer_per_share_4q_avg": 56.36,
            "equity": 32895028,
            "current_ratio": 128.21,
            "debt_ratio": 38.54,
            "inventory_turnover_ratio": 0.72,
            "account_receivable_turnover_ratio": 0.97,
            "reinvestment_rate": 80.39,
            "research_to_sale_ratio": 1.94,
            "price_fair": 126,
            "eps_avg_yearly": 3.6,
            "eps_latest_yearly": 4.56,
            "eps_growth_yearly": 85.74
        },
        "20233": {
            "year_quarter": 20233,
            "year": 2023,
            "quarter": 3,
            "eps": 1.28,
            "eps_growth_year": 17.43,
            "eps_4q": 4.46,
            "eps_4q_growth_year": 12.82,
            "roe": 2.12,
            "roe_4q": 7.949999999999999,
            "gross_profit": 1372752,
            "gross_margin": 17.83,
            "gross_margin_4q_avg": 16.94,
            "net_income": 694205,
            "net_income_4q": null,
            "revenue": 7700429,
            "revenue_4q": null,
            "common_shares": 5209722,
            "book_valuer_per_share": 61.2,
            "book_valuer_per_share_4q_avg": 58.53,
            "equity": 32608568,
            "current_ratio": 131.19,
            "debt_ratio": 38.68,
            "inventory_turnover_ratio": 0.68,
            "account_receivable_turnover_ratio": 0.99,
            "reinvestment_rate": 68.21,
            "research_to_sale_ratio": 1.99,
            "price_fair": 130.38,
            "eps_avg_yearly": 3.73,
            "eps_latest_yearly": 5.12,
            "eps_growth_yearly": 87.81
        }
    },
    "months": {
        "2001-06": {
            "month": "2001-06",
            "price": "16.55",
            "revenue": 995919
        },
        "2001-07": {
            "month": "2001-07",
            "price": "13.11",
            "revenue": 694729
        },
        "2001-08": {
            "month": "2001-08",
            "price": "13.62",
            "revenue": 712153
        },
        "2001-09": {
            "month": "2001-09",
            "price": "15.66",
            "revenue": 686950
        },
        "2001-10": {
            "month": "2001-10",
            "price": "14.80",
            "revenue": 841581
        },
        "2001-11": {
            "month": "2001-11",
            "price": "14.39",
            "revenue": 954325
        },
        "2001-12": {
            "month": "2001-12",
            "price": "15.90",
            "revenue": 813979
        },
        "2002-01": {
            "month": "2002-01",
            "price": "16.38",
            "revenue": 819340
        },
        "2002-02": {
            "month": "2002-02",
            "price": "16.32",
            "revenue": 723319
        },
        "2002-03": {
            "month": "2002-03",
            "price": "17.12",
            "revenue": 986032
        },
        "2002-04": {
            "month": "2002-04",
            "price": "18.00",
            "revenue": 1037925
        },
        "2002-05": {
            "month": "2002-05",
            "price": "17.56",
            "revenue": 848082
        },
        "2002-06": {
            "month": "2002-06",
            "price": "18.28",
            "revenue": 817761
        },
        "2002-07": {
            "month": "2002-07",
            "price": "18.23",
            "revenue": 842051
        },
        "2002-08": {
            "month": "2002-08",
            "price": "17.00",
            "revenue": 880116
        },
        "2002-09": {
            "month": "2002-09",
            "price": "15.38",
            "revenue": 870953
        },
        "2002-10": {
            "month": "2002-10",
            "price": "15.35",
            "revenue": 844036
        },
        "2002-11": {
            "month": "2002-11",
            "price": "16.17",
            "revenue": 1088962
        },
        "2002-12": {
            "month": "2002-12",
            "price": "17.50",
            "revenue": 1086091
        },
        "2003-01": {
            "month": "2003-01",
            "price": "18.56",
            "revenue": 1038238
        },
        "2003-02": {
            "month": "2003-02",
            "price": "17.31",
            "revenue": 942698
        },
        "2003-03": {
            "month": "2003-03",
            "price": "16.78",
            "revenue": 946549
        },
        "2003-04": {
            "month": "2003-04",
            "price": "15.94",
            "revenue": 1045118
        },
        "2003-05": {
            "month": "2003-05",
            "price": "15.17",
            "revenue": 878803
        },
        "2003-06": {
            "month": "2003-06",
            "price": "16.92",
            "revenue": 1033017
        },
        "2003-07": {
            "month": "2003-07",
            "price": "17.43",
            "revenue": 1107130
        },
        "2003-08": {
            "month": "2003-08",
            "price": "18.54",
            "revenue": 885582
        },
        "2003-09": {
            "month": "2003-09",
            "price": "19.06",
            "revenue": 1155177
        },
        "2003-10": {
            "month": "2003-10",
            "price": "19.57",
            "revenue": 998230
        },
        "2003-11": {
            "month": "2003-11",
            "price": "19.51",
            "revenue": 915525
        },
        "2003-12": {
            "month": "2003-12",
            "price": "19.09",
            "revenue": 853778
        },
        "2004-01": {
            "month": "2004-01",
            "price": "19.93",
            "revenue": 1170119
        },
        "2004-02": {
            "month": "2004-02",
            "price": "24.35",
            "revenue": 907388
        },
        "2004-03": {
            "month": "2004-03",
            "price": "24.21",
            "revenue": 1113758
        },
        "2004-04": {
            "month": "2004-04",
            "price": "22.49",
            "revenue": 1253021
        },
        "2004-05": {
            "month": "2004-05",
            "price": "19.59",
            "revenue": 1098897
        },
        "2004-06": {
            "month": "2004-06",
            "price": "19.58",
            "revenue": 1018903
        },
        "2004-07": {
            "month": "2004-07",
            "price": "19.41",
            "revenue": 1160857
        },
        "2004-08": {
            "month": "2004-08",
            "price": "19.14",
            "revenue": 911704
        },
        "2004-09": {
            "month": "2004-09",
            "price": "20.57",
            "revenue": 969011
        },
        "2004-10": {
            "month": "2004-10",
            "price": "20.98",
            "revenue": 1086405
        },
        "2004-11": {
            "month": "2004-11",
            "price": "20.86",
            "revenue": 820354
        },
        "2004-12": {
            "month": "2004-12",
            "price": "20.75",
            "revenue": 1262262
        },
        "2005-01": {
            "month": "2005-01",
            "price": "21.55",
            "revenue": 1473290
        },
        "2005-02": {
            "month": "2005-02",
            "price": "21.82",
            "revenue": 807823
        },
        "2005-03": {
            "month": "2005-03",
            "price": "23.68",
            "revenue": 1095569
        },
        "2005-04": {
            "month": "2005-04",
            "price": "23.02",
            "revenue": 1166581
        },
        "2005-05": {
            "month": "2005-05",
            "price": "22.68",
            "revenue": 1241068
        },
        "2005-06": {
            "month": "2005-06",
            "price": "26.37",
            "revenue": 1127367
        },
        "2005-07": {
            "month": "2005-07",
            "price": "27.88",
            "revenue": 1135305
        },
        "2005-08": {
            "month": "2005-08",
            "price": "29.43",
            "revenue": 1017384
        },
        "2005-09": {
            "month": "2005-09",
            "price": "27.21",
            "revenue": 1075565
        },
        "2005-10": {
            "month": "2005-10",
            "price": "25.53",
            "revenue": 966738
        },
        "2005-11": {
            "month": "2005-11",
            "price": "23.71",
            "revenue": 1122168
        },
        "2005-12": {
            "month": "2005-12",
            "price": "25.54",
            "revenue": 1048563
        },
        "2006-01": {
            "month": "2006-01",
            "price": "26.24",
            "revenue": 1317434
        },
        "2006-02": {
            "month": "2006-02",
            "price": "24.71",
            "revenue": 1060589
        },
        "2006-03": {
            "month": "2006-03",
            "price": "23.85",
            "revenue": 1208541
        },
        "2006-04": {
            "month": "2006-04",
            "price": "27.90",
            "revenue": 1386156
        },
        "2006-05": {
            "month": "2006-05",
            "price": "35.98",
            "revenue": 1312045
        },
        "2006-06": {
            "month": "2006-06",
            "price": "32.58",
            "revenue": 1448018
        },
        "2006-07": {
            "month": "2006-07",
            "price": "32.50",
            "revenue": 1224056
        },
        "2006-08": {
            "month": "2006-08",
            "price": "30.37",
            "revenue": 1106659
        },
        "2006-09": {
            "month": "2006-09",
            "price": "29.58",
            "revenue": 1199089
        },
        "2006-10": {
            "month": "2006-10",
            "price": "32.74",
            "revenue": 964511
        },
        "2006-11": {
            "month": "2006-11",
            "price": "33.75",
            "revenue": 964690
        },
        "2006-12": {
            "month": "2006-12",
            "price": "35.12",
            "revenue": 989455
        },
        "2007-01": {
            "month": "2007-01",
            "price": "32.95",
            "revenue": 1347979
        },
        "2007-02": {
            "month": "2007-02",
            "price": "33.03",
            "revenue": 1045782
        },
        "2007-03": {
            "month": "2007-03",
            "price": "33.06",
            "revenue": 1267807
        },
        "2007-04": {
            "month": "2007-04",
            "price": "33.21",
            "revenue": 1122942
        },
        "2007-05": {
            "month": "2007-05",
            "price": "31.85",
            "revenue": 1145777
        },
        "2007-06": {
            "month": "2007-06",
            "price": "32.35",
            "revenue": 1298021
        },
        "2007-07": {
            "month": "2007-07",
            "price": "37.74",
            "revenue": 1239652
        },
        "2007-08": {
            "month": "2007-08",
            "price": "35.37",
            "revenue": 1138676
        },
        "2007-09": {
            "month": "2007-09",
            "price": "34.94",
            "revenue": 1246487
        },
        "2007-10": {
            "month": "2007-10",
            "price": "34.86",
            "revenue": 1367191
        },
        "2007-11": {
            "month": "2007-11",
            "price": "33.15",
            "revenue": 1452116
        },
        "2007-12": {
            "month": "2007-12",
            "price": "32.38",
            "revenue": 970540
        },
        "2008-01": {
            "month": "2008-01",
            "price": "34.05",
            "revenue": 1433025
        },
        "2008-02": {
            "month": "2008-02",
            "price": "36.64",
            "revenue": 1096784
        },
        "2008-03": {
            "month": "2008-03",
            "price": "39.33",
            "revenue": 1259526
        },
        "2008-04": {
            "month": "2008-04",
            "price": "41.51",
            "revenue": 1254238
        },
        "2008-05": {
            "month": "2008-05",
            "price": "41.53",
            "revenue": 1246877
        },
        "2008-06": {
            "month": "2008-06",
            "price": "39.46",
            "revenue": 1326636
        },
        "2008-07": {
            "month": "2008-07",
            "price": "34.27",
            "revenue": 1271856
        },
        "2008-08": {
            "month": "2008-08",
            "price": "34.57",
            "revenue": 1166347
        },
        "2008-09": {
            "month": "2008-09",
            "price": "31.18",
            "revenue": 1106183
        },
        "2008-10": {
            "month": "2008-10",
            "price": "24.33",
            "revenue": 1561711
        },
        "2008-11": {
            "month": "2008-11",
            "price": "26.42",
            "revenue": 1168537
        },
        "2008-12": {
            "month": "2008-12",
            "price": "29.07",
            "revenue": 1109939
        },
        "2009-01": {
            "month": "2009-01",
            "price": "28.84",
            "revenue": 1028319
        },
        "2009-02": {
            "month": "2009-02",
            "price": "27.37",
            "revenue": 1012236
        },
        "2009-03": {
            "month": "2009-03",
            "price": "29.78",
            "revenue": 915429
        },
        "2009-04": {
            "month": "2009-04",
            "price": "33.24",
            "revenue": 1016195
        },
        "2009-05": {
            "month": "2009-05",
            "price": "39.43",
            "revenue": 5704395
        },
        "2009-06": {
            "month": "2009-06",
            "price": "38.28",
            "revenue": 937233
        },
        "2009-07": {
            "month": "2009-07",
            "price": "38.89",
            "revenue": 1100853
        },
        "2009-08": {
            "month": "2009-08",
            "price": "38.17",
            "revenue": 983568
        },
        "2009-09": {
            "month": "2009-09",
            "price": "40.95",
            "revenue": 1116827
        },
        "2009-10": {
            "month": "2009-10",
            "price": "40.92",
            "revenue": 1076684
        },
        "2009-11": {
            "month": "2009-11",
            "price": "40.33",
            "revenue": 1298392
        },
        "2009-12": {
            "month": "2009-12",
            "price": "40.50",
            "revenue": 1186166
        },
        "2010-01": {
            "month": "2010-01",
            "price": "40.58",
            "revenue": 1376289
        },
        "2010-02": {
            "month": "2010-02",
            "price": "37.84",
            "revenue": 1032306
        },
        "2010-03": {
            "month": "2010-03",
            "price": "38.37",
            "revenue": 1265849
        },
        "2010-04": {
            "month": "2010-04",
            "price": "38.75",
            "revenue": 1190377
        },
        "2010-05": {
            "month": "2010-05",
            "price": "36.73",
            "revenue": 1190472
        },
        "2010-06": {
            "month": "2010-06",
            "price": "35.01",
            "revenue": 1217615
        },
        "2010-07": {
            "month": "2010-07",
            "price": "34.76",
            "revenue": 1266558
        },
        "2010-08": {
            "month": "2010-08",
            "price": "36.49",
            "revenue": 1153879
        },
        "2010-09": {
            "month": "2010-09",
            "price": "35.91",
            "revenue": 1084388
        },
        "2010-10": {
            "month": "2010-10",
            "price": "36.41",
            "revenue": 1233199
        },
        "2010-11": {
            "month": "2010-11",
            "price": "37.83",
            "revenue": 1324833
        },
        "2010-12": {
            "month": "2010-12",
            "price": "38.76",
            "revenue": 1512011
        },
        "2011-01": {
            "month": "2011-01",
            "price": "38.97",
            "revenue": 1448331
        },
        "2011-02": {
            "month": "2011-02",
            "price": "36.56",
            "revenue": 1018665
        },
        "2011-03": {
            "month": "2011-03",
            "price": "36.09",
            "revenue": 1400921
        },
        "2011-04": {
            "month": "2011-04",
            "price": "35.96",
            "revenue": 1254726
        },
        "2011-05": {
            "month": "2011-05",
            "price": "36.40",
            "revenue": 1423066
        },
        "2011-06": {
            "month": "2011-06",
            "price": "36.06",
            "revenue": 1386838
        },
        "2011-07": {
            "month": "2011-07",
            "price": "36.30",
            "revenue": 1532999
        },
        "2011-08": {
            "month": "2011-08",
            "price": "33.53",
            "revenue": 1543464
        },
        "2011-09": {
            "month": "2011-09",
            "price": "31.58",
            "revenue": 1235531
        },
        "2011-10": {
            "month": "2011-10",
            "price": "30.78",
            "revenue": 1328905
        },
        "2011-11": {
            "month": "2011-11",
            "price": "31.27",
            "revenue": 1214547
        },
        "2011-12": {
            "month": "2011-12",
            "price": "30.60",
            "revenue": 1366545
        },
        "2012-01": {
            "month": "2012-01",
            "price": "31.71",
            "revenue": 1321514
        },
        "2012-02": {
            "month": "2012-02",
            "price": "32.92",
            "revenue": 1292580
        },
        "2012-03": {
            "month": "2012-03",
            "price": "32.98",
            "revenue": 1237381
        },
        "2012-04": {
            "month": "2012-04",
            "price": "34.26",
            "revenue": 1250273
        },
        "2012-05": {
            "month": "2012-05",
            "price": "35.00",
            "revenue": 1342158
        },
        "2012-06": {
            "month": "2012-06",
            "price": "34.99",
            "revenue": 1522282
        },
        "2012-07": {
            "month": "2012-07",
            "price": "34.89",
            "revenue": 1341297
        },
        "2012-08": {
            "month": "2012-08",
            "price": "34.82",
            "revenue": 1180819
        },
        "2012-09": {
            "month": "2012-09",
            "price": "35.31",
            "revenue": 1122969
        },
        "2012-10": {
            "month": "2012-10",
            "price": "34.94",
            "revenue": 1264769
        },
        "2012-11": {
            "month": "2012-11",
            "price": "35.77",
            "revenue": 1115337
        },
        "2012-12": {
            "month": "2012-12",
            "price": "35.73",
            "revenue": 1102333
        },
        "2013-01": {
            "month": "2013-01",
            "price": "35.78",
            "revenue": 1663694
        },
        "2013-02": {
            "month": "2013-02",
            "price": "35.83",
            "revenue": 1091269
        },
        "2013-03": {
            "month": "2013-03",
            "price": "35.60",
            "revenue": 1514180
        },
        "2013-04": {
            "month": "2013-04",
            "price": "35.47",
            "revenue": 1418340
        },
        "2013-05": {
            "month": "2013-05",
            "price": "35.68",
            "revenue": 1490604
        },
        "2013-06": {
            "month": "2013-06",
            "price": "35.43",
            "revenue": 1667467
        },
        "2013-07": {
            "month": "2013-07",
            "price": "34.89",
            "revenue": 1818993
        },
        "2013-08": {
            "month": "2013-08",
            "price": "35.27",
            "revenue": 1913913
        },
        "2013-09": {
            "month": "2013-09",
            "price": "36.61",
            "revenue": 1639048
        },
        "2013-10": {
            "month": "2013-10",
            "price": "38.05",
            "revenue": 1645478
        },
        "2013-11": {
            "month": "2013-11",
            "price": "37.66",
            "revenue": 1682853
        },
        "2013-12": {
            "month": "2013-12",
            "price": "37.74",
            "revenue": 2083037
        },
        "2014-01": {
            "month": "2014-01",
            "price": "37.94",
            "revenue": 1611298
        },
        "2014-02": {
            "month": "2014-02",
            "price": "37.49",
            "revenue": 1343164
        },
        "2014-03": {
            "month": "2014-03",
            "price": "37.31",
            "revenue": 1582495
        },
        "2014-04": {
            "month": "2014-04",
            "price": "36.74",
            "revenue": 1749575
        },
        "2014-05": {
            "month": "2014-05",
            "price": "36.64",
            "revenue": 1746645
        },
        "2014-06": {
            "month": "2014-06",
            "price": "37.05",
            "revenue": 1632724
        },
        "2014-07": {
            "month": "2014-07",
            "price": "38.41",
            "revenue": 1551992
        },
        "2014-08": {
            "month": "2014-08",
            "price": "40.92",
            "revenue": 1603769
        },
        "2014-09": {
            "month": "2014-09",
            "price": "41.02",
            "revenue": 1710905
        },
        "2014-10": {
            "month": "2014-10",
            "price": "40.21",
            "revenue": 1698061
        },
        "2014-11": {
            "month": "2014-11",
            "price": "39.82",
            "revenue": 1691756
        },
        "2014-12": {
            "month": "2014-12",
            "price": "39.64",
            "revenue": 1881993
        },
        "2015-01": {
            "month": "2015-01",
            "price": "39.42",
            "revenue": 1909829
        },
        "2015-02": {
            "month": "2015-02",
            "price": "39.88",
            "revenue": 1196248
        },
        "2015-03": {
            "month": "2015-03",
            "price": "39.85",
            "revenue": 1653886
        },
        "2015-04": {
            "month": "2015-04",
            "price": "40.15",
            "revenue": 1584840
        },
        "2015-05": {
            "month": "2015-05",
            "price": "40.71",
            "revenue": 1743093
        },
        "2015-06": {
            "month": "2015-06",
            "price": "38.46",
            "revenue": 1630266
        },
        "2015-07": {
            "month": "2015-07",
            "price": "38.28",
            "revenue": 1651656
        },
        "2015-08": {
            "month": "2015-08",
            "price": "38.12",
            "revenue": 1696478
        },
        "2015-09": {
            "month": "2015-09",
            "price": "39.92",
            "revenue": 1705998
        },
        "2015-10": {
            "month": "2015-10",
            "price": "40.02",
            "revenue": 1711246
        },
        "2015-11": {
            "month": "2015-11",
            "price": "40.02",
            "revenue": 1477451
        },
        "2015-12": {
            "month": "2015-12",
            "price": "39.71",
            "revenue": 2012414
        },
        "2016-01": {
            "month": "2016-01",
            "price": "39.61",
            "revenue": 1824324
        },
        "2016-02": {
            "month": "2016-02",
            "price": "39.69",
            "revenue": 1317803
        },
        "2016-03": {
            "month": "2016-03",
            "price": "39.59",
            "revenue": 1784182
        },
        "2016-04": {
            "month": "2016-04",
            "price": "39.44",
            "revenue": 1685582
        },
        "2016-05": {
            "month": "2016-05",
            "price": "39.68",
            "revenue": 1728761
        },
        "2016-06": {
            "month": "2016-06",
            "price": "39.90",
            "revenue": 1909756
        },
        "2016-07": {
            "month": "2016-07",
            "price": "40.17",
            "revenue": 1779884
        },
        "2016-08": {
            "month": "2016-08",
            "price": "39.22",
            "revenue": 1930185
        },
        "2016-09": {
            "month": "2016-09",
            "price": "39.35",
            "revenue": 1589436
        },
        "2016-10": {
            "month": "2016-10",
            "price": "40.13",
            "revenue": 1745714
        },
        "2016-11": {
            "month": "2016-11",
            "price": "40.18",
            "revenue": 1967825
        },
        "2016-12": {
            "month": "2016-12",
            "price": "39.91",
            "revenue": 2145683
        },
        "2017-01": {
            "month": "2017-01",
            "price": "40.38",
            "revenue": 1722035
        },
        "2017-02": {
            "month": "2017-02",
            "price": "41.15",
            "revenue": 1526990
        },
        "2017-03": {
            "month": "2017-03",
            "price": "40.93",
            "revenue": 1862396
        },
        "2017-04": {
            "month": "2017-04",
            "price": "40.62",
            "revenue": 1703743
        },
        "2017-05": {
            "month": "2017-05",
            "price": "40.58",
            "revenue": 1799183
        },
        "2017-06": {
            "month": "2017-06",
            "price": "40.92",
            "revenue": 2044828
        },
        "2017-07": {
            "month": "2017-07",
            "price": "41.30",
            "revenue": 1733671
        },
        "2017-08": {
            "month": "2017-08",
            "price": "40.78",
            "revenue": 1919985
        },
        "2017-09": {
            "month": "2017-09",
            "price": "41.77",
            "revenue": 1920479
        },
        "2017-10": {
            "month": "2017-10",
            "price": "41.56",
            "revenue": 1971122
        },
        "2017-11": {
            "month": "2017-11",
            "price": "41.26",
            "revenue": 1802085
        },
        "2017-12": {
            "month": "2017-12",
            "price": "41.49",
            "revenue": 2233060
        },
        "2018-01": {
            "month": "2018-01",
            "price": "41.30",
            "revenue": 2156908
        },
        "2018-02": {
            "month": "2018-02",
            "price": "40.73",
            "revenue": 1567752
        },
        "2018-03": {
            "month": "2018-03",
            "price": "41.33",
            "revenue": 2049965
        },
        "2018-04": {
            "month": "2018-04",
            "price": "41.65",
            "revenue": 2058764
        },
        "2018-05": {
            "month": "2018-05",
            "price": "41.30",
            "revenue": 2051431
        },
        "2018-06": {
            "month": "2018-06",
            "price": "41.08",
            "revenue": 2221449
        },
        "2018-07": {
            "month": "2018-07",
            "price": "40.95",
            "revenue": 2044950
        },
        "2018-08": {
            "month": "2018-08",
            "price": "41.47",
            "revenue": 2068933
        },
        "2018-09": {
            "month": "2018-09",
            "price": "45.65",
            "revenue": 2162647
        },
        "2018-10": {
            "month": "2018-10",
            "price": "41.82",
            "revenue": 2083678
        },
        "2018-11": {
            "month": "2018-11",
            "price": "40.37",
            "revenue": 2221828
        },
        "2018-12": {
            "month": "2018-12",
            "price": "40.45",
            "revenue": 2295144
        },
        "2019-01": {
            "month": "2019-01",
            "price": "40.47",
            "revenue": 2653863
        },
        "2019-02": {
            "month": "2019-02",
            "price": "41.50",
            "revenue": 1684979
        },
        "2019-03": {
            "month": "2019-03",
            "price": "41.96",
            "revenue": 2326833
        },
        "2019-04": {
            "month": "2019-04",
            "price": "42.25",
            "revenue": 1952433
        },
        "2019-05": {
            "month": "2019-05",
            "price": "44.16",
            "revenue": 2134006
        },
        "2019-06": {
            "month": "2019-06",
            "price": "46.37",
            "revenue": 2504939
        },
        "2019-07": {
            "month": "2019-07",
            "price": "46.69",
            "revenue": 1911565
        },
        "2019-08": {
            "month": "2019-08",
            "price": "42.89",
            "revenue": 2069620
        },
        "2019-09": {
            "month": "2019-09",
            "price": "44.89",
            "revenue": 2225612
        },
        "2019-10": {
            "month": "2019-10",
            "price": "45.54",
            "revenue": 1987267
        },
        "2019-11": {
            "month": "2019-11",
            "price": "45.46",
            "revenue": 2010847
        },
        "2019-12": {
            "month": "2019-12",
            "price": "45.09",
            "revenue": 2358387
        },
        "2020-01": {
            "month": "2020-01",
            "price": "45.84",
            "revenue": 2489575
        },
        "2020-02": {
            "month": "2020-02",
            "price": "44.79",
            "revenue": 1620361
        },
        "2020-03": {
            "month": "2020-03",
            "price": "40.90",
            "revenue": 2309826
        },
        "2020-04": {
            "month": "2020-04",
            "price": "41.26",
            "revenue": 1884976
        },
        "2020-05": {
            "month": "2020-05",
            "price": "43.95",
            "revenue": 1966320
        },
        "2020-06": {
            "month": "2020-06",
            "price": "45.76",
            "revenue": 2137689
        },
        "2020-07": {
            "month": "2020-07",
            "price": "47.36",
            "revenue": 1901013
        },
        "2020-08": {
            "month": "2020-08",
            "price": "47.44",
            "revenue": 1935498
        },
        "2020-09": {
            "month": "2020-09",
            "price": "49.27",
            "revenue": 2177328
        },
        "2020-10": {
            "month": "2020-10",
            "price": "49.41",
            "revenue": 2207236
        },
        "2020-11": {
            "month": "2020-11",
            "price": "50.77",
            "revenue": 1991320
        },
        "2020-12": {
            "month": "2020-12",
            "price": "50.25",
            "revenue": 3063805
        },
        "2021-01": {
            "month": "2021-01",
            "price": "49.22",
            "revenue": 2810779
        },
        "2021-02": {
            "month": "2021-02",
            "price": "48.69",
            "revenue": 1784924
        },
        "2021-03": {
            "month": "2021-03",
            "price": "48.93",
            "revenue": 2519443
        },
        "2021-04": {
            "month": "2021-04",
            "price": "50.34",
            "revenue": 2429347
        },
        "2021-05": {
            "month": "2021-05",
            "price": "50.05",
            "revenue": 2167952
        },
        "2021-06": {
            "month": "2021-06",
            "price": "52.69",
            "revenue": 2423094
        },
        "2021-07": {
            "month": "2021-07",
            "price": "53.45",
            "revenue": 2189672
        },
        "2021-08": {
            "month": "2021-08",
            "price": "51.83",
            "revenue": 2339338
        },
        "2021-09": {
            "month": "2021-09",
            "price": "51.16",
            "revenue": 2156922
        },
        "2021-10": {
            "month": "2021-10",
            "price": "50.94",
            "revenue": 2079311
        },
        "2021-11": {
            "month": "2021-11",
            "price": "53.41",
            "revenue": 2161437
        },
        "2021-12": {
            "month": "2021-12",
            "price": "53.51",
            "revenue": 2623218
        },
        "2022-01": {
            "month": "2022-01",
            "price": "53.00",
            "revenue": 2959059
        },
        "2022-02": {
            "month": "2022-02",
            "price": "52.49",
            "revenue": 2017058
        },
        "2022-03": {
            "month": "2022-03",
            "price": "51.98",
            "revenue": 2759545
        },
        "2022-04": {
            "month": "2022-04",
            "price": "52.19",
            "revenue": 2398634
        },
        "2022-05": {
            "month": "2022-05",
            "price": "57.03",
            "revenue": 2306919
        },
        "2022-06": {
            "month": "2022-06",
            "price": "60.06",
            "revenue": 2905083
        },
        "2022-07": {
            "month": "2022-07",
            "price": "62.15",
            "revenue": 2353474
        },
        "2022-08": {
            "month": "2022-08",
            "price": "62.34",
            "revenue": 2575587
        },
        "2022-09": {
            "month": "2022-09",
            "price": "61.01",
            "revenue": 2493434
        },
        "2022-10": {
            "month": "2022-10",
            "price": "54.80",
            "revenue": 2581368
        },
        "2022-11": {
            "month": "2022-11",
            "price": "56.76",
            "revenue": 2662000
        },
        "2022-12": {
            "month": "2022-12",
            "price": "59.91",
            "revenue": 2733413
        },
        "2023-01": {
            "month": "2023-01",
            "price": "63.47",
            "revenue": 3158454
        },
        "2023-02": {
            "month": "2023-02",
            "price": "72.84",
            "revenue": 2629403
        },
        "2023-03": {
            "month": "2023-03",
            "price": "81.70",
            "revenue": 3185995
        },
        "2023-04": {
            "month": "2023-04",
            "price": "93.27",
            "revenue": 2710331
        },
        "2023-05": {
            "month": "2023-05",
            "price": "126.39",
            "revenue": 2511880
        },
        "2023-06": {
            "month": "2023-06",
            "price": "150.68",
            "revenue": 2453321
        },
        "2023-07": {
            "month": "2023-07",
            "price": "152.60",
            "revenue": 2470239
        },
        "2023-08": {
            "month": "2023-08",
            "price": "130.66",
            "revenue": 2843442
        },
        "2023-09": {
            "month": "2023-09",
            "price": "116.02",
            "revenue": 2388149
        },
        "2023-10": {
            "month": "2023-10",
            "price": "106.26",
            "revenue": 2343233
        },
        "2023-11": {
            "month": "2023-11",
            "price": "99.56",
            "revenue": 2328632
        },
        "2023-12": {
            "month": "2023-12",
            "price": "120.55",
            "revenue": 2806421
        }
    }
}
