{
    "summary": {
        "stock_name": "東元",
        "stock_id": "1504",
        "category": "電機機械",
        "main_business": "各種電氣,運輸,產業,冷凍空調,電子,事務等及其附件之產銷承裝等<br>各種通信器材,家庭電氣用具等及其附件之產銷承裝等;餐廳業務經營<br>有關事業之代理,代辦及委託業務;有關進出口貿易及代理業務之經營",
        "website_url": "http://www.teco.com.tw",
        "ceo": "范炘",
        "pe_ratio": 19,
        "report_year_from": 2001,
        "report_year_to": 2023,
        "age": 23,
        "eps_negative_percentage": 4,
        "eps_growth_avg": {
            "last_all": 4.98,
            "last_2y": 13.22,
            "last_4y": 10.39,
            "last_8y": 3.34,
            "last_12y": 5.7,
            "last_16y": 5.53,
            "last_20y": 0.23,
            "at_2006_last_3y": -29.81,
            "at_2007_last_3y": -17.36,
            "at_2008_last_3y": 5.09,
            "at_2009_last_3y": 6.09,
            "at_2010_last_3y": 4.99,
            "at_2011_last_3y": 3.92,
            "at_2012_last_3y": 13.55,
            "at_2013_last_3y": 17.1,
            "at_2014_last_3y": 11.01,
            "at_2015_last_3y": 2.33,
            "at_2016_last_3y": 3.21,
            "at_2017_last_3y": -5.33,
            "at_2018_last_3y": -5.47,
            "at_2019_last_3y": 1.05,
            "at_2020_last_3y": 0.83,
            "at_2021_last_3y": 11.79,
            "at_2022_last_3y": 3.53,
            "at_2023_last_3y": 12.04,
            "at_2024_last_3y": 12.04,
            "at_2006_last_all": 2.64,
            "at_2007_last_all": 5.45,
            "at_2008_last_all": -0.9,
            "at_2009_last_all": 0.52,
            "at_2010_last_all": 3.81,
            "at_2011_last_all": 4.77,
            "at_2012_last_all": 4.88,
            "at_2013_last_all": 6.55,
            "at_2014_last_all": 6.21,
            "at_2015_last_all": 4.02,
            "at_2016_last_all": 4.4,
            "at_2017_last_all": 3.38,
            "at_2018_last_all": 3.29,
            "at_2019_last_all": 3.32,
            "at_2020_last_all": 3.61,
            "at_2021_last_all": 5.15,
            "at_2022_last_all": 3.34,
            "at_2023_last_all": 4.98,
            "at_2024_last_all": 4.98
        },
        "latest_eps": 2.72,
        "latest_price": 50.5,
        "latest_roe": 7.49,
        "latest_gross_margin": 24.61,
        "latest_equity": 85221347,
        "latest_revenue": 15065102,
        "latest_gross_profit": 3708063,
        "latest_net_income": 1109420,
        "latest_debt_ratio": 32.74,
        "latest_current_ratio": 245.17,
        "latest_account_receivable_turnover_ratio": 1.28,
        "latest_inventory_turnover_ratio": 0.9,
        "latest_reinvestment_rate": 25.91,
        "latest_research_to_sale_ratio": 1.79
    },
    "eps_dividends": {
        "1990": {
            "cash": 1.2,
            "stock": 1,
            "eps": 0
        },
        "1991": {
            "cash": 0.8,
            "stock": 1.2,
            "eps": 0
        },
        "1992": {
            "cash": 1.2,
            "stock": 1,
            "eps": 0
        },
        "1993": {
            "cash": 1.1,
            "stock": 1.2,
            "eps": 0
        },
        "1994": {
            "cash": 1.3,
            "stock": 1.1,
            "eps": 0
        },
        "1995": {
            "cash": 1.2,
            "stock": 1.6,
            "eps": 0
        },
        "1996": {
            "cash": 1.2,
            "stock": 1.2,
            "eps": 0
        },
        "1997": {
            "cash": 0,
            "stock": 2.2,
            "eps": 0
        },
        "1998": {
            "cash": 0,
            "stock": 2.4,
            "eps": 0
        },
        "1999": {
            "cash": 1,
            "stock": 1,
            "eps": 0
        },
        "2001": {
            "cash": 0.1,
            "stock": 0.9,
            "eps": 0.1
        },
        "2002": {
            "cash": 0,
            "stock": 0,
            "eps": 0.29
        },
        "2003": {
            "cash": 0.5,
            "stock": 0,
            "eps": 0.23
        },
        "2004": {
            "cash": 0.5,
            "stock": 0,
            "eps": -0.21
        },
        "2005": {
            "cash": 0,
            "stock": 0,
            "eps": 0.96
        },
        "2006": {
            "cash": 0.6,
            "stock": 0,
            "eps": 1.26
        },
        "2007": {
            "cash": 0.7,
            "stock": 0,
            "eps": 1.47
        },
        "2008": {
            "cash": 1,
            "stock": 0,
            "eps": 0.99
        },
        "2009": {
            "cash": 0.5,
            "stock": 0,
            "eps": 1.08
        },
        "2010": {
            "cash": 0.55,
            "stock": 0,
            "eps": 1.37
        },
        "2011": {
            "cash": 1.7000000000000002,
            "stock": 0,
            "eps": 1.54
        },
        "2012": {
            "cash": 0,
            "stock": 0,
            "eps": 1.63
        },
        "2013": {
            "cash": 1,
            "stock": 0,
            "eps": 2.01
        },
        "2014": {
            "cash": 1.1,
            "stock": 0,
            "eps": 2.06
        },
        "2015": {
            "cash": 1.1,
            "stock": 0,
            "eps": 1.6
        },
        "2016": {
            "cash": 0.8,
            "stock": 0,
            "eps": 1.75
        },
        "2017": {
            "cash": 0.88,
            "stock": 0,
            "eps": 1.56
        },
        "2018": {
            "cash": 0.86,
            "stock": 0,
            "eps": 1.59
        },
        "2019": {
            "cash": 0.9,
            "stock": 0,
            "eps": 1.65
        },
        "2020": {
            "cash": 0.99,
            "stock": 0,
            "eps": 1.79
        },
        "2021": {
            "cash": 1.15,
            "stock": 0,
            "eps": 2.38
        },
        "2022": {
            "cash": 1.35,
            "stock": 0,
            "eps": 1.64
        },
        "2023": {
            "cash": 1.5,
            "stock": 0,
            "eps": 2.26
        }
    },
    "dividends": {
        "1990-03-28": {
            "cash": 1.2,
            "stock": 1
        },
        "1991-05-07": {
            "cash": 0.8,
            "stock": 1.2
        },
        "1992-05-08": {
            "cash": 1.2,
            "stock": 1
        },
        "1993-05-07": {
            "cash": 1.1,
            "stock": 1.2
        },
        "1994-04-28": {
            "cash": 1.3,
            "stock": 1.1
        },
        "1995-05-06": {
            "cash": 1.2,
            "stock": 1.6
        },
        "1996-05-11": {
            "cash": 1.2,
            "stock": 1.2
        },
        "1997-05-24": {
            "cash": 0,
            "stock": 2.2
        },
        "1998-05-15": {
            "cash": 0,
            "stock": 2.4
        },
        "1999-05-28": {
            "cash": 1,
            "stock": 1
        },
        "2001-05-15": {
            "cash": 0.1,
            "stock": 0.9
        },
        "2003-03-03": {
            "cash": 0.5,
            "stock": 0
        },
        "2004-03-02": {
            "cash": 0.5,
            "stock": 0
        },
        "2006-03-23": {
            "cash": 0.6,
            "stock": 0
        },
        "2007-03-20": {
            "cash": 0.7,
            "stock": 0
        },
        "2008-03-25": {
            "cash": 1,
            "stock": 0
        },
        "2009-03-25": {
            "cash": 0.5,
            "stock": 0
        },
        "2010-03-26": {
            "cash": 0.55,
            "stock": 0
        },
        "2011-01-01": {
            "cash": 0.9,
            "stock": 0
        },
        "2011-03-16": {
            "cash": 0.8,
            "stock": 0
        },
        "2013-03-26": {
            "cash": 1,
            "stock": 0
        },
        "2014-06-23": {
            "cash": 1.1,
            "stock": 0
        },
        "2015-07-31": {
            "cash": 1.1,
            "stock": 0
        },
        "2016-07-29": {
            "cash": 0.8,
            "stock": 0
        },
        "2017-07-31": {
            "cash": 0.88,
            "stock": 0
        },
        "2018-07-31": {
            "cash": 0.86,
            "stock": 0
        },
        "2019-07-31": {
            "cash": 0.9,
            "stock": 0
        },
        "2020-07-16": {
            "cash": 0.99,
            "stock": 0
        },
        "2021-07-12": {
            "cash": 1.15,
            "stock": 0
        },
        "2022-07-15": {
            "cash": 1.35,
            "stock": 0
        },
        "2023-06-15": {
            "cash": 1.5,
            "stock": 0
        }
    },
    "prices": {
        "200101": "19.83",
        "200102": "20.63",
        "200103": "20.20",
        "200104": "17.95",
        "200105": "16.69",
        "200106": "14.60",
        "200107": "11.23",
        "200108": "12.19",
        "200109": "10.04",
        "200110": "9.39",
        "200111": "9.47",
        "200112": "10.88",
        "200201": "11.70",
        "200202": "14.47",
        "200203": "14.87",
        "200204": "14.61",
        "200205": "12.86",
        "200206": "12.75",
        "200207": "11.44",
        "200208": "11.35",
        "200209": "10.09",
        "200210": "9.31",
        "200211": "10.33",
        "200212": "11.01",
        "200301": "12.71",
        "200302": "11.47",
        "200303": "10.97",
        "200304": "10.80",
        "200305": "9.86",
        "200306": "10.71",
        "200307": "10.90",
        "200308": "11.85",
        "200309": "11.54",
        "200310": "11.76",
        "200311": "11.95",
        "200312": "11.45",
        "200401": "11.99",
        "200402": "13.83",
        "200403": "14.56",
        "200404": "14.08",
        "200405": "11.26",
        "200406": "10.80",
        "200407": "10.15",
        "200408": "9.85",
        "200409": "10.34",
        "200410": "10.22",
        "200411": "10.06",
        "200412": "9.98",
        "200501": "10.05",
        "200502": "9.91",
        "200503": "9.70",
        "200504": "8.92",
        "200505": "8.95",
        "200506": "9.31",
        "200507": "9.30",
        "200508": "9.16",
        "200509": "8.98",
        "200510": "8.97",
        "200511": "9.16",
        "200512": "9.38",
        "200601": "9.75",
        "200602": "9.95",
        "200603": "9.95",
        "200604": "10.91",
        "200605": "11.40",
        "200606": "11.08",
        "200607": "11.24",
        "200608": "10.64",
        "200609": "10.89",
        "200610": "12.32",
        "200611": "14.13",
        "200612": "16.01",
        "200701": "16.08",
        "200702": "16.80",
        "200703": "16.71",
        "200704": "17.20",
        "200705": "17.58",
        "200706": "17.92",
        "200707": "18.83",
        "200708": "17.50",
        "200709": "18.37",
        "200710": "18.27",
        "200711": "17.15",
        "200712": "15.81",
        "200801": "15.23",
        "200802": "15.79",
        "200803": "18.00",
        "200804": "19.98",
        "200805": "19.45",
        "200806": "17.72",
        "200807": "14.46",
        "200808": "14.54",
        "200809": "12.40",
        "200810": "9.37",
        "200811": "8.73",
        "200812": "10.24",
        "200901": "9.87",
        "200902": "9.75",
        "200903": "10.56",
        "200904": "12.88",
        "200905": "14.34",
        "200906": "13.78",
        "200907": "13.97",
        "200908": "14.27",
        "200909": "14.20",
        "200910": "13.99",
        "200911": "13.31",
        "200912": "13.61",
        "201001": "13.84",
        "201002": "12.48",
        "201003": "13.41",
        "201004": "14.06",
        "201005": "13.07",
        "201006": "13.33",
        "201007": "13.85",
        "201008": "16.08",
        "201009": "16.39",
        "201010": "18.69",
        "201011": "18.86",
        "201012": "19.34",
        "201101": "18.53",
        "201102": "17.32",
        "201103": "18.74",
        "201104": "20.19",
        "201105": "20.52",
        "201106": "20.76",
        "201107": "20.39",
        "201108": "19.76",
        "201109": "17.64",
        "201110": "16.77",
        "201111": "17.49",
        "201112": "17.95",
        "201201": "18.41",
        "201202": "19.99",
        "201203": "21.04",
        "201204": "20.56",
        "201205": "20.45",
        "201206": "19.36",
        "201207": "18.92",
        "201208": "19.41",
        "201209": "20.22",
        "201210": "20.03",
        "201211": "20.36",
        "201212": "21.71",
        "201301": "23.28",
        "201302": "24.16",
        "201303": "23.81",
        "201304": "26.01",
        "201305": "28.88",
        "201306": "29.42",
        "201307": "31.39",
        "201308": "31.29",
        "201309": "31.43",
        "201310": "31.79",
        "201311": "31.71",
        "201312": "32.90",
        "201401": "33.71",
        "201402": "33.27",
        "201403": "33.64",
        "201404": "33.34",
        "201405": "33.74",
        "201406": "34.14",
        "201407": "35.13",
        "201408": "37.86",
        "201409": "36.30",
        "201410": "32.15",
        "201411": "32.22",
        "201412": "30.64",
        "201501": "29.79",
        "201502": "31.52",
        "201503": "30.73",
        "201504": "29.92",
        "201505": "29.21",
        "201506": "25.05",
        "201507": "24.32",
        "201508": "24.15",
        "201509": "25.95",
        "201510": "27.47",
        "201511": "26.70",
        "201512": "25.97",
        "201601": "24.74",
        "201602": "26.22",
        "201603": "27.38",
        "201604": "25.92",
        "201605": "25.10",
        "201606": "26.59",
        "201607": "27.86",
        "201608": "27.81",
        "201609": "27.13",
        "201610": "27.33",
        "201611": "26.87",
        "201612": "27.55",
        "201701": "27.96",
        "201702": "28.49",
        "201703": "29.69",
        "201704": "30.16",
        "201705": "29.42",
        "201706": "29.00",
        "201707": "28.47",
        "201708": "28.18",
        "201709": "28.31",
        "201710": "27.94",
        "201711": "28.31",
        "201712": "28.27",
        "201801": "28.68",
        "201802": "26.42",
        "201803": "25.31",
        "201804": "24.42",
        "201805": "24.26",
        "201806": "23.66",
        "201807": "22.25",
        "201808": "21.84",
        "201809": "21.65",
        "201810": "19.38",
        "201811": "17.43",
        "201812": "17.87",
        "201901": "17.96",
        "201902": "19.00",
        "201903": "19.98",
        "201904": "22.47",
        "201905": "22.36",
        "201906": "22.76",
        "201907": "23.13",
        "201908": "24.24",
        "201909": "24.91",
        "201910": "26.12",
        "201911": "27.06",
        "201912": "26.70",
        "202001": "26.46",
        "202002": "27.09",
        "202003": "25.11",
        "202004": "25.61",
        "202005": "27.33",
        "202006": "27.51",
        "202007": "27.43",
        "202008": "28.94",
        "202009": "29.99",
        "202010": "29.99",
        "202011": "29.98",
        "202012": "28.12",
        "202101": "28.22",
        "202102": "29.13",
        "202103": "31.20",
        "202104": "33.49",
        "202105": "32.23",
        "202106": "33.19",
        "202107": "32.00",
        "202108": "30.29",
        "202109": "30.85",
        "202110": "30.36",
        "202111": "30.98",
        "202112": "30.78",
        "202201": "30.62",
        "202202": "30.14",
        "202203": "30.11",
        "202204": "32.02",
        "202205": "29.56",
        "202206": "29.27",
        "202207": "28.66",
        "202208": "29.12",
        "202209": "28.78",
        "202210": "27.77",
        "202211": "28.51",
        "202212": "27.72",
        "202301": "28.24",
        "202302": "29.57",
        "202303": "36.80",
        "202304": "44.15",
        "202305": "48.73",
        "202306": "54.57",
        "202307": "53.50",
        "202308": "50.89",
        "202309": "49.48",
        "202310": "48.86",
        "202311": "46.35",
        "202312": "45.89"
    },
    "quarters": {
        "20011": {
            "year_quarter": 20011,
            "year": 2001,
            "quarter": 1,
            "eps": 0.55,
            "eps_growth_year": 52.78,
            "eps_4q": 0.98,
            "eps_4q_growth_year": -48.87,
            "roe": 2.97,
            "roe_4q": 2.97,
            "gross_profit": 724701,
            "gross_margin": 13.36,
            "gross_margin_4q_avg": 13.36,
            "net_income": 978215,
            "net_income_4q": null,
            "revenue": 5424512,
            "revenue_4q": null,
            "common_shares": 17924082,
            "book_valuer_per_share": 18.64,
            "book_valuer_per_share_4q_avg": 18.64,
            "equity": 33407152,
            "current_ratio": 137.98,
            "debt_ratio": 44.52,
            "inventory_turnover_ratio": 0.81,
            "account_receivable_turnover_ratio": null,
            "reinvestment_rate": null,
            "research_to_sale_ratio": null,
            "price_fair": 0,
            "eps_avg_yearly": 0,
            "eps_latest_yearly": 0,
            "eps_growth_yearly": 0
        },
        "20012": {
            "year_quarter": 20012,
            "year": 2001,
            "quarter": 2,
            "eps": -0.09,
            "eps_growth_year": -128.12,
            "eps_4q": 0.55,
            "eps_4q_growth_year": -57.2,
            "roe": -0.52,
            "roe_4q": 2.45,
            "gross_profit": 945813,
            "gross_margin": 15.87,
            "gross_margin_4q_avg": 14.62,
            "net_income": -172407,
            "net_income_4q": null,
            "revenue": 5959393,
            "revenue_4q": null,
            "common_shares": 17924082,
            "book_valuer_per_share": 18.43,
            "book_valuer_per_share_4q_avg": 18.54,
            "equity": 33031240,
            "current_ratio": 154.18,
            "debt_ratio": 43.49,
            "inventory_turnover_ratio": 1.23,
            "account_receivable_turnover_ratio": null,
            "reinvestment_rate": null,
            "research_to_sale_ratio": null,
            "price_fair": 0,
            "eps_avg_yearly": 0,
            "eps_latest_yearly": 0,
            "eps_growth_yearly": 0
        },
        "20013": {
            "year_quarter": 20013,
            "year": 2001,
            "quarter": 3,
            "eps": -0.22,
            "eps_growth_year": null,
            "eps_4q": 0.43,
            "eps_4q_growth_year": -60.78,
            "roe": -1.3,
            "roe_4q": 1.1500000000000001,
            "gross_profit": 688074,
            "gross_margin": 14.15,
            "gross_margin_4q_avg": 14.46,
            "net_income": -425600,
            "net_income_4q": null,
            "revenue": 4863437,
            "revenue_4q": null,
            "common_shares": 19571203,
            "book_valuer_per_share": 16.7,
            "book_valuer_per_share_4q_avg": 17.92,
            "equity": 32680573,
            "current_ratio": 149.41,
            "debt_ratio": 43.05,
            "inventory_turnover_ratio": 1.28,
            "account_receivable_turnover_ratio": null,
            "reinvestment_rate": null,
            "research_to_sale_ratio": null,
            "price_fair": 0,
            "eps_avg_yearly": 0,
            "eps_latest_yearly": 0,
            "eps_growth_yearly": 0
        },
        "20014": {
            "year_quarter": 20014,
            "year": 2001,
            "quarter": 4,
            "eps": -0.14,
            "eps_growth_year": -153.85,
            "eps_4q": 0.02,
            "eps_4q_growth_year": -97.25,
            "roe": -0.86,
            "roe_4q": 0.29000000000000004,
            "gross_profit": 361575,
            "gross_margin": 8.9,
            "gross_margin_4q_avg": 13.07,
            "net_income": -278625,
            "net_income_4q": null,
            "revenue": 4062948,
            "revenue_4q": null,
            "common_shares": 19421203,
            "book_valuer_per_share": 16.59,
            "book_valuer_per_share_4q_avg": 17.59,
            "equity": 32222515,
            "current_ratio": 169.85,
            "debt_ratio": 49.23,
            "inventory_turnover_ratio": 0.86,
            "account_receivable_turnover_ratio": null,
            "reinvestment_rate": null,
            "research_to_sale_ratio": null,
            "price_fair": 0,
            "eps_avg_yearly": 0,
            "eps_latest_yearly": 0,
            "eps_growth_yearly": 0
        },
        "20021": {
            "year_quarter": 20021,
            "year": 2002,
            "quarter": 1,
            "eps": 0.37,
            "eps_growth_year": -32.73,
            "eps_4q": -0.09,
            "eps_4q_growth_year": -109.52,
            "roe": 2.17,
            "roe_4q": -0.51,
            "gross_profit": 858592,
            "gross_margin": 21.63,
            "gross_margin_4q_avg": 15.14,
            "net_income": 700607,
            "net_income_4q": null,
            "revenue": 3969767,
            "revenue_4q": null,
            "common_shares": 19330933,
            "book_valuer_per_share": 16.81,
            "book_valuer_per_share_4q_avg": 17.13,
            "equity": 32490758,
            "current_ratio": 117.95,
            "debt_ratio": 43.86,
            "inventory_turnover_ratio": 0.78,
            "account_receivable_turnover_ratio": null,
            "reinvestment_rate": null,
            "research_to_sale_ratio": null,
            "price_fair": 0,
            "eps_avg_yearly": 0,
            "eps_latest_yearly": 0,
            "eps_growth_yearly": 0
        },
        "20022": {
            "year_quarter": 20022,
            "year": 2002,
            "quarter": 2,
            "eps": 0.18,
            "eps_growth_year": null,
            "eps_4q": 0.18,
            "eps_4q_growth_year": -67.63,
            "roe": 1.07,
            "roe_4q": 1.0800000000000003,
            "gross_profit": 1149278,
            "gross_margin": 22.74,
            "gross_margin_4q_avg": 16.86,
            "net_income": 349159,
            "net_income_4q": null,
            "revenue": 5054099,
            "revenue_4q": null,
            "common_shares": 19330933,
            "book_valuer_per_share": 16.81,
            "book_valuer_per_share_4q_avg": 16.73,
            "equity": 32503396,
            "current_ratio": 111.54,
            "debt_ratio": 43.8,
            "inventory_turnover_ratio": 1.57,
            "account_receivable_turnover_ratio": null,
            "reinvestment_rate": null,
            "research_to_sale_ratio": null,
            "price_fair": 2.16,
            "eps_avg_yearly": 0.72,
            "eps_latest_yearly": 0.72,
            "eps_growth_yearly": -205.41
        },
        "20023": {
            "year_quarter": 20023,
            "year": 2002,
            "quarter": 3,
            "eps": -0.27,
            "eps_growth_year": null,
            "eps_4q": 0.13,
            "eps_4q_growth_year": -69.39,
            "roe": -1.6,
            "roe_4q": 0.7799999999999999,
            "gross_profit": 909048,
            "gross_margin": 21.14,
            "gross_margin_4q_avg": 18.6,
            "net_income": -517207,
            "net_income_4q": null,
            "revenue": 4300618,
            "revenue_4q": null,
            "common_shares": 19180933,
            "book_valuer_per_share": 16.69,
            "book_valuer_per_share_4q_avg": 16.73,
            "equity": 32015653,
            "current_ratio": 105.4,
            "debt_ratio": 46.38,
            "inventory_turnover_ratio": 1.41,
            "account_receivable_turnover_ratio": null,
            "reinvestment_rate": null,
            "research_to_sale_ratio": null,
            "price_fair": 2.16,
            "eps_avg_yearly": 0.72,
            "eps_latest_yearly": 0.72,
            "eps_growth_yearly": -205.41
        },
        "20024": {
            "year_quarter": 20024,
            "year": 2002,
            "quarter": 4,
            "eps": 0.01,
            "eps_growth_year": null,
            "eps_4q": 0.26,
            "eps_4q_growth_year": 1198.3,
            "roe": 0.03,
            "roe_4q": 1.67,
            "gross_profit": 644332,
            "gross_margin": 16.36,
            "gross_margin_4q_avg": 20.47,
            "net_income": 10489,
            "net_income_4q": null,
            "revenue": 3938829,
            "revenue_4q": null,
            "common_shares": 18980933,
            "book_valuer_per_share": 16.83,
            "book_valuer_per_share_4q_avg": 16.79,
            "equity": 31946210,
            "current_ratio": 121.28,
            "debt_ratio": 50.65,
            "inventory_turnover_ratio": 0.74,
            "account_receivable_turnover_ratio": null,
            "reinvestment_rate": 30.77,
            "research_to_sale_ratio": null,
            "price_fair": 2.16,
            "eps_avg_yearly": 0.72,
            "eps_latest_yearly": 0.72,
            "eps_growth_yearly": -205.41
        },
        "20031": {
            "year_quarter": 20031,
            "year": 2003,
            "quarter": 1,
            "eps": 0.06,
            "eps_growth_year": -83.78,
            "eps_4q": -0.02,
            "eps_4q_growth_year": null,
            "roe": 0.35,
            "roe_4q": -0.15000000000000013,
            "gross_profit": 943449,
            "gross_margin": 18.82,
            "gross_margin_4q_avg": 19.77,
            "net_income": 111416,
            "net_income_4q": null,
            "revenue": 5012785,
            "revenue_4q": null,
            "common_shares": 18980933,
            "book_valuer_per_share": 16.9,
            "book_valuer_per_share_4q_avg": 16.81,
            "equity": 32075598,
            "current_ratio": 108.67,
            "debt_ratio": 45.07,
            "inventory_turnover_ratio": 0.78,
            "account_receivable_turnover_ratio": null,
            "reinvestment_rate": -69.33,
            "research_to_sale_ratio": null,
            "price_fair": 16.8,
            "eps_avg_yearly": 0.48,
            "eps_latest_yearly": 0.24,
            "eps_growth_yearly": 897.3
        },
        "20032": {
            "year_quarter": 20032,
            "year": 2003,
            "quarter": 2,
            "eps": 0.03,
            "eps_growth_year": -83.33,
            "eps_4q": -0.16,
            "eps_4q_growth_year": -189.52,
            "roe": 0.2,
            "roe_4q": -1.02,
            "gross_profit": 1041294,
            "gross_margin": 17.28,
            "gross_margin_4q_avg": 18.4,
            "net_income": 62590,
            "net_income_4q": null,
            "revenue": 6024500,
            "revenue_4q": null,
            "common_shares": 18980933,
            "book_valuer_per_share": 16.34,
            "book_valuer_per_share_4q_avg": 16.69,
            "equity": 31013942,
            "current_ratio": 114.74,
            "debt_ratio": 46.73,
            "inventory_turnover_ratio": 1.21,
            "account_receivable_turnover_ratio": null,
            "reinvestment_rate": -92.29,
            "research_to_sale_ratio": null,
            "price_fair": 12.6,
            "eps_avg_yearly": 0.36,
            "eps_latest_yearly": 0.12,
            "eps_growth_yearly": 531.53
        },
        "20033": {
            "year_quarter": 20033,
            "year": 2003,
            "quarter": 3,
            "eps": 0.13,
            "eps_growth_year": null,
            "eps_4q": 0.23,
            "eps_4q_growth_year": 75.57,
            "roe": 0.74,
            "roe_4q": 1.32,
            "gross_profit": 906229,
            "gross_margin": 16.24,
            "gross_margin_4q_avg": 17.18,
            "net_income": 234137,
            "net_income_4q": null,
            "revenue": 5581184,
            "revenue_4q": null,
            "common_shares": 18880933,
            "book_valuer_per_share": 17.16,
            "book_valuer_per_share_4q_avg": 16.81,
            "equity": 32394154,
            "current_ratio": 143.66,
            "debt_ratio": 48.12,
            "inventory_turnover_ratio": 1.01,
            "account_receivable_turnover_ratio": null,
            "reinvestment_rate": -32.08,
            "research_to_sale_ratio": null,
            "price_fair": 14,
            "eps_avg_yearly": 0.4,
            "eps_latest_yearly": 0.52,
            "eps_growth_yearly": 731.98
        },
        "20034": {
            "year_quarter": 20034,
            "year": 2003,
            "quarter": 4,
            "eps": 0.01,
            "eps_growth_year": 0,
            "eps_4q": 0.23,
            "eps_4q_growth_year": -12.65,
            "roe": 0.07,
            "roe_4q": 1.3599999999999999,
            "gross_profit": 919540,
            "gross_margin": 14.79,
            "gross_margin_4q_avg": 16.78,
            "net_income": 22242,
            "net_income_4q": null,
            "revenue": 6217825,
            "revenue_4q": null,
            "common_shares": 20065679,
            "book_valuer_per_share": 16.49,
            "book_valuer_per_share_4q_avg": 16.72,
            "equity": 33094841,
            "current_ratio": 128.5,
            "debt_ratio": 48.54,
            "inventory_turnover_ratio": 0.79,
            "account_receivable_turnover_ratio": null,
            "reinvestment_rate": -159.23,
            "research_to_sale_ratio": null,
            "price_fair": 11.48,
            "eps_avg_yearly": 0.33,
            "eps_latest_yearly": 0.04,
            "eps_growth_yearly": 511.74
        },
        "20041": {
            "year_quarter": 20041,
            "year": 2004,
            "quarter": 1,
            "eps": 0.18,
            "eps_growth_year": 200,
            "eps_4q": 0.34,
            "eps_4q_growth_year": null,
            "roe": 1.08,
            "roe_4q": 2.0900000000000003,
            "gross_profit": 947237,
            "gross_margin": 14.07,
            "gross_margin_4q_avg": 15.6,
            "net_income": 357823,
            "net_income_4q": null,
            "revenue": 6732024,
            "revenue_4q": null,
            "common_shares": 20055679,
            "book_valuer_per_share": 16.57,
            "book_valuer_per_share_4q_avg": 16.64,
            "equity": 33229726,
            "current_ratio": 126.08,
            "debt_ratio": 44.46,
            "inventory_turnover_ratio": 0.88,
            "account_receivable_turnover_ratio": null,
            "reinvestment_rate": -303.2,
            "research_to_sale_ratio": null,
            "price_fair": 13.77,
            "eps_avg_yearly": 0.39,
            "eps_latest_yearly": 0.72,
            "eps_growth_yearly": 1559.78
        },
        "20042": {
            "year_quarter": 20042,
            "year": 2004,
            "quarter": 2,
            "eps": 0.03,
            "eps_growth_year": 0,
            "eps_4q": 0.31,
            "eps_4q_growth_year": null,
            "roe": 0.2,
            "roe_4q": 2.09,
            "gross_profit": 1604415,
            "gross_margin": 21.61,
            "gross_margin_4q_avg": 16.68,
            "net_income": 64750,
            "net_income_4q": null,
            "revenue": 7423794,
            "revenue_4q": null,
            "common_shares": 20055679,
            "book_valuer_per_share": 16.06,
            "book_valuer_per_share_4q_avg": 16.57,
            "equity": 32208148,
            "current_ratio": 145.83,
            "debt_ratio": 44.81,
            "inventory_turnover_ratio": 1.19,
            "account_receivable_turnover_ratio": null,
            "reinvestment_rate": -328.5,
            "research_to_sale_ratio": null,
            "price_fair": 12.4,
            "eps_avg_yearly": 0.35,
            "eps_latest_yearly": 0.12,
            "eps_growth_yearly": 1289.34
        },
        "20043": {
            "year_quarter": 20043,
            "year": 2004,
            "quarter": 3,
            "eps": 0.14,
            "eps_growth_year": 7.69,
            "eps_4q": 0.37,
            "eps_4q_growth_year": 58.02,
            "roe": 0.85,
            "roe_4q": 2.1999999999999997,
            "gross_profit": 926918,
            "gross_margin": 14.65,
            "gross_margin_4q_avg": 16.28,
            "net_income": 273990,
            "net_income_4q": null,
            "revenue": 6326562,
            "revenue_4q": null,
            "common_shares": 20055679,
            "book_valuer_per_share": 16.18,
            "book_valuer_per_share_4q_avg": 16.33,
            "equity": 32442224,
            "current_ratio": 151.06,
            "debt_ratio": 42.22,
            "inventory_turnover_ratio": 1.09,
            "account_receivable_turnover_ratio": null,
            "reinvestment_rate": -209.38,
            "research_to_sale_ratio": null,
            "price_fair": 13.3,
            "eps_avg_yearly": 0.38,
            "eps_latest_yearly": 0.56,
            "eps_growth_yearly": 1311.5
        },
        "20044": {
            "year_quarter": 20044,
            "year": 2004,
            "quarter": 4,
            "eps": -0.56,
            "eps_growth_year": -5700,
            "eps_4q": -0.21,
            "eps_4q_growth_year": -193.4,
            "roe": -3.48,
            "roe_4q": -1.3499999999999996,
            "gross_profit": 794441,
            "gross_margin": 12.5,
            "gross_margin_4q_avg": 15.71,
            "net_income": -1103777,
            "net_income_4q": null,
            "revenue": 6354528,
            "revenue_4q": null,
            "common_shares": 19877609,
            "book_valuer_per_share": 15.49,
            "book_valuer_per_share_4q_avg": 16.08,
            "equity": 31079311,
            "current_ratio": 136.44,
            "debt_ratio": 47.53,
            "inventory_turnover_ratio": 0.79,
            "account_receivable_turnover_ratio": null,
            "reinvestment_rate": -480.94,
            "research_to_sale_ratio": null,
            "price_fair": 13.3,
            "eps_avg_yearly": 0.38,
            "eps_latest_yearly": 0.56,
            "eps_growth_yearly": 1311.5
        },
        "20051": {
            "year_quarter": 20051,
            "year": 2005,
            "quarter": 1,
            "eps": 0.16,
            "eps_growth_year": -11.11,
            "eps_4q": -0.24,
            "eps_4q_growth_year": -170.87,
            "roe": 0.99,
            "roe_4q": -1.4400000000000002,
            "gross_profit": 1008515,
            "gross_margin": 15.65,
            "gross_margin_4q_avg": 16.1,
            "net_income": 305035,
            "net_income_4q": null,
            "revenue": 6444717,
            "revenue_4q": null,
            "common_shares": 19677609,
            "book_valuer_per_share": 15.63,
            "book_valuer_per_share_4q_avg": 15.84,
            "equity": 30763439,
            "current_ratio": 144.11,
            "debt_ratio": 42.93,
            "inventory_turnover_ratio": 0.75,
            "account_receivable_turnover_ratio": null,
            "reinvestment_rate": null,
            "research_to_sale_ratio": null,
            "price_fair": 13.3,
            "eps_avg_yearly": 0.38,
            "eps_latest_yearly": 0.56,
            "eps_growth_yearly": 1311.5
        },
        "20052": {
            "year_quarter": 20052,
            "year": 2005,
            "quarter": 2,
            "eps": 0.33,
            "eps_growth_year": 1000,
            "eps_4q": 0.05,
            "eps_4q_growth_year": -82.63,
            "roe": 2.03,
            "roe_4q": 0.38999999999999957,
            "gross_profit": 1304287,
            "gross_margin": 17.13,
            "gross_margin_4q_avg": 14.98,
            "net_income": 628902,
            "net_income_4q": null,
            "revenue": 7616141,
            "revenue_4q": null,
            "common_shares": 19677609,
            "book_valuer_per_share": 15.79,
            "book_valuer_per_share_4q_avg": 15.77,
            "equity": 31063489,
            "current_ratio": 150.46,
            "debt_ratio": 43.12,
            "inventory_turnover_ratio": 1.15,
            "account_receivable_turnover_ratio": null,
            "reinvestment_rate": -395.39,
            "research_to_sale_ratio": null,
            "price_fair": 16.96,
            "eps_avg_yearly": 0.48,
            "eps_latest_yearly": 1.32,
            "eps_growth_yearly": 1213
        },
        "20053": {
            "year_quarter": 20053,
            "year": 2005,
            "quarter": 3,
            "eps": 0.28,
            "eps_growth_year": 100,
            "eps_4q": 0.19,
            "eps_4q_growth_year": -47.98,
            "roe": 1.7,
            "roe_4q": 1.2399999999999998,
            "gross_profit": 859439,
            "gross_margin": 13.76,
            "gross_margin_4q_avg": 14.76,
            "net_income": 534807,
            "net_income_4q": null,
            "revenue": 6244875,
            "revenue_4q": null,
            "common_shares": 19177609,
            "book_valuer_per_share": 16.55,
            "book_valuer_per_share_4q_avg": 15.87,
            "equity": 31748158,
            "current_ratio": 127.02,
            "debt_ratio": 42.25,
            "inventory_turnover_ratio": 1.01,
            "account_receivable_turnover_ratio": null,
            "reinvestment_rate": -158.93,
            "research_to_sale_ratio": null,
            "price_fair": 19.18,
            "eps_avg_yearly": 0.55,
            "eps_latest_yearly": 1.12,
            "eps_growth_yearly": 1085.64
        },
        "20054": {
            "year_quarter": 20054,
            "year": 2005,
            "quarter": 4,
            "eps": 0.19,
            "eps_growth_year": null,
            "eps_4q": 0.96,
            "eps_4q_growth_year": null,
            "roe": 1.12,
            "roe_4q": 5.84,
            "gross_profit": 976371,
            "gross_margin": 14.73,
            "gross_margin_4q_avg": 15.32,
            "net_income": 360813,
            "net_income_4q": null,
            "revenue": 6630495,
            "revenue_4q": null,
            "common_shares": 19177609,
            "book_valuer_per_share": 16.61,
            "book_valuer_per_share_4q_avg": 16.15,
            "equity": 32832897,
            "current_ratio": 140.92,
            "debt_ratio": 48.3,
            "inventory_turnover_ratio": 0.74,
            "account_receivable_turnover_ratio": null,
            "reinvestment_rate": 34.98,
            "research_to_sale_ratio": null,
            "price_fair": 19.85,
            "eps_avg_yearly": 0.57,
            "eps_latest_yearly": 0.76,
            "eps_growth_yearly": 975.26
        },
        "20061": {
            "year_quarter": 20061,
            "year": 2006,
            "quarter": 1,
            "eps": 0.2,
            "eps_growth_year": 25,
            "eps_4q": 1.02,
            "eps_4q_growth_year": null,
            "roe": 1.07,
            "roe_4q": 5.92,
            "gross_profit": 974843,
            "gross_margin": 14.08,
            "gross_margin_4q_avg": 14.93,
            "net_income": 372760,
            "net_income_4q": null,
            "revenue": 6925531,
            "revenue_4q": null,
            "common_shares": 19177609,
            "book_valuer_per_share": 19.32,
            "book_valuer_per_share_4q_avg": 17.07,
            "equity": 37050961,
            "current_ratio": 125.99,
            "debt_ratio": 38.1,
            "inventory_turnover_ratio": 0.73,
            "account_receivable_turnover_ratio": null,
            "reinvestment_rate": -159.28,
            "research_to_sale_ratio": null,
            "price_fair": 20.53,
            "eps_avg_yearly": 0.59,
            "eps_latest_yearly": 0.8,
            "eps_growth_yearly": 895.74
        },
        "20062": {
            "year_quarter": 20062,
            "year": 2006,
            "quarter": 2,
            "eps": 0.35,
            "eps_growth_year": 6.06,
            "eps_4q": 1.03,
            "eps_4q_growth_year": 1789.08,
            "roe": 1.77,
            "roe_4q": 5.66,
            "gross_profit": 1300828,
            "gross_margin": 18.04,
            "gross_margin_4q_avg": 15.15,
            "net_income": 650562,
            "net_income_4q": null,
            "revenue": 7208831,
            "revenue_4q": null,
            "common_shares": 19177609,
            "book_valuer_per_share": 18.94,
            "book_valuer_per_share_4q_avg": 17.86,
            "equity": 36329939,
            "current_ratio": 115.13,
            "debt_ratio": 39.64,
            "inventory_turnover_ratio": 1.02,
            "account_receivable_turnover_ratio": null,
            "reinvestment_rate": -121.82,
            "research_to_sale_ratio": null,
            "price_fair": 22.52,
            "eps_avg_yearly": 0.64,
            "eps_latest_yearly": 1.4,
            "eps_growth_yearly": 937.86
        },
        "20063": {
            "year_quarter": 20063,
            "year": 2006,
            "quarter": 3,
            "eps": 0.33,
            "eps_growth_year": 17.86,
            "eps_4q": 1.09,
            "eps_4q_growth_year": 470.62,
            "roe": 1.64,
            "roe_4q": 5.6000000000000005,
            "gross_profit": 1064419,
            "gross_margin": 15.81,
            "gross_margin_4q_avg": 15.67,
            "net_income": 600731,
            "net_income_4q": null,
            "revenue": 6734206,
            "revenue_4q": null,
            "common_shares": 19105779,
            "book_valuer_per_share": 19.38,
            "book_valuer_per_share_4q_avg": 18.56,
            "equity": 37022020,
            "current_ratio": 148.63,
            "debt_ratio": 37.42,
            "inventory_turnover_ratio": 1.05,
            "account_receivable_turnover_ratio": null,
            "reinvestment_rate": -81.35,
            "research_to_sale_ratio": null,
            "price_fair": 24.34,
            "eps_avg_yearly": 0.7,
            "eps_latest_yearly": 1.32,
            "eps_growth_yearly": 863.96
        },
        "20064": {
            "year_quarter": 20064,
            "year": 2006,
            "quarter": 4,
            "eps": 0.38,
            "eps_growth_year": 100,
            "eps_4q": 1.28,
            "eps_4q_growth_year": 32.82,
            "roe": 1.82,
            "roe_4q": 6.300000000000001,
            "gross_profit": 929319,
            "gross_margin": 14.96,
            "gross_margin_4q_avg": 15.72,
            "net_income": 686013,
            "net_income_4q": null,
            "revenue": 6212674,
            "revenue_4q": null,
            "common_shares": 19105779,
            "book_valuer_per_share": 19.49,
            "book_valuer_per_share_4q_avg": 19.28,
            "equity": 38523009,
            "current_ratio": 158.03,
            "debt_ratio": 43.17,
            "inventory_turnover_ratio": 0.66,
            "account_receivable_turnover_ratio": null,
            "reinvestment_rate": 36.27,
            "research_to_sale_ratio": null,
            "price_fair": 26.4,
            "eps_avg_yearly": 0.75,
            "eps_latest_yearly": 1.52,
            "eps_growth_yearly": 806.58
        },
        "20071": {
            "year_quarter": 20071,
            "year": 2007,
            "quarter": 1,
            "eps": 0.26,
            "eps_growth_year": 30,
            "eps_4q": 1.32,
            "eps_4q_growth_year": 29.45,
            "roe": 1.25,
            "roe_4q": 6.48,
            "gross_profit": 958091,
            "gross_margin": 15.84,
            "gross_margin_4q_avg": 16.16,
            "net_income": 476185,
            "net_income_4q": null,
            "revenue": 6046925,
            "revenue_4q": null,
            "common_shares": 19105779,
            "book_valuer_per_share": 19.69,
            "book_valuer_per_share_4q_avg": 19.38,
            "equity": 37612478,
            "current_ratio": 134.92,
            "debt_ratio": 35.03,
            "inventory_turnover_ratio": 0.63,
            "account_receivable_turnover_ratio": null,
            "reinvestment_rate": -63.67,
            "research_to_sale_ratio": null,
            "price_fair": 28.4,
            "eps_avg_yearly": 0.81,
            "eps_latest_yearly": 1.04,
            "eps_growth_yearly": 654.7
        },
        "20072": {
            "year_quarter": 20072,
            "year": 2007,
            "quarter": 2,
            "eps": 0.56,
            "eps_growth_year": 60,
            "eps_4q": 1.52,
            "eps_4q_growth_year": 47.6,
            "roe": 2.74,
            "roe_4q": 7.45,
            "gross_profit": 1200403,
            "gross_margin": 15.84,
            "gross_margin_4q_avg": 15.61,
            "net_income": 1024351,
            "net_income_4q": null,
            "revenue": 7580091,
            "revenue_4q": null,
            "common_shares": 19105779,
            "book_valuer_per_share": 19.41,
            "book_valuer_per_share_4q_avg": 19.49,
            "equity": 37079726,
            "current_ratio": 117.7,
            "debt_ratio": 36.64,
            "inventory_turnover_ratio": 1.21,
            "account_receivable_turnover_ratio": null,
            "reinvestment_rate": -52.41,
            "research_to_sale_ratio": null,
            "price_fair": 33.7,
            "eps_avg_yearly": 0.96,
            "eps_latest_yearly": 2.24,
            "eps_growth_yearly": 701.95
        },
        "20073": {
            "year_quarter": 20073,
            "year": 2007,
            "quarter": 3,
            "eps": 0.53,
            "eps_growth_year": 60.61,
            "eps_4q": 1.71,
            "eps_4q_growth_year": 57.14,
            "roe": 2.64,
            "roe_4q": 8.450000000000001,
            "gross_profit": 1009304,
            "gross_margin": 14.35,
            "gross_margin_4q_avg": 15.25,
            "net_income": 979320,
            "net_income_4q": null,
            "revenue": 7033749,
            "revenue_4q": null,
            "common_shares": 19105779,
            "book_valuer_per_share": 19.49,
            "book_valuer_per_share_4q_avg": 19.52,
            "equity": 37237045,
            "current_ratio": 141.68,
            "debt_ratio": 36.63,
            "inventory_turnover_ratio": 1.09,
            "account_receivable_turnover_ratio": null,
            "reinvestment_rate": -75.78,
            "research_to_sale_ratio": null,
            "price_fair": 37.7,
            "eps_avg_yearly": 1.08,
            "eps_latest_yearly": 2.12,
            "eps_growth_yearly": 605.18
        },
        "20074": {
            "year_quarter": 20074,
            "year": 2007,
            "quarter": 4,
            "eps": 0.12,
            "eps_growth_year": -68.42,
            "eps_4q": 1.42,
            "eps_4q_growth_year": 10.92,
            "roe": 0.61,
            "roe_4q": 7.24,
            "gross_profit": 969492,
            "gross_margin": 13.47,
            "gross_margin_4q_avg": 14.88,
            "net_income": 229020,
            "net_income_4q": null,
            "revenue": 7197580,
            "revenue_4q": null,
            "common_shares": 19105779,
            "book_valuer_per_share": 19.31,
            "book_valuer_per_share_4q_avg": 19.48,
            "equity": 38206299,
            "current_ratio": 176.44,
            "debt_ratio": 44.09,
            "inventory_turnover_ratio": 0.7,
            "account_receivable_turnover_ratio": null,
            "reinvestment_rate": 10.36,
            "research_to_sale_ratio": null,
            "price_fair": 38.8,
            "eps_avg_yearly": 1.11,
            "eps_latest_yearly": 0.48,
            "eps_growth_yearly": 609.45
        },
        "20081": {
            "year_quarter": 20081,
            "year": 2008,
            "quarter": 1,
            "eps": 0.3,
            "eps_growth_year": 15.38,
            "eps_4q": 1.46,
            "eps_4q_growth_year": 10.61,
            "roe": 1.52,
            "roe_4q": 7.51,
            "gross_profit": 2519141,
            "gross_margin": 22.58,
            "gross_margin_4q_avg": 16.56,
            "net_income": 574700,
            "net_income_4q": null,
            "revenue": 11154450,
            "revenue_4q": null,
            "common_shares": 19105779,
            "book_valuer_per_share": 18.76,
            "book_valuer_per_share_4q_avg": 19.24,
            "equity": 37293970,
            "current_ratio": 183.57,
            "debt_ratio": 45.01,
            "inventory_turnover_ratio": 0.72,
            "account_receivable_turnover_ratio": null,
            "reinvestment_rate": 139.45,
            "research_to_sale_ratio": null,
            "price_fair": 40,
            "eps_avg_yearly": 1.14,
            "eps_latest_yearly": 1.2,
            "eps_growth_yearly": 166.59
        },
        "20082": {
            "year_quarter": 20082,
            "year": 2008,
            "quarter": 2,
            "eps": 0.35,
            "eps_growth_year": -37.5,
            "eps_4q": 1.27,
            "eps_4q_growth_year": -16.68,
            "roe": 1.81,
            "roe_4q": 6.58,
            "gross_profit": 3161846,
            "gross_margin": 25.26,
            "gross_margin_4q_avg": 18.92,
            "net_income": 664320,
            "net_income_4q": null,
            "revenue": 12517594,
            "revenue_4q": null,
            "common_shares": 18905779,
            "book_valuer_per_share": 18.31,
            "book_valuer_per_share_4q_avg": 18.97,
            "equity": 35980333,
            "current_ratio": 183.32,
            "debt_ratio": 49.39,
            "inventory_turnover_ratio": 0.76,
            "account_receivable_turnover_ratio": null,
            "reinvestment_rate": 137.34,
            "research_to_sale_ratio": null,
            "price_fair": 43.2,
            "eps_avg_yearly": 1.23,
            "eps_latest_yearly": 1.4,
            "eps_growth_yearly": 195.17
        },
        "20083": {
            "year_quarter": 20083,
            "year": 2008,
            "quarter": 3,
            "eps": 0.29,
            "eps_growth_year": -45.28,
            "eps_4q": 1.03,
            "eps_4q_growth_year": -39.69,
            "roe": 1.54,
            "roe_4q": 5.48,
            "gross_profit": 2533063,
            "gross_margin": 21.77,
            "gross_margin_4q_avg": 20.77,
            "net_income": 552861,
            "net_income_4q": null,
            "revenue": 11636590,
            "revenue_4q": null,
            "common_shares": 18905779,
            "book_valuer_per_share": 18.07,
            "book_valuer_per_share_4q_avg": 18.61,
            "equity": 35654928,
            "current_ratio": 195.42,
            "debt_ratio": 47.13,
            "inventory_turnover_ratio": 0.72,
            "account_receivable_turnover_ratio": null,
            "reinvestment_rate": 136.08,
            "research_to_sale_ratio": null,
            "price_fair": 44.7,
            "eps_avg_yearly": 1.28,
            "eps_latest_yearly": 1.16,
            "eps_growth_yearly": 85.51
        },
        "20084": {
            "year_quarter": 20084,
            "year": 2008,
            "quarter": 4,
            "eps": 0.05,
            "eps_growth_year": -58.33,
            "eps_4q": 1.84,
            "eps_4q_growth_year": 29.83,
            "roe": 0.14,
            "roe_4q": 5.01,
            "gross_profit": 2362912,
            "gross_margin": 22.82,
            "gross_margin_4q_avg": 23.11,
            "net_income": 49760,
            "net_income_4q": null,
            "revenue": 10353937,
            "revenue_4q": null,
            "common_shares": 18231659,
            "book_valuer_per_share": 18.2,
            "book_valuer_per_share_4q_avg": 18.34,
            "equity": 34602683,
            "current_ratio": 179.56,
            "debt_ratio": 47.68,
            "inventory_turnover_ratio": 0.64,
            "account_receivable_turnover_ratio": 2.65,
            "reinvestment_rate": 42.69,
            "research_to_sale_ratio": null,
            "price_fair": 42.19,
            "eps_avg_yearly": 1.21,
            "eps_latest_yearly": 0.2,
            "eps_growth_yearly": 57.74
        },
        "20091": {
            "year_quarter": 20091,
            "year": 2009,
            "quarter": 1,
            "eps": 0.11,
            "eps_growth_year": -63.33,
            "eps_4q": 0.76,
            "eps_4q_growth_year": -47.74,
            "roe": 0.61,
            "roe_4q": 4.1,
            "gross_profit": 2178426,
            "gross_margin": 24.06,
            "gross_margin_4q_avg": 23.48,
            "net_income": 213483,
            "net_income_4q": null,
            "revenue": 9052263,
            "revenue_4q": null,
            "common_shares": 18231659,
            "book_valuer_per_share": 18.57,
            "book_valuer_per_share_4q_avg": 18.29,
            "equity": 35125288,
            "current_ratio": 195.88,
            "debt_ratio": 46.11,
            "inventory_turnover_ratio": 0.56,
            "account_receivable_turnover_ratio": 1.17,
            "reinvestment_rate": 130.72,
            "research_to_sale_ratio": null,
            "price_fair": 40.51,
            "eps_avg_yearly": 1.16,
            "eps_latest_yearly": 0.44,
            "eps_growth_yearly": 84.13
        },
        "20092": {
            "year_quarter": 20092,
            "year": 2009,
            "quarter": 2,
            "eps": 0.26,
            "eps_growth_year": -25.71,
            "eps_4q": 0.75,
            "eps_4q_growth_year": -40.84,
            "roe": 1.29,
            "roe_4q": 3.58,
            "gross_profit": 2491606,
            "gross_margin": 25.62,
            "gross_margin_4q_avg": 23.57,
            "net_income": 450659,
            "net_income_4q": null,
            "revenue": 9726123,
            "revenue_4q": null,
            "common_shares": 18231659,
            "book_valuer_per_share": 18.44,
            "book_valuer_per_share_4q_avg": 18.32,
            "equity": 34795184,
            "current_ratio": 193.95,
            "debt_ratio": 46.74,
            "inventory_turnover_ratio": 0.62,
            "account_receivable_turnover_ratio": 1.28,
            "reinvestment_rate": 131.19,
            "research_to_sale_ratio": null,
            "price_fair": 39.9,
            "eps_avg_yearly": 1.14,
            "eps_latest_yearly": 1.04,
            "eps_growth_yearly": 91.66
        },
        "20093": {
            "year_quarter": 20093,
            "year": 2009,
            "quarter": 3,
            "eps": 0.29,
            "eps_growth_year": 0,
            "eps_4q": 0.68,
            "eps_4q_growth_year": -34.02,
            "roe": 1.55,
            "roe_4q": 3.59,
            "gross_profit": 2492691,
            "gross_margin": 24.97,
            "gross_margin_4q_avg": 24.37,
            "net_income": 547148,
            "net_income_4q": null,
            "revenue": 9983997,
            "revenue_4q": null,
            "common_shares": 18231659,
            "book_valuer_per_share": 19.02,
            "book_valuer_per_share_4q_avg": 18.56,
            "equity": 35918200,
            "current_ratio": 210.28,
            "debt_ratio": 44.04,
            "inventory_turnover_ratio": 0.69,
            "account_receivable_turnover_ratio": 1.35,
            "reinvestment_rate": 128.49,
            "research_to_sale_ratio": null,
            "price_fair": 39.99,
            "eps_avg_yearly": 1.14,
            "eps_latest_yearly": 1.16,
            "eps_growth_yearly": 98.33
        },
        "20094": {
            "year_quarter": 20094,
            "year": 2009,
            "quarter": 4,
            "eps": 0.42,
            "eps_growth_year": 740,
            "eps_4q": 1.09,
            "eps_4q_growth_year": -41.02,
            "roe": 2.06,
            "roe_4q": 5.510000000000001,
            "gross_profit": 3122263,
            "gross_margin": 27.7,
            "gross_margin_4q_avg": 25.59,
            "net_income": 750787,
            "net_income_4q": null,
            "revenue": 11271272,
            "revenue_4q": null,
            "common_shares": 18231659,
            "book_valuer_per_share": 19.68,
            "book_valuer_per_share_4q_avg": 18.93,
            "equity": 36799891,
            "current_ratio": 235.29,
            "debt_ratio": 42.9,
            "inventory_turnover_ratio": 0.82,
            "account_receivable_turnover_ratio": 3.27,
            "reinvestment_rate": 207.59,
            "research_to_sale_ratio": null,
            "price_fair": 42,
            "eps_avg_yearly": 1.2,
            "eps_latest_yearly": 1.68,
            "eps_growth_yearly": 117.57
        },
        "20101": {
            "year_quarter": 20101,
            "year": 2010,
            "quarter": 1,
            "eps": 0.32,
            "eps_growth_year": 190.91,
            "eps_4q": 1.29,
            "eps_4q_growth_year": 69.56,
            "roe": 1.59,
            "roe_4q": 6.49,
            "gross_profit": 2512314,
            "gross_margin": 26.57,
            "gross_margin_4q_avg": 26.22,
            "net_income": 585561,
            "net_income_4q": null,
            "revenue": 9454741,
            "revenue_4q": null,
            "common_shares": 18231659,
            "book_valuer_per_share": 19.81,
            "book_valuer_per_share_4q_avg": 19.24,
            "equity": 37038226,
            "current_ratio": 234.55,
            "debt_ratio": 42.52,
            "inventory_turnover_ratio": 0.73,
            "account_receivable_turnover_ratio": 1.34,
            "reinvestment_rate": 312.31,
            "research_to_sale_ratio": 2.91,
            "price_fair": 43.05,
            "eps_avg_yearly": 1.23,
            "eps_latest_yearly": 1.28,
            "eps_growth_yearly": 110.3
        },
        "20102": {
            "year_quarter": 20102,
            "year": 2010,
            "quarter": 2,
            "eps": 0.39,
            "eps_growth_year": 51.9,
            "eps_4q": 1.43,
            "eps_4q_growth_year": 90.14,
            "roe": 2.07,
            "roe_4q": 7.2700000000000005,
            "gross_profit": 2822363,
            "gross_margin": 25.65,
            "gross_margin_4q_avg": 26.22,
            "net_income": 758632,
            "net_income_4q": null,
            "revenue": 11004673,
            "revenue_4q": null,
            "common_shares": 18232109,
            "book_valuer_per_share": 19.31,
            "book_valuer_per_share_4q_avg": 19.46,
            "equity": 36175420,
            "current_ratio": 210.37,
            "debt_ratio": 44.85,
            "inventory_turnover_ratio": 0.83,
            "account_receivable_turnover_ratio": 1.44,
            "reinvestment_rate": 303.79,
            "research_to_sale_ratio": 2.58,
            "price_fair": 43.4,
            "eps_avg_yearly": 1.24,
            "eps_latest_yearly": 1.56,
            "eps_growth_yearly": 97.02
        },
        "20103": {
            "year_quarter": 20103,
            "year": 2010,
            "quarter": 3,
            "eps": 0.36,
            "eps_growth_year": 25.03,
            "eps_4q": 1.48,
            "eps_4q_growth_year": 117.58,
            "roe": 1.87,
            "roe_4q": 7.59,
            "gross_profit": 2692445,
            "gross_margin": 23.52,
            "gross_margin_4q_avg": 25.86,
            "net_income": 686935,
            "net_income_4q": null,
            "revenue": 11445340,
            "revenue_4q": null,
            "common_shares": 18232239,
            "book_valuer_per_share": 19.74,
            "book_valuer_per_share_4q_avg": 19.64,
            "equity": 37447474,
            "current_ratio": 234.03,
            "debt_ratio": 43.06,
            "inventory_turnover_ratio": 0.87,
            "account_receivable_turnover_ratio": 1.45,
            "reinvestment_rate": 299.27,
            "research_to_sale_ratio": 2.66,
            "price_fair": 43.66,
            "eps_avg_yearly": 1.25,
            "eps_latest_yearly": 1.44,
            "eps_growth_yearly": 96.53
        },
        "20104": {
            "year_quarter": 20104,
            "year": 2010,
            "quarter": 4,
            "eps": 0.3,
            "eps_growth_year": -28.26,
            "eps_4q": 1.38,
            "eps_4q_growth_year": 26.74,
            "roe": 1.85,
            "roe_4q": 7.38,
            "gross_profit": 2722559,
            "gross_margin": 20.72,
            "gross_margin_4q_avg": 24.12,
            "net_income": 690227,
            "net_income_4q": null,
            "revenue": 13137989,
            "revenue_4q": null,
            "common_shares": 18265809,
            "book_valuer_per_share": 19.74,
            "book_valuer_per_share_4q_avg": 19.65,
            "equity": 37350749,
            "current_ratio": 213.78,
            "debt_ratio": 43.59,
            "inventory_turnover_ratio": 1.03,
            "account_receivable_turnover_ratio": 1.72,
            "reinvestment_rate": 195.18,
            "research_to_sale_ratio": 3.77,
            "price_fair": 42.96,
            "eps_avg_yearly": 1.23,
            "eps_latest_yearly": 1.2,
            "eps_growth_yearly": 88.57
        },
        "20111": {
            "year_quarter": 20111,
            "year": 2011,
            "quarter": 1,
            "eps": 0.37,
            "eps_growth_year": 15.62,
            "eps_4q": 1.43,
            "eps_4q_growth_year": 10.37,
            "roe": 1.89,
            "roe_4q": 7.68,
            "gross_profit": 2618160,
            "gross_margin": 23.81,
            "gross_margin_4q_avg": 23.43,
            "net_income": 710585,
            "net_income_4q": null,
            "revenue": 10997842,
            "revenue_4q": null,
            "common_shares": 18299059,
            "book_valuer_per_share": 19.97,
            "book_valuer_per_share_4q_avg": 19.69,
            "equity": 37804823,
            "current_ratio": 211.73,
            "debt_ratio": 43.69,
            "inventory_turnover_ratio": 0.81,
            "account_receivable_turnover_ratio": 1.38,
            "reinvestment_rate": 301.02,
            "research_to_sale_ratio": 2.69,
            "price_fair": 43.93,
            "eps_avg_yearly": 1.26,
            "eps_latest_yearly": 1.48,
            "eps_growth_yearly": 102.3
        },
        "20112": {
            "year_quarter": 20112,
            "year": 2011,
            "quarter": 2,
            "eps": 0.44,
            "eps_growth_year": 10.62,
            "eps_4q": 1.47,
            "eps_4q_growth_year": 2.91,
            "roe": 2.33,
            "roe_4q": 7.94,
            "gross_profit": 2963413,
            "gross_margin": 24.12,
            "gross_margin_4q_avg": 23.04,
            "net_income": 867920,
            "net_income_4q": null,
            "revenue": 12286971,
            "revenue_4q": null,
            "common_shares": 18337519,
            "book_valuer_per_share": 19.32,
            "book_valuer_per_share_4q_avg": 19.69,
            "equity": 36611938,
            "current_ratio": 200.95,
            "debt_ratio": 47.07,
            "inventory_turnover_ratio": 0.87,
            "account_receivable_turnover_ratio": 1.39,
            "reinvestment_rate": 302.46,
            "research_to_sale_ratio": 2.24,
            "price_fair": 42.88,
            "eps_avg_yearly": 1.23,
            "eps_latest_yearly": 1.76,
            "eps_growth_yearly": 78.18
        },
        "20113": {
            "year_quarter": 20113,
            "year": 2011,
            "quarter": 3,
            "eps": 0.41,
            "eps_growth_year": 11.99,
            "eps_4q": 1.51,
            "eps_4q_growth_year": 1.74,
            "roe": 2.1,
            "roe_4q": 8.17,
            "gross_profit": 2683383,
            "gross_margin": 22.07,
            "gross_margin_4q_avg": 22.68,
            "net_income": 775437,
            "net_income_4q": null,
            "revenue": 12157834,
            "revenue_4q": null,
            "common_shares": 18356119,
            "book_valuer_per_share": 19.66,
            "book_valuer_per_share_4q_avg": 19.67,
            "equity": 37322267,
            "current_ratio": 202.37,
            "debt_ratio": 46.77,
            "inventory_turnover_ratio": 0.85,
            "account_receivable_turnover_ratio": 1.3,
            "reinvestment_rate": 315.17,
            "research_to_sale_ratio": 2.48,
            "price_fair": 41.83,
            "eps_avg_yearly": 1.2,
            "eps_latest_yearly": 1.64,
            "eps_growth_yearly": 77.82
        },
        "20114": {
            "year_quarter": 20114,
            "year": 2011,
            "quarter": 4,
            "eps": 0.32,
            "eps_growth_year": 7.57,
            "eps_4q": 1.53,
            "eps_4q_growth_year": 11.24,
            "roe": 1.42,
            "roe_4q": 7.739999999999999,
            "gross_profit": 2479122,
            "gross_margin": 21.81,
            "gross_margin_4q_avg": 22.95,
            "net_income": 539717,
            "net_income_4q": null,
            "revenue": 11366516,
            "revenue_4q": null,
            "common_shares": 18375519,
            "book_valuer_per_share": 20.41,
            "book_valuer_per_share_4q_avg": 19.84,
            "equity": 38740752,
            "current_ratio": 217.99,
            "debt_ratio": 44.92,
            "inventory_turnover_ratio": 0.79,
            "account_receivable_turnover_ratio": 1.28,
            "reinvestment_rate": 210.5,
            "research_to_sale_ratio": 2.52,
            "price_fair": 43.58,
            "eps_avg_yearly": 1.25,
            "eps_latest_yearly": 1.28,
            "eps_growth_yearly": 91.67
        },
        "20121": {
            "year_quarter": 20121,
            "year": 2012,
            "quarter": 1,
            "eps": 0.31,
            "eps_growth_year": -16.22,
            "eps_4q": 1.47,
            "eps_4q_growth_year": 3.19,
            "roe": 1.52,
            "roe_4q": 7.37,
            "gross_profit": 2689688,
            "gross_margin": 23.26,
            "gross_margin_4q_avg": 22.82,
            "net_income": 594673,
            "net_income_4q": null,
            "revenue": 11565614,
            "revenue_4q": null,
            "common_shares": 18378469,
            "book_valuer_per_share": 20.76,
            "book_valuer_per_share_4q_avg": 20.04,
            "equity": 39498240,
            "current_ratio": 227.62,
            "debt_ratio": 42.77,
            "inventory_turnover_ratio": 0.82,
            "account_receivable_turnover_ratio": 1.35,
            "reinvestment_rate": 205.1,
            "research_to_sale_ratio": 2.53,
            "price_fair": 43.66,
            "eps_avg_yearly": 1.25,
            "eps_latest_yearly": 1.24,
            "eps_growth_yearly": 53.39
        },
        "20122": {
            "year_quarter": 20122,
            "year": 2012,
            "quarter": 2,
            "eps": 0.38,
            "eps_growth_year": -13.05,
            "eps_4q": 1.41,
            "eps_4q_growth_year": -3.73,
            "roe": 1.87,
            "roe_4q": 6.91,
            "gross_profit": 3070177,
            "gross_margin": 25.18,
            "gross_margin_4q_avg": 23.08,
            "net_income": 725085,
            "net_income_4q": null,
            "revenue": 12193776,
            "revenue_4q": null,
            "common_shares": 18432329,
            "book_valuer_per_share": 20.15,
            "book_valuer_per_share_4q_avg": 20.25,
            "equity": 38219061,
            "current_ratio": 201.43,
            "debt_ratio": 44.52,
            "inventory_turnover_ratio": 0.86,
            "account_receivable_turnover_ratio": 1.37,
            "reinvestment_rate": 195.62,
            "research_to_sale_ratio": 2.88,
            "price_fair": 43.93,
            "eps_avg_yearly": 1.26,
            "eps_latest_yearly": 1.52,
            "eps_growth_yearly": 54.87
        },
        "20123": {
            "year_quarter": 20123,
            "year": 2012,
            "quarter": 3,
            "eps": 0.53,
            "eps_growth_year": 30.91,
            "eps_4q": 1.54,
            "eps_4q_growth_year": 2.11,
            "roe": 2.59,
            "roe_4q": 7.4,
            "gross_profit": 2937171,
            "gross_margin": 24.47,
            "gross_margin_4q_avg": 23.68,
            "net_income": 1007286,
            "net_income_4q": null,
            "revenue": 12003531,
            "revenue_4q": null,
            "common_shares": 18451899,
            "book_valuer_per_share": 20.69,
            "book_valuer_per_share_4q_avg": 20.5,
            "equity": 39438968,
            "current_ratio": 224.3,
            "debt_ratio": 42.22,
            "inventory_turnover_ratio": 0.88,
            "account_receivable_turnover_ratio": 1.32,
            "reinvestment_rate": 178.42,
            "research_to_sale_ratio": 2.79,
            "price_fair": 46.03,
            "eps_avg_yearly": 1.32,
            "eps_latest_yearly": 2.12,
            "eps_growth_yearly": 69.02
        },
        "20124": {
            "year_quarter": 20124,
            "year": 2012,
            "quarter": 4,
            "eps": 0.41,
            "eps_growth_year": 25.09,
            "eps_4q": 1.62,
            "eps_4q_growth_year": 5.92,
            "roe": 2.21,
            "roe_4q": 8.19,
            "gross_profit": 2732073,
            "gross_margin": 21.07,
            "gross_margin_4q_avg": 23.5,
            "net_income": 884301,
            "net_income_4q": null,
            "revenue": 12967272,
            "revenue_4q": null,
            "common_shares": 18471209,
            "book_valuer_per_share": 20.92,
            "book_valuer_per_share_4q_avg": 20.63,
            "equity": 40461771,
            "current_ratio": 212.74,
            "debt_ratio": 44.12,
            "inventory_turnover_ratio": 0.98,
            "account_receivable_turnover_ratio": 1.4,
            "reinvestment_rate": 155.93,
            "research_to_sale_ratio": 2.51,
            "price_fair": 49.18,
            "eps_avg_yearly": 1.41,
            "eps_latest_yearly": 1.64,
            "eps_growth_yearly": 84.05
        },
        "20131": {
            "year_quarter": 20131,
            "year": 2013,
            "quarter": 1,
            "eps": 0.45,
            "eps_growth_year": 45.16,
            "eps_4q": 1.74,
            "eps_4q_growth_year": 18.35,
            "roe": 2.1,
            "roe_4q": 8.77,
            "gross_profit": 3166219,
            "gross_margin": 23.87,
            "gross_margin_4q_avg": 23.65,
            "net_income": 866177,
            "net_income_4q": null,
            "revenue": 13265366,
            "revenue_4q": null,
            "common_shares": 18486709,
            "book_valuer_per_share": 21.38,
            "book_valuer_per_share_4q_avg": 20.79,
            "equity": 41888977,
            "current_ratio": 204.82,
            "debt_ratio": 43.29,
            "inventory_turnover_ratio": 0.91,
            "account_receivable_turnover_ratio": 1.37,
            "reinvestment_rate": 140.87,
            "research_to_sale_ratio": 2.62,
            "price_fair": 52.15,
            "eps_avg_yearly": 1.49,
            "eps_latest_yearly": 1.8,
            "eps_growth_yearly": 56.49
        },
        "20132": {
            "year_quarter": 20132,
            "year": 2013,
            "quarter": 2,
            "eps": 0.56,
            "eps_growth_year": 47.42,
            "eps_4q": 1.88,
            "eps_4q_growth_year": 32.81,
            "roe": 2.77,
            "roe_4q": 9.67,
            "gross_profit": 3477794,
            "gross_margin": 23.15,
            "gross_margin_4q_avg": 23.14,
            "net_income": 1160995,
            "net_income_4q": null,
            "revenue": 15023036,
            "revenue_4q": null,
            "common_shares": 18727172,
            "book_valuer_per_share": 20.49,
            "book_valuer_per_share_4q_avg": 20.87,
            "equity": 41929032,
            "current_ratio": 189.62,
            "debt_ratio": 45,
            "inventory_turnover_ratio": 1.03,
            "account_receivable_turnover_ratio": 1.41,
            "reinvestment_rate": 134.83,
            "research_to_sale_ratio": 2.65,
            "price_fair": 54.78,
            "eps_avg_yearly": 1.57,
            "eps_latest_yearly": 2.24,
            "eps_growth_yearly": 28.51
        },
        "20133": {
            "year_quarter": 20133,
            "year": 2013,
            "quarter": 3,
            "eps": 0.56,
            "eps_growth_year": 5.34,
            "eps_4q": 1.87,
            "eps_4q_growth_year": 21.24,
            "roe": 2.65,
            "roe_4q": 9.73,
            "gross_profit": 3445319,
            "gross_margin": 23.66,
            "gross_margin_4q_avg": 22.94,
            "net_income": 1138617,
            "net_income_4q": null,
            "revenue": 14562674,
            "revenue_4q": null,
            "common_shares": 18936796,
            "book_valuer_per_share": 20.94,
            "book_valuer_per_share_4q_avg": 20.93,
            "equity": 43890161,
            "current_ratio": 209.17,
            "debt_ratio": 42.23,
            "inventory_turnover_ratio": 0.99,
            "account_receivable_turnover_ratio": 1.31,
            "reinvestment_rate": 129.25,
            "research_to_sale_ratio": 2.69,
            "price_fair": 57.14,
            "eps_avg_yearly": 1.63,
            "eps_latest_yearly": 2.24,
            "eps_growth_yearly": 25.63
        },
        "20134": {
            "year_quarter": 20134,
            "year": 2013,
            "quarter": 4,
            "eps": 0.44,
            "eps_growth_year": 7.42,
            "eps_4q": 1.9,
            "eps_4q_growth_year": 16.99,
            "roe": 2.23,
            "roe_4q": 9.75,
            "gross_profit": 3395394,
            "gross_margin": 24.66,
            "gross_margin_4q_avg": 23.84,
            "net_income": 1011467,
            "net_income_4q": null,
            "revenue": 13767461,
            "revenue_4q": null,
            "common_shares": 19646374,
            "book_valuer_per_share": 21.65,
            "book_valuer_per_share_4q_avg": 21.12,
            "equity": 46723974,
            "current_ratio": 204.38,
            "debt_ratio": 39.23,
            "inventory_turnover_ratio": 0.92,
            "account_receivable_turnover_ratio": 1.3,
            "reinvestment_rate": -11.57,
            "research_to_sale_ratio": 2.97,
            "price_fair": 31.21,
            "eps_avg_yearly": 1.64,
            "eps_latest_yearly": 1.76,
            "eps_growth_yearly": 9.06
        },
        "20141": {
            "year_quarter": 20141,
            "year": 2014,
            "quarter": 1,
            "eps": 0.44,
            "eps_growth_year": -2.22,
            "eps_4q": 1.92,
            "eps_4q_growth_year": 10.29,
            "roe": 1.99,
            "roe_4q": 9.639999999999999,
            "gross_profit": 3288190,
            "gross_margin": 24.29,
            "gross_margin_4q_avg": 23.94,
            "net_income": 951144,
            "net_income_4q": null,
            "revenue": 13538420,
            "revenue_4q": null,
            "common_shares": 20015244,
            "book_valuer_per_share": 22.71,
            "book_valuer_per_share_4q_avg": 21.45,
            "equity": 49000587,
            "current_ratio": 213.03,
            "debt_ratio": 37.33,
            "inventory_turnover_ratio": 0.92,
            "account_receivable_turnover_ratio": 1.29,
            "reinvestment_rate": -1.46,
            "research_to_sale_ratio": 2.71,
            "price_fair": 41.71,
            "eps_avg_yearly": 1.67,
            "eps_latest_yearly": 1.76,
            "eps_growth_yearly": 15.01
        },
        "20142": {
            "year_quarter": 20142,
            "year": 2014,
            "quarter": 2,
            "eps": 0.74,
            "eps_growth_year": 32.14,
            "eps_4q": 2.14,
            "eps_4q_growth_year": 13.74,
            "roe": 3.2,
            "roe_4q": 10.07,
            "gross_profit": 3590988,
            "gross_margin": 25.22,
            "gross_margin_4q_avg": 24.46,
            "net_income": 1567881,
            "net_income_4q": null,
            "revenue": 14236090,
            "revenue_4q": null,
            "common_shares": 20026929,
            "book_valuer_per_share": 22.87,
            "book_valuer_per_share_4q_avg": 22.04,
            "equity": 49126762,
            "current_ratio": 194.01,
            "debt_ratio": 39.81,
            "inventory_turnover_ratio": 0.96,
            "account_receivable_turnover_ratio": 1.28,
            "reinvestment_rate": 9.87,
            "research_to_sale_ratio": 2.79,
            "price_fair": 61.43,
            "eps_avg_yearly": 1.76,
            "eps_latest_yearly": 2.96,
            "eps_growth_yearly": 26.59
        },
        "20143": {
            "year_quarter": 20143,
            "year": 2014,
            "quarter": 3,
            "eps": 0.53,
            "eps_growth_year": -5.36,
            "eps_4q": 2.14,
            "eps_4q_growth_year": 14.28,
            "roe": 2.27,
            "roe_4q": 9.690000000000001,
            "gross_profit": 3395973,
            "gross_margin": 25.25,
            "gross_margin_4q_avg": 24.86,
            "net_income": 1126169,
            "net_income_4q": null,
            "revenue": 13449780,
            "revenue_4q": null,
            "common_shares": 20026929,
            "book_valuer_per_share": 23.33,
            "book_valuer_per_share_4q_avg": 22.64,
            "equity": 50009115,
            "current_ratio": 220.43,
            "debt_ratio": 37.38,
            "inventory_turnover_ratio": 0.89,
            "account_receivable_turnover_ratio": 1.22,
            "reinvestment_rate": 7.47,
            "research_to_sale_ratio": 3.09,
            "price_fair": 56.48,
            "eps_avg_yearly": 1.8,
            "eps_latest_yearly": 2.12,
            "eps_growth_yearly": 21.42
        },
        "20144": {
            "year_quarter": 20144,
            "year": 2014,
            "quarter": 4,
            "eps": 0.35,
            "eps_growth_year": -18.68,
            "eps_4q": 2.05,
            "eps_4q_growth_year": 8.17,
            "roe": 1.47,
            "roe_4q": 8.93,
            "gross_profit": 3102880,
            "gross_margin": 24.63,
            "gross_margin_4q_avg": 24.85,
            "net_income": 761037,
            "net_income_4q": null,
            "revenue": 12596314,
            "revenue_4q": null,
            "common_shares": 20026929,
            "book_valuer_per_share": 24.86,
            "book_valuer_per_share_4q_avg": 23.44,
            "equity": 53242671,
            "current_ratio": 238.59,
            "debt_ratio": 35.68,
            "inventory_turnover_ratio": 0.82,
            "account_receivable_turnover_ratio": 1.22,
            "reinvestment_rate": 20.93,
            "research_to_sale_ratio": 3.36,
            "price_fair": 49.04,
            "eps_avg_yearly": 1.81,
            "eps_latest_yearly": 1.4,
            "eps_growth_yearly": 17.1
        },
        "20151": {
            "year_quarter": 20151,
            "year": 2015,
            "quarter": 1,
            "eps": 0.37,
            "eps_growth_year": -15.91,
            "eps_4q": 1.99,
            "eps_4q_growth_year": 3.69,
            "roe": 1.55,
            "roe_4q": 8.49,
            "gross_profit": 3057061,
            "gross_margin": 26.09,
            "gross_margin_4q_avg": 25.3,
            "net_income": 821563,
            "net_income_4q": null,
            "revenue": 11716314,
            "revenue_4q": null,
            "common_shares": 20026929,
            "book_valuer_per_share": 24.57,
            "book_valuer_per_share_4q_avg": 23.91,
            "equity": 52724813,
            "current_ratio": 254.54,
            "debt_ratio": 33.36,
            "inventory_turnover_ratio": 0.76,
            "account_receivable_turnover_ratio": 1.19,
            "reinvestment_rate": 8.28,
            "research_to_sale_ratio": 3.12,
            "price_fair": 41.07,
            "eps_avg_yearly": 1.81,
            "eps_latest_yearly": 1.48,
            "eps_growth_yearly": 12.69
        },
        "20152": {
            "year_quarter": 20152,
            "year": 2015,
            "quarter": 2,
            "eps": 0.46,
            "eps_growth_year": -37.84,
            "eps_4q": 1.71,
            "eps_4q_growth_year": -20.01,
            "roe": 1.91,
            "roe_4q": 7.199999999999999,
            "gross_profit": 3067055,
            "gross_margin": 25.22,
            "gross_margin_4q_avg": 25.3,
            "net_income": 993048,
            "net_income_4q": null,
            "revenue": 12159518,
            "revenue_4q": null,
            "common_shares": 20026929,
            "book_valuer_per_share": 23.82,
            "book_valuer_per_share_4q_avg": 24.15,
            "equity": 51004349,
            "current_ratio": 209.44,
            "debt_ratio": 36.06,
            "inventory_turnover_ratio": 0.8,
            "account_receivable_turnover_ratio": 1.23,
            "reinvestment_rate": 11.52,
            "research_to_sale_ratio": 2.84,
            "price_fair": 43.64,
            "eps_avg_yearly": 1.82,
            "eps_latest_yearly": 1.84,
            "eps_growth_yearly": 14.04
        },
        "20153": {
            "year_quarter": 20153,
            "year": 2015,
            "quarter": 3,
            "eps": 0.48,
            "eps_growth_year": -9.43,
            "eps_4q": 1.67,
            "eps_4q_growth_year": -21.76,
            "roe": 2.05,
            "roe_4q": 6.9799999999999995,
            "gross_profit": 3086597,
            "gross_margin": 25.2,
            "gross_margin_4q_avg": 25.29,
            "net_income": 1036976,
            "net_income_4q": null,
            "revenue": 12247527,
            "revenue_4q": null,
            "common_shares": 20026929,
            "book_valuer_per_share": 23.42,
            "book_valuer_per_share_4q_avg": 24.17,
            "equity": 50234591,
            "current_ratio": 240.86,
            "debt_ratio": 36.58,
            "inventory_turnover_ratio": 0.81,
            "account_receivable_turnover_ratio": 1.21,
            "reinvestment_rate": -4.71,
            "research_to_sale_ratio": 2.91,
            "price_fair": 49.17,
            "eps_avg_yearly": 1.83,
            "eps_latest_yearly": 1.92,
            "eps_growth_yearly": 16.83
        },
        "20154": {
            "year_quarter": 20154,
            "year": 2015,
            "quarter": 4,
            "eps": 0.29,
            "eps_growth_year": -18.61,
            "eps_4q": 1.6,
            "eps_4q_growth_year": -21.87,
            "roe": 1.3,
            "roe_4q": 6.81,
            "gross_profit": 3189598,
            "gross_margin": 25.57,
            "gross_margin_4q_avg": 25.52,
            "net_income": 662529,
            "net_income_4q": null,
            "revenue": 12475214,
            "revenue_4q": null,
            "common_shares": 20026929,
            "book_valuer_per_share": 23.97,
            "book_valuer_per_share_4q_avg": 23.95,
            "equity": 51432504,
            "current_ratio": 186.19,
            "debt_ratio": 39.09,
            "inventory_turnover_ratio": 0.81,
            "account_receivable_turnover_ratio": 1.2,
            "reinvestment_rate": -2.87,
            "research_to_sale_ratio": 2.94,
            "price_fair": 40.93,
            "eps_avg_yearly": 1.83,
            "eps_latest_yearly": 1.16,
            "eps_growth_yearly": 12.43
        },
        "20161": {
            "year_quarter": 20161,
            "year": 2016,
            "quarter": 1,
            "eps": 0.34,
            "eps_growth_year": -8.11,
            "eps_4q": 1.58,
            "eps_4q_growth_year": -20.79,
            "roe": 1.48,
            "roe_4q": 6.74,
            "gross_profit": 3170551,
            "gross_margin": 27.15,
            "gross_margin_4q_avg": 25.79,
            "net_income": 790775,
            "net_income_4q": null,
            "revenue": 11678422,
            "revenue_4q": null,
            "common_shares": 20026929,
            "book_valuer_per_share": 25,
            "book_valuer_per_share_4q_avg": 24.05,
            "equity": 55394983,
            "current_ratio": 190.06,
            "debt_ratio": 38.92,
            "inventory_turnover_ratio": 0.73,
            "account_receivable_turnover_ratio": 1.11,
            "reinvestment_rate": 22.59,
            "research_to_sale_ratio": 2.98,
            "price_fair": 50.43,
            "eps_avg_yearly": 1.83,
            "eps_latest_yearly": 1.36,
            "eps_growth_yearly": 17.52
        },
        "20162": {
            "year_quarter": 20162,
            "year": 2016,
            "quarter": 2,
            "eps": 0.52,
            "eps_growth_year": 13.04,
            "eps_4q": 1.64,
            "eps_4q_growth_year": -4.15,
            "roe": 2.16,
            "roe_4q": 6.99,
            "gross_profit": 3453698,
            "gross_margin": 26.95,
            "gross_margin_4q_avg": 26.22,
            "net_income": 1185150,
            "net_income_4q": null,
            "revenue": 12814079,
            "revenue_4q": null,
            "common_shares": 20026929,
            "book_valuer_per_share": 24.53,
            "book_valuer_per_share_4q_avg": 24.23,
            "equity": 54313742,
            "current_ratio": 187.97,
            "debt_ratio": 40.55,
            "inventory_turnover_ratio": 0.81,
            "account_receivable_turnover_ratio": 1.17,
            "reinvestment_rate": 20.35,
            "research_to_sale_ratio": 2.8,
            "price_fair": 65.36,
            "eps_avg_yearly": 1.87,
            "eps_latest_yearly": 2.08,
            "eps_growth_yearly": 25.11
        },
        "20163": {
            "year_quarter": 20163,
            "year": 2016,
            "quarter": 3,
            "eps": 0.45,
            "eps_growth_year": -6.25,
            "eps_4q": 1.61,
            "eps_4q_growth_year": -3.64,
            "roe": 1.86,
            "roe_4q": 6.8,
            "gross_profit": 3105913,
            "gross_margin": 25.87,
            "gross_margin_4q_avg": 26.39,
            "net_income": 1024650,
            "net_income_4q": null,
            "revenue": 12003706,
            "revenue_4q": null,
            "common_shares": 20026929,
            "book_valuer_per_share": 25.14,
            "book_valuer_per_share_4q_avg": 24.66,
            "equity": 55608687,
            "current_ratio": 244.53,
            "debt_ratio": 39.64,
            "inventory_turnover_ratio": 0.78,
            "account_receivable_turnover_ratio": 1.09,
            "reinvestment_rate": 28.46,
            "research_to_sale_ratio": 2.91,
            "price_fair": 40.41,
            "eps_avg_yearly": 1.85,
            "eps_latest_yearly": 1.8,
            "eps_growth_yearly": 11.87
        },
        "20164": {
            "year_quarter": 20164,
            "year": 2016,
            "quarter": 4,
            "eps": 0.44,
            "eps_growth_year": 51.49,
            "eps_4q": 1.76,
            "eps_4q_growth_year": 9.57,
            "roe": 1.86,
            "roe_4q": 7.360000000000001,
            "gross_profit": 3404233,
            "gross_margin": 25.35,
            "gross_margin_4q_avg": 26.33,
            "net_income": 1036423,
            "net_income_4q": null,
            "revenue": 13427629,
            "revenue_4q": null,
            "common_shares": 20026929,
            "book_valuer_per_share": 25.11,
            "book_valuer_per_share_4q_avg": 24.95,
            "equity": 55724543,
            "current_ratio": 238.92,
            "debt_ratio": 39.68,
            "inventory_turnover_ratio": 0.88,
            "account_receivable_turnover_ratio": 1.19,
            "reinvestment_rate": 16.94,
            "research_to_sale_ratio": 2.51,
            "price_fair": 50.05,
            "eps_avg_yearly": 1.86,
            "eps_latest_yearly": 1.76,
            "eps_growth_yearly": 16.98
        },
        "20171": {
            "year_quarter": 20171,
            "year": 2017,
            "quarter": 1,
            "eps": 0.27,
            "eps_growth_year": -20.59,
            "eps_4q": 1.68,
            "eps_4q_growth_year": 6.76,
            "roe": 1.13,
            "roe_4q": 7.010000000000001,
            "gross_profit": 2991296,
            "gross_margin": 25.1,
            "gross_margin_4q_avg": 25.82,
            "net_income": 635037,
            "net_income_4q": null,
            "revenue": 11916183,
            "revenue_4q": null,
            "common_shares": 20026929,
            "book_valuer_per_share": 25.35,
            "book_valuer_per_share_4q_avg": 25.03,
            "equity": 56221355,
            "current_ratio": 250.73,
            "debt_ratio": 38.36,
            "inventory_turnover_ratio": 0.8,
            "account_receivable_turnover_ratio": 1.07,
            "reinvestment_rate": 24.82,
            "research_to_sale_ratio": 2.6,
            "price_fair": 26.93,
            "eps_avg_yearly": 1.81,
            "eps_latest_yearly": 1.08,
            "eps_growth_yearly": 4.88
        },
        "20172": {
            "year_quarter": 20172,
            "year": 2017,
            "quarter": 2,
            "eps": 0.55,
            "eps_growth_year": 5.77,
            "eps_4q": 1.71,
            "eps_4q_growth_year": 4.47,
            "roe": 2.15,
            "roe_4q": 7,
            "gross_profit": 3286558,
            "gross_margin": 25.14,
            "gross_margin_4q_avg": 25.37,
            "net_income": 1213944,
            "net_income_4q": null,
            "revenue": 13073245,
            "revenue_4q": null,
            "common_shares": 20026929,
            "book_valuer_per_share": 25.6,
            "book_valuer_per_share_4q_avg": 25.3,
            "equity": 56573171,
            "current_ratio": 218.54,
            "debt_ratio": 39.31,
            "inventory_turnover_ratio": 0.86,
            "account_receivable_turnover_ratio": 1.21,
            "reinvestment_rate": 30.7,
            "research_to_sale_ratio": 2.49,
            "price_fair": 62.71,
            "eps_avg_yearly": 1.81,
            "eps_latest_yearly": 2.2,
            "eps_growth_yearly": 24.7
        },
        "20173": {
            "year_quarter": 20173,
            "year": 2017,
            "quarter": 3,
            "eps": 0.43,
            "eps_growth_year": -4.44,
            "eps_4q": 1.69,
            "eps_4q_growth_year": 4.82,
            "roe": 1.66,
            "roe_4q": 6.8,
            "gross_profit": 2913818,
            "gross_margin": 22.98,
            "gross_margin_4q_avg": 24.64,
            "net_income": 947830,
            "net_income_4q": null,
            "revenue": 12677880,
            "revenue_4q": null,
            "common_shares": 20026929,
            "book_valuer_per_share": 25.98,
            "book_valuer_per_share_4q_avg": 25.51,
            "equity": 57395553,
            "current_ratio": 233.07,
            "debt_ratio": 38.03,
            "inventory_turnover_ratio": 0.85,
            "account_receivable_turnover_ratio": 1.15,
            "reinvestment_rate": 27.93,
            "research_to_sale_ratio": 2.54,
            "price_fair": 51.9,
            "eps_avg_yearly": 1.78,
            "eps_latest_yearly": 1.72,
            "eps_growth_yearly": 19.24
        },
        "20174": {
            "year_quarter": 20174,
            "year": 2017,
            "quarter": 4,
            "eps": 0.31,
            "eps_growth_year": -28.77,
            "eps_4q": 1.56,
            "eps_4q_growth_year": -11.18,
            "roe": 1.3,
            "roe_4q": 6.239999999999999,
            "gross_profit": 3004596,
            "gross_margin": 22.63,
            "gross_margin_4q_avg": 23.96,
            "net_income": 747437,
            "net_income_4q": null,
            "revenue": 13275213,
            "revenue_4q": null,
            "common_shares": 20026929,
            "book_valuer_per_share": 26.17,
            "book_valuer_per_share_4q_avg": 25.78,
            "equity": 57874137,
            "current_ratio": 236.16,
            "debt_ratio": 37.1,
            "inventory_turnover_ratio": 0.9,
            "account_receivable_turnover_ratio": 1.23,
            "reinvestment_rate": 28.5,
            "research_to_sale_ratio": 2.44,
            "price_fair": 48.13,
            "eps_avg_yearly": 1.74,
            "eps_latest_yearly": 1.24,
            "eps_growth_yearly": 17.62
        },
        "20181": {
            "year_quarter": 20181,
            "year": 2018,
            "quarter": 1,
            "eps": 0.27,
            "eps_growth_year": 0,
            "eps_4q": 1.56,
            "eps_4q_growth_year": -7.21,
            "roe": 1.01,
            "roe_4q": 6.119999999999999,
            "gross_profit": 3009979,
            "gross_margin": 24.76,
            "gross_margin_4q_avg": 23.88,
            "net_income": 591566,
            "net_income_4q": null,
            "revenue": 12155711,
            "revenue_4q": null,
            "common_shares": 20026929,
            "book_valuer_per_share": 26.74,
            "book_valuer_per_share_4q_avg": 26.12,
            "equity": 59089857,
            "current_ratio": 239.97,
            "debt_ratio": 36.72,
            "inventory_turnover_ratio": 0.79,
            "account_receivable_turnover_ratio": 1.15,
            "reinvestment_rate": -58.4,
            "research_to_sale_ratio": 2.48,
            "price_fair": 41.47,
            "eps_avg_yearly": 1.7,
            "eps_latest_yearly": 1.08,
            "eps_growth_yearly": 14.4
        },
        "20182": {
            "year_quarter": 20182,
            "year": 2018,
            "quarter": 2,
            "eps": 0.56,
            "eps_growth_year": 1.82,
            "eps_4q": 1.57,
            "eps_4q_growth_year": -8.37,
            "roe": 2.08,
            "roe_4q": 6.05,
            "gross_profit": 3112288,
            "gross_margin": 24.15,
            "gross_margin_4q_avg": 23.63,
            "net_income": 1207724,
            "net_income_4q": null,
            "revenue": 12889764,
            "revenue_4q": null,
            "common_shares": 20026929,
            "book_valuer_per_share": 26.27,
            "book_valuer_per_share_4q_avg": 26.29,
            "equity": 56818168,
            "current_ratio": 228.43,
            "debt_ratio": 38.81,
            "inventory_turnover_ratio": 0.83,
            "account_receivable_turnover_ratio": 1.2,
            "reinvestment_rate": -67.92,
            "research_to_sale_ratio": 2.25,
            "price_fair": 56.6,
            "eps_avg_yearly": 1.66,
            "eps_latest_yearly": 2.24,
            "eps_growth_yearly": 24.2
        },
        "20183": {
            "year_quarter": 20183,
            "year": 2018,
            "quarter": 3,
            "eps": 0.41,
            "eps_growth_year": -4.65,
            "eps_4q": 1.55,
            "eps_4q_growth_year": -7.92,
            "roe": 1.58,
            "roe_4q": 5.97,
            "gross_profit": 2824237,
            "gross_margin": 23.41,
            "gross_margin_4q_avg": 23.74,
            "net_income": 904200,
            "net_income_4q": null,
            "revenue": 12064362,
            "revenue_4q": null,
            "common_shares": 20026929,
            "book_valuer_per_share": 26.73,
            "book_valuer_per_share_4q_avg": 26.48,
            "equity": 57722083,
            "current_ratio": 244.9,
            "debt_ratio": 37.84,
            "inventory_turnover_ratio": 0.78,
            "account_receivable_turnover_ratio": 1.11,
            "reinvestment_rate": -67.06,
            "research_to_sale_ratio": 2.07,
            "price_fair": 56.23,
            "eps_avg_yearly": 1.63,
            "eps_latest_yearly": 1.64,
            "eps_growth_yearly": 24.6
        },
        "20184": {
            "year_quarter": 20184,
            "year": 2018,
            "quarter": 4,
            "eps": 0.35,
            "eps_growth_year": 11.93,
            "eps_4q": 1.59,
            "eps_4q_growth_year": 1.87,
            "roe": 1.33,
            "roe_4q": 6,
            "gross_profit": 3106170,
            "gross_margin": 23.9,
            "gross_margin_4q_avg": 24.06,
            "net_income": 772479,
            "net_income_4q": null,
            "revenue": 12995090,
            "revenue_4q": null,
            "common_shares": 20026929,
            "book_valuer_per_share": 27.11,
            "book_valuer_per_share_4q_avg": 26.71,
            "equity": 58490915,
            "current_ratio": 241.22,
            "debt_ratio": 36.41,
            "inventory_turnover_ratio": 0.85,
            "account_receivable_turnover_ratio": 1.23,
            "reinvestment_rate": -80.74,
            "research_to_sale_ratio": 2.14,
            "price_fair": 56.88,
            "eps_avg_yearly": 1.63,
            "eps_latest_yearly": 1.4,
            "eps_growth_yearly": 29.43
        },
        "20191": {
            "year_quarter": 20191,
            "year": 2019,
            "quarter": 1,
            "eps": 0.32,
            "eps_growth_year": 18.52,
            "eps_4q": 1.67,
            "eps_4q_growth_year": 6.85,
            "roe": 1.19,
            "roe_4q": 6.18,
            "gross_profit": 2903856,
            "gross_margin": 24.8,
            "gross_margin_4q_avg": 24.07,
            "net_income": 706422,
            "net_income_4q": null,
            "revenue": 11707047,
            "revenue_4q": null,
            "common_shares": 20026929,
            "book_valuer_per_share": 28.68,
            "book_valuer_per_share_4q_avg": 27.2,
            "equity": 60537069,
            "current_ratio": 248.92,
            "debt_ratio": 38.77,
            "inventory_turnover_ratio": 0.77,
            "account_receivable_turnover_ratio": 1.14,
            "reinvestment_rate": -72.1,
            "research_to_sale_ratio": 2.36,
            "price_fair": 56.44,
            "eps_avg_yearly": 1.61,
            "eps_latest_yearly": 1.28,
            "eps_growth_yearly": 25.86
        },
        "20192": {
            "year_quarter": 20192,
            "year": 2019,
            "quarter": 2,
            "eps": 0.6,
            "eps_growth_year": 7.14,
            "eps_4q": 1.7,
            "eps_4q_growth_year": 8.53,
            "roe": 2.09,
            "roe_4q": 6.1899999999999995,
            "gross_profit": 3101297,
            "gross_margin": 24.73,
            "gross_margin_4q_avg": 24.21,
            "net_income": 1282888,
            "net_income_4q": null,
            "revenue": 12541510,
            "revenue_4q": null,
            "common_shares": 19676929,
            "book_valuer_per_share": 29.56,
            "book_valuer_per_share_4q_avg": 28.02,
            "equity": 62428896,
            "current_ratio": 201.44,
            "debt_ratio": 38.81,
            "inventory_turnover_ratio": 0.84,
            "account_receivable_turnover_ratio": 1.15,
            "reinvestment_rate": -70.81,
            "research_to_sale_ratio": 2.21,
            "price_fair": 57.66,
            "eps_avg_yearly": 1.65,
            "eps_latest_yearly": 2.4,
            "eps_growth_yearly": 41.65
        },
        "20193": {
            "year_quarter": 20193,
            "year": 2019,
            "quarter": 3,
            "eps": 0.4,
            "eps_growth_year": -2.44,
            "eps_4q": 1.68,
            "eps_4q_growth_year": 8.41,
            "roe": 1.42,
            "roe_4q": 6.029999999999999,
            "gross_profit": 2989812,
            "gross_margin": 25.77,
            "gross_margin_4q_avg": 24.8,
            "net_income": 872705,
            "net_income_4q": null,
            "revenue": 11601033,
            "revenue_4q": null,
            "common_shares": 19676929,
            "book_valuer_per_share": 28.63,
            "book_valuer_per_share_4q_avg": 28.5,
            "equity": 60523660,
            "current_ratio": 213.91,
            "debt_ratio": 38.26,
            "inventory_turnover_ratio": 0.81,
            "account_receivable_turnover_ratio": 1.05,
            "reinvestment_rate": -57.64,
            "research_to_sale_ratio": 2.47,
            "price_fair": 56.96,
            "eps_avg_yearly": 1.63,
            "eps_latest_yearly": 1.6,
            "eps_growth_yearly": 32.23
        },
        "20194": {
            "year_quarter": 20194,
            "year": 2019,
            "quarter": 4,
            "eps": 0.33,
            "eps_growth_year": -6.26,
            "eps_4q": 1.66,
            "eps_4q_growth_year": 4.11,
            "roe": 1.07,
            "roe_4q": 5.77,
            "gross_profit": 2485787,
            "gross_margin": 20.61,
            "gross_margin_4q_avg": 23.98,
            "net_income": 656765,
            "net_income_4q": null,
            "revenue": 12059768,
            "revenue_4q": null,
            "common_shares": 19676929,
            "book_valuer_per_share": 29.15,
            "book_valuer_per_share_4q_avg": 29.01,
            "equity": 61704790,
            "current_ratio": 216.55,
            "debt_ratio": 37.73,
            "inventory_turnover_ratio": 0.95,
            "account_receivable_turnover_ratio": 1.17,
            "reinvestment_rate": -65.33,
            "research_to_sale_ratio": 2.82,
            "price_fair": 57.31,
            "eps_avg_yearly": 1.64,
            "eps_latest_yearly": 1.32,
            "eps_growth_yearly": 37.76
        },
        "20201": {
            "year_quarter": 20201,
            "year": 2020,
            "quarter": 1,
            "eps": 0.23,
            "eps_growth_year": -28.12,
            "eps_4q": 1.57,
            "eps_4q_growth_year": -6.23,
            "roe": 0.89,
            "roe_4q": 5.47,
            "gross_profit": 2647640,
            "gross_margin": 24.83,
            "gross_margin_4q_avg": 23.99,
            "net_income": 539205,
            "net_income_4q": null,
            "revenue": 10664930,
            "revenue_4q": null,
            "common_shares": 19676929,
            "book_valuer_per_share": 27.7,
            "book_valuer_per_share_4q_avg": 28.76,
            "equity": 59376221,
            "current_ratio": 187.75,
            "debt_ratio": 41.8,
            "inventory_turnover_ratio": 0.81,
            "account_receivable_turnover_ratio": 1.1,
            "reinvestment_rate": -95.52,
            "research_to_sale_ratio": 2.38,
            "price_fair": 56.35,
            "eps_avg_yearly": 1.61,
            "eps_latest_yearly": 0.92,
            "eps_growth_yearly": 25.87
        },
        "20202": {
            "year_quarter": 20202,
            "year": 2020,
            "quarter": 2,
            "eps": 0.75,
            "eps_growth_year": 25,
            "eps_4q": 1.73,
            "eps_4q_growth_year": 1.4,
            "roe": 2.51,
            "roe_4q": 5.89,
            "gross_profit": 3001545,
            "gross_margin": 26.71,
            "gross_margin_4q_avg": 24.48,
            "net_income": 1592089,
            "net_income_4q": null,
            "revenue": 11236067,
            "revenue_4q": null,
            "common_shares": 19676929,
            "book_valuer_per_share": 31.95,
            "book_valuer_per_share_4q_avg": 29.36,
            "equity": 67675737,
            "current_ratio": 212.01,
            "debt_ratio": 37.28,
            "inventory_turnover_ratio": 0.82,
            "account_receivable_turnover_ratio": 1.12,
            "reinvestment_rate": -86.03,
            "research_to_sale_ratio": 2.38,
            "price_fair": 58.36,
            "eps_avg_yearly": 1.67,
            "eps_latest_yearly": 3,
            "eps_growth_yearly": 69.16
        },
        "20203": {
            "year_quarter": 20203,
            "year": 2020,
            "quarter": 3,
            "eps": 0.41,
            "eps_growth_year": 2.5,
            "eps_4q": 1.73,
            "eps_4q_growth_year": 3.01,
            "roe": 1.16,
            "roe_4q": 5.63,
            "gross_profit": 2543859,
            "gross_margin": 22.22,
            "gross_margin_4q_avg": 23.59,
            "net_income": 780484,
            "net_income_4q": null,
            "revenue": 11447811,
            "revenue_4q": null,
            "common_shares": 19676929,
            "book_valuer_per_share": 31.82,
            "book_valuer_per_share_4q_avg": 30.16,
            "equity": 67394662,
            "current_ratio": 235.94,
            "debt_ratio": 36.46,
            "inventory_turnover_ratio": 0.88,
            "account_receivable_turnover_ratio": 1.12,
            "reinvestment_rate": -90.71,
            "research_to_sale_ratio": 2.26,
            "price_fair": 58.01,
            "eps_avg_yearly": 1.66,
            "eps_latest_yearly": 1.64,
            "eps_growth_yearly": 61.19
        },
        "20204": {
            "year_quarter": 20204,
            "year": 2020,
            "quarter": 4,
            "eps": 0.4,
            "eps_growth_year": 23.89,
            "eps_4q": 1.81,
            "eps_4q_growth_year": 9.39,
            "roe": 1.33,
            "roe_4q": 5.89,
            "gross_profit": 2564304,
            "gross_margin": 20.56,
            "gross_margin_4q_avg": 23.58,
            "net_income": 899870,
            "net_income_4q": null,
            "revenue": 12474622,
            "revenue_4q": null,
            "common_shares": 19676929,
            "book_valuer_per_share": 31.9,
            "book_valuer_per_share_4q_avg": 30.84,
            "equity": 67625232,
            "current_ratio": 233.41,
            "debt_ratio": 36.01,
            "inventory_turnover_ratio": 1.01,
            "account_receivable_turnover_ratio": 1.25,
            "reinvestment_rate": -83.18,
            "research_to_sale_ratio": 1.98,
            "price_fair": 57.66,
            "eps_avg_yearly": 1.65,
            "eps_latest_yearly": 1.6,
            "eps_growth_yearly": 61.13
        },
        "20211": {
            "year_quarter": 20211,
            "year": 2021,
            "quarter": 1,
            "eps": 0.53,
            "eps_growth_year": 130.43,
            "eps_4q": 1.98,
            "eps_4q_growth_year": 26.17,
            "roe": 1.71,
            "roe_4q": 6.71,
            "gross_profit": 3189895,
            "gross_margin": 26.6,
            "gross_margin_4q_avg": 24.02,
            "net_income": 1230867,
            "net_income_4q": null,
            "revenue": 11991051,
            "revenue_4q": null,
            "common_shares": 21387966,
            "book_valuer_per_share": 33.13,
            "book_valuer_per_share_4q_avg": 32.2,
            "equity": 75944055,
            "current_ratio": 208.6,
            "debt_ratio": 35.07,
            "inventory_turnover_ratio": 0.88,
            "account_receivable_turnover_ratio": 1.19,
            "reinvestment_rate": -80.34,
            "research_to_sale_ratio": 2.1,
            "price_fair": 59.94,
            "eps_avg_yearly": 1.71,
            "eps_latest_yearly": 2.12,
            "eps_growth_yearly": 78.92
        },
        "20212": {
            "year_quarter": 20212,
            "year": 2021,
            "quarter": 2,
            "eps": 0.68,
            "eps_growth_year": -9.33,
            "eps_4q": 1.96,
            "eps_4q_growth_year": 13.26,
            "roe": 1.89,
            "roe_4q": 6.09,
            "gross_profit": 3731500,
            "gross_margin": 27.67,
            "gross_margin_4q_avg": 24.26,
            "net_income": 1578841,
            "net_income_4q": null,
            "revenue": 13486642,
            "revenue_4q": null,
            "common_shares": 21387966,
            "book_valuer_per_share": 40.14,
            "book_valuer_per_share_4q_avg": 34.25,
            "equity": 91125260,
            "current_ratio": 213.94,
            "debt_ratio": 31.47,
            "inventory_turnover_ratio": 0.92,
            "account_receivable_turnover_ratio": 1.3,
            "reinvestment_rate": -87.38,
            "research_to_sale_ratio": 1.99,
            "price_fair": 61.08,
            "eps_avg_yearly": 1.75,
            "eps_latest_yearly": 2.72,
            "eps_growth_yearly": 60.07
        },
        "20213": {
            "year_quarter": 20213,
            "year": 2021,
            "quarter": 3,
            "eps": 0.75,
            "eps_growth_year": 82.93,
            "eps_4q": 2.32,
            "eps_4q_growth_year": 33.92,
            "roe": 1.85,
            "roe_4q": 6.78,
            "gross_profit": 2874509,
            "gross_margin": 21.71,
            "gross_margin_4q_avg": 24.14,
            "net_income": 1709640,
            "net_income_4q": null,
            "revenue": 13241260,
            "revenue_4q": null,
            "common_shares": 21387966,
            "book_valuer_per_share": 41.61,
            "book_valuer_per_share_4q_avg": 36.7,
            "equity": 94161730,
            "current_ratio": 215.92,
            "debt_ratio": 30.3,
            "inventory_turnover_ratio": 0.9,
            "account_receivable_turnover_ratio": 1.27,
            "reinvestment_rate": -77.18,
            "research_to_sale_ratio": 2.2,
            "price_fair": 63.88,
            "eps_avg_yearly": 1.83,
            "eps_latest_yearly": 3,
            "eps_growth_yearly": 68.1
        },
        "20214": {
            "year_quarter": 20214,
            "year": 2021,
            "quarter": 4,
            "eps": 0.42,
            "eps_growth_year": 5.08,
            "eps_4q": 2.38,
            "eps_4q_growth_year": 31.19,
            "roe": 1.04,
            "roe_4q": 6.49,
            "gross_profit": 2969686,
            "gross_margin": 21.46,
            "gross_margin_4q_avg": 24.36,
            "net_income": 982843,
            "net_income_4q": null,
            "revenue": 13838074,
            "revenue_4q": null,
            "common_shares": 21387966,
            "book_valuer_per_share": 42.3,
            "book_valuer_per_share_4q_avg": 39.3,
            "equity": 95661931,
            "current_ratio": 213.81,
            "debt_ratio": 29.98,
            "inventory_turnover_ratio": 0.9,
            "account_receivable_turnover_ratio": 1.31,
            "reinvestment_rate": -78.25,
            "research_to_sale_ratio": 2.07,
            "price_fair": 64.84,
            "eps_avg_yearly": 1.85,
            "eps_latest_yearly": 1.68,
            "eps_growth_yearly": 64.07
        },
        "20221": {
            "year_quarter": 20221,
            "year": 2022,
            "quarter": 1,
            "eps": 0.17,
            "eps_growth_year": -67.92,
            "eps_4q": 2.02,
            "eps_4q_growth_year": 2.25,
            "roe": 0.51,
            "roe_4q": 5.29,
            "gross_profit": 3043980,
            "gross_margin": 21.9,
            "gross_margin_4q_avg": 23.19,
            "net_income": 454059,
            "net_income_4q": null,
            "revenue": 13897288,
            "revenue_4q": null,
            "common_shares": 21387966,
            "book_valuer_per_share": 35.91,
            "book_valuer_per_share_4q_avg": 39.99,
            "equity": 81979493,
            "current_ratio": 198.24,
            "debt_ratio": 34.49,
            "inventory_turnover_ratio": 0.86,
            "account_receivable_turnover_ratio": 1.25,
            "reinvestment_rate": -8.27,
            "research_to_sale_ratio": 1.92,
            "price_fair": 63.96,
            "eps_avg_yearly": 1.83,
            "eps_latest_yearly": 0.68,
            "eps_growth_yearly": 52.42
        },
        "20222": {
            "year_quarter": 20222,
            "year": 2022,
            "quarter": 2,
            "eps": 0.48,
            "eps_growth_year": -29.41,
            "eps_4q": 1.82,
            "eps_4q_growth_year": -6.79,
            "roe": 1.44,
            "roe_4q": 4.84,
            "gross_profit": 3340480,
            "gross_margin": 22.97,
            "gross_margin_4q_avg": 22.01,
            "net_income": 1171225,
            "net_income_4q": null,
            "revenue": 14543585,
            "revenue_4q": null,
            "common_shares": 21387966,
            "book_valuer_per_share": 35.45,
            "book_valuer_per_share_4q_avg": 38.82,
            "equity": 80670883,
            "current_ratio": 199.52,
            "debt_ratio": 34.95,
            "inventory_turnover_ratio": 0.86,
            "account_receivable_turnover_ratio": 1.28,
            "reinvestment_rate": -12.02,
            "research_to_sale_ratio": 1.94,
            "price_fair": 63.26,
            "eps_avg_yearly": 1.81,
            "eps_latest_yearly": 1.92,
            "eps_growth_yearly": 71.15
        },
        "20223": {
            "year_quarter": 20223,
            "year": 2022,
            "quarter": 3,
            "eps": 0.51,
            "eps_growth_year": -32,
            "eps_4q": 1.59,
            "eps_4q_growth_year": -31.68,
            "roe": 1.53,
            "roe_4q": 4.52,
            "gross_profit": 3340117,
            "gross_margin": 22.54,
            "gross_margin_4q_avg": 22.22,
            "net_income": 1241870,
            "net_income_4q": null,
            "revenue": 14816154,
            "revenue_4q": null,
            "common_shares": 21387966,
            "book_valuer_per_share": 35.61,
            "book_valuer_per_share_4q_avg": 37.32,
            "equity": 81170387,
            "current_ratio": 224.43,
            "debt_ratio": 33.72,
            "inventory_turnover_ratio": 0.87,
            "account_receivable_turnover_ratio": 1.26,
            "reinvestment_rate": 18.09,
            "research_to_sale_ratio": 1.92,
            "price_fair": 64.14,
            "eps_avg_yearly": 1.83,
            "eps_latest_yearly": 2.04,
            "eps_growth_yearly": 79.41
        },
        "20224": {
            "year_quarter": 20224,
            "year": 2022,
            "quarter": 4,
            "eps": 0.48,
            "eps_growth_year": 12.2,
            "eps_4q": 1.64,
            "eps_4q_growth_year": -31.03,
            "roe": 1.34,
            "roe_4q": 4.82,
            "gross_profit": 3460722,
            "gross_margin": 22.98,
            "gross_margin_4q_avg": 22.6,
            "net_income": 1124856,
            "net_income_4q": null,
            "revenue": 15058189,
            "revenue_4q": null,
            "common_shares": 21387966,
            "book_valuer_per_share": 37.94,
            "book_valuer_per_share_4q_avg": 36.23,
            "equity": 86318499,
            "current_ratio": 222.11,
            "debt_ratio": 31.82,
            "inventory_turnover_ratio": 0.88,
            "account_receivable_turnover_ratio": 1.3,
            "reinvestment_rate": 17.13,
            "research_to_sale_ratio": 2.06,
            "price_fair": 65.28,
            "eps_avg_yearly": 1.87,
            "eps_latest_yearly": 1.92,
            "eps_growth_yearly": 81.6
        },
        "20231": {
            "year_quarter": 20231,
            "year": 2023,
            "quarter": 1,
            "eps": 0.78,
            "eps_growth_year": 358.82,
            "eps_4q": 2.25,
            "eps_4q_growth_year": 11.37,
            "roe": 1.96,
            "roe_4q": 6.27,
            "gross_profit": 3628801,
            "gross_margin": 24.35,
            "gross_margin_4q_avg": 23.21,
            "net_income": 1743007,
            "net_income_4q": null,
            "revenue": 14900181,
            "revenue_4q": null,
            "common_shares": 21387966,
            "book_valuer_per_share": 40.37,
            "book_valuer_per_share_4q_avg": 37.34,
            "equity": 91771413,
            "current_ratio": 201.1,
            "debt_ratio": 32.51,
            "inventory_turnover_ratio": 0.88,
            "account_receivable_turnover_ratio": 1.3,
            "reinvestment_rate": 27.66,
            "research_to_sale_ratio": 1.78,
            "price_fair": 69.3,
            "eps_avg_yearly": 1.98,
            "eps_latest_yearly": 3.12,
            "eps_growth_yearly": 99.37
        },
        "20232": {
            "year_quarter": 20232,
            "year": 2023,
            "quarter": 2,
            "eps": 1.01,
            "eps_growth_year": 110.42,
            "eps_4q": 2.77,
            "eps_4q_growth_year": 52.06,
            "roe": 2.5,
            "roe_4q": 7.33,
            "gross_profit": 3881908,
            "gross_margin": 25.77,
            "gross_margin_4q_avg": 23.91,
            "net_income": 2254375,
            "net_income_4q": null,
            "revenue": 15064064,
            "revenue_4q": null,
            "common_shares": 21387966,
            "book_valuer_per_share": 38.86,
            "book_valuer_per_share_4q_avg": 38.2,
            "equity": 88217573,
            "current_ratio": 208.65,
            "debt_ratio": 32.94,
            "inventory_turnover_ratio": 0.88,
            "account_receivable_turnover_ratio": 1.27,
            "reinvestment_rate": 27.18,
            "research_to_sale_ratio": 1.87,
            "price_fair": 72.89,
            "eps_avg_yearly": 2.08,
            "eps_latest_yearly": 4.04,
            "eps_growth_yearly": 84.86
        },
        "20233": {
            "year_quarter": 20233,
            "year": 2023,
            "quarter": 3,
            "eps": 0.47,
            "eps_growth_year": -7.84,
            "eps_4q": 2.72,
            "eps_4q_growth_year": 71.53,
            "roe": 1.28,
            "roe_4q": 7.08,
            "gross_profit": 3708063,
            "gross_margin": 24.61,
            "gross_margin_4q_avg": 24.43,
            "net_income": 1109420,
            "net_income_4q": null,
            "revenue": 15065102,
            "revenue_4q": null,
            "common_shares": 21387966,
            "book_valuer_per_share": 37.43,
            "book_valuer_per_share_4q_avg": 38.65,
            "equity": 85221347,
            "current_ratio": 245.17,
            "debt_ratio": 32.74,
            "inventory_turnover_ratio": 0.9,
            "account_receivable_turnover_ratio": 1.28,
            "reinvestment_rate": 25.91,
            "research_to_sale_ratio": 1.79,
            "price_fair": 73.5,
            "eps_avg_yearly": 2.1,
            "eps_latest_yearly": 1.88,
            "eps_growth_yearly": 79.83
        }
    },
    "months": {
        "2001-06": {
            "month": "2001-06",
            "price": "14.60",
            "revenue": 1931915
        },
        "2001-07": {
            "month": "2001-07",
            "price": "11.23",
            "revenue": 2092449
        },
        "2001-08": {
            "month": "2001-08",
            "price": "12.19",
            "revenue": 1489118
        },
        "2001-09": {
            "month": "2001-09",
            "price": "10.04",
            "revenue": 1320012
        },
        "2001-10": {
            "month": "2001-10",
            "price": "9.39",
            "revenue": 1330062
        },
        "2001-11": {
            "month": "2001-11",
            "price": "9.47",
            "revenue": 1511137
        },
        "2001-12": {
            "month": "2001-12",
            "price": "10.88",
            "revenue": 1194831
        },
        "2002-01": {
            "month": "2002-01",
            "price": "11.70",
            "revenue": 1308141
        },
        "2002-02": {
            "month": "2002-02",
            "price": "14.47",
            "revenue": 1096020
        },
        "2002-03": {
            "month": "2002-03",
            "price": "14.87",
            "revenue": 1562489
        },
        "2002-04": {
            "month": "2002-04",
            "price": "14.61",
            "revenue": 1852807
        },
        "2002-05": {
            "month": "2002-05",
            "price": "12.86",
            "revenue": 1628361
        },
        "2002-06": {
            "month": "2002-06",
            "price": "12.75",
            "revenue": 1568686
        },
        "2002-07": {
            "month": "2002-07",
            "price": "11.44",
            "revenue": 1645272
        },
        "2002-08": {
            "month": "2002-08",
            "price": "11.35",
            "revenue": 1325704
        },
        "2002-09": {
            "month": "2002-09",
            "price": "10.09",
            "revenue": 1295013
        },
        "2002-10": {
            "month": "2002-10",
            "price": "9.31",
            "revenue": 1308496
        },
        "2002-11": {
            "month": "2002-11",
            "price": "10.33",
            "revenue": 1313014
        },
        "2002-12": {
            "month": "2002-12",
            "price": "11.01",
            "revenue": 1375685
        },
        "2003-01": {
            "month": "2003-01",
            "price": "12.71",
            "revenue": 1457203
        },
        "2003-02": {
            "month": "2003-02",
            "price": "11.47",
            "revenue": 1122164
        },
        "2003-03": {
            "month": "2003-03",
            "price": "10.97",
            "revenue": 2448891
        },
        "2003-04": {
            "month": "2003-04",
            "price": "10.80",
            "revenue": 1951265
        },
        "2003-05": {
            "month": "2003-05",
            "price": "9.86",
            "revenue": 1676233
        },
        "2003-06": {
            "month": "2003-06",
            "price": "10.71",
            "revenue": 2385945
        },
        "2003-07": {
            "month": "2003-07",
            "price": "10.90",
            "revenue": 1867429
        },
        "2003-08": {
            "month": "2003-08",
            "price": "11.85",
            "revenue": 1530521
        },
        "2003-09": {
            "month": "2003-09",
            "price": "11.54",
            "revenue": 2174140
        },
        "2003-10": {
            "month": "2003-10",
            "price": "11.76",
            "revenue": 1579006
        },
        "2003-11": {
            "month": "2003-11",
            "price": "11.95",
            "revenue": 1727300
        },
        "2003-12": {
            "month": "2003-12",
            "price": "11.45",
            "revenue": 2901846
        },
        "2004-01": {
            "month": "2004-01",
            "price": "11.99",
            "revenue": 1864550
        },
        "2004-02": {
            "month": "2004-02",
            "price": "13.83",
            "revenue": 1867986
        },
        "2004-03": {
            "month": "2004-03",
            "price": "14.56",
            "revenue": 2991649
        },
        "2004-04": {
            "month": "2004-04",
            "price": "14.08",
            "revenue": 2420195
        },
        "2004-05": {
            "month": "2004-05",
            "price": "11.26",
            "revenue": 2523391
        },
        "2004-06": {
            "month": "2004-06",
            "price": "10.80",
            "revenue": 2467705
        },
        "2004-07": {
            "month": "2004-07",
            "price": "10.15",
            "revenue": 2409899
        },
        "2004-08": {
            "month": "2004-08",
            "price": "9.85",
            "revenue": 2023850
        },
        "2004-09": {
            "month": "2004-09",
            "price": "10.34",
            "revenue": 1897155
        },
        "2004-10": {
            "month": "2004-10",
            "price": "10.22",
            "revenue": 2011028
        },
        "2004-11": {
            "month": "2004-11",
            "price": "10.06",
            "revenue": 2196750
        },
        "2004-12": {
            "month": "2004-12",
            "price": "9.98",
            "revenue": 2133656
        },
        "2005-01": {
            "month": "2005-01",
            "price": "10.05",
            "revenue": 2199544
        },
        "2005-02": {
            "month": "2005-02",
            "price": "9.91",
            "revenue": 1826284
        },
        "2005-03": {
            "month": "2005-03",
            "price": "9.70",
            "revenue": 2391984
        },
        "2005-04": {
            "month": "2005-04",
            "price": "8.92",
            "revenue": 2615859
        },
        "2005-05": {
            "month": "2005-05",
            "price": "8.95",
            "revenue": 2478714
        },
        "2005-06": {
            "month": "2005-06",
            "price": "9.31",
            "revenue": 2507977
        },
        "2005-07": {
            "month": "2005-07",
            "price": "9.30",
            "revenue": 2344792
        },
        "2005-08": {
            "month": "2005-08",
            "price": "9.16",
            "revenue": 2008850
        },
        "2005-09": {
            "month": "2005-09",
            "price": "8.98",
            "revenue": 1887656
        },
        "2005-10": {
            "month": "2005-10",
            "price": "8.97",
            "revenue": 2143169
        },
        "2005-11": {
            "month": "2005-11",
            "price": "9.16",
            "revenue": 2102535
        },
        "2005-12": {
            "month": "2005-12",
            "price": "9.38",
            "revenue": 2427550
        },
        "2006-01": {
            "month": "2006-01",
            "price": "9.75",
            "revenue": 2305013
        },
        "2006-02": {
            "month": "2006-02",
            "price": "9.95",
            "revenue": 1713222
        },
        "2006-03": {
            "month": "2006-03",
            "price": "9.95",
            "revenue": 2918299
        },
        "2006-04": {
            "month": "2006-04",
            "price": "10.91",
            "revenue": 2280664
        },
        "2006-05": {
            "month": "2006-05",
            "price": "11.40",
            "revenue": 2419648
        },
        "2006-06": {
            "month": "2006-06",
            "price": "11.08",
            "revenue": 2532220
        },
        "2006-07": {
            "month": "2006-07",
            "price": "11.24",
            "revenue": 2563406
        },
        "2006-08": {
            "month": "2006-08",
            "price": "10.64",
            "revenue": 1955367
        },
        "2006-09": {
            "month": "2006-09",
            "price": "10.89",
            "revenue": 2219674
        },
        "2006-10": {
            "month": "2006-10",
            "price": "12.32",
            "revenue": 1914536
        },
        "2006-11": {
            "month": "2006-11",
            "price": "14.13",
            "revenue": 2175270
        },
        "2006-12": {
            "month": "2006-12",
            "price": "16.01",
            "revenue": 2255455
        },
        "2007-01": {
            "month": "2007-01",
            "price": "16.08",
            "revenue": 2130632
        },
        "2007-02": {
            "month": "2007-02",
            "price": "16.80",
            "revenue": 1715096
        },
        "2007-03": {
            "month": "2007-03",
            "price": "16.71",
            "revenue": 2243907
        },
        "2007-04": {
            "month": "2007-04",
            "price": "17.20",
            "revenue": 2382938
        },
        "2007-05": {
            "month": "2007-05",
            "price": "17.58",
            "revenue": 2755262
        },
        "2007-06": {
            "month": "2007-06",
            "price": "17.92",
            "revenue": 2491830
        },
        "2007-07": {
            "month": "2007-07",
            "price": "18.83",
            "revenue": 2420102
        },
        "2007-08": {
            "month": "2007-08",
            "price": "17.50",
            "revenue": 2487686
        },
        "2007-09": {
            "month": "2007-09",
            "price": "18.37",
            "revenue": 2156286
        },
        "2007-10": {
            "month": "2007-10",
            "price": "18.27",
            "revenue": 2073080
        },
        "2007-11": {
            "month": "2007-11",
            "price": "17.15",
            "revenue": 2485394
        },
        "2007-12": {
            "month": "2007-12",
            "price": "15.81",
            "revenue": 2675275
        },
        "2008-01": {
            "month": "2008-01",
            "price": "15.23",
            "revenue": 2534339
        },
        "2008-02": {
            "month": "2008-02",
            "price": "15.79",
            "revenue": 1776130
        },
        "2008-03": {
            "month": "2008-03",
            "price": "18.00",
            "revenue": 2758166
        },
        "2008-04": {
            "month": "2008-04",
            "price": "19.98",
            "revenue": 2756172
        },
        "2008-05": {
            "month": "2008-05",
            "price": "19.45",
            "revenue": 2568081
        },
        "2008-06": {
            "month": "2008-06",
            "price": "17.72",
            "revenue": 2592038
        },
        "2008-07": {
            "month": "2008-07",
            "price": "14.46",
            "revenue": 2568687
        },
        "2008-08": {
            "month": "2008-08",
            "price": "14.54",
            "revenue": 2363993
        },
        "2008-09": {
            "month": "2008-09",
            "price": "12.40",
            "revenue": 2270974
        },
        "2008-10": {
            "month": "2008-10",
            "price": "9.37",
            "revenue": 2256114
        },
        "2008-11": {
            "month": "2008-11",
            "price": "8.73",
            "revenue": 2203196
        },
        "2008-12": {
            "month": "2008-12",
            "price": "10.24",
            "revenue": 2417685
        },
        "2009-01": {
            "month": "2009-01",
            "price": "9.87",
            "revenue": 1811584
        },
        "2009-02": {
            "month": "2009-02",
            "price": "9.75",
            "revenue": 1670520
        },
        "2009-03": {
            "month": "2009-03",
            "price": "10.56",
            "revenue": 1905076
        },
        "2009-04": {
            "month": "2009-04",
            "price": "12.88",
            "revenue": 2028940
        },
        "2009-05": {
            "month": "2009-05",
            "price": "14.34",
            "revenue": 1886694
        },
        "2009-06": {
            "month": "2009-06",
            "price": "13.78",
            "revenue": 1822427
        },
        "2009-07": {
            "month": "2009-07",
            "price": "13.97",
            "revenue": 2014031
        },
        "2009-08": {
            "month": "2009-08",
            "price": "14.27",
            "revenue": 1893525
        },
        "2009-09": {
            "month": "2009-09",
            "price": "14.20",
            "revenue": 1765648
        },
        "2009-10": {
            "month": "2009-10",
            "price": "13.99",
            "revenue": 1679193
        },
        "2009-11": {
            "month": "2009-11",
            "price": "13.31",
            "revenue": 1660199
        },
        "2009-12": {
            "month": "2009-12",
            "price": "13.61",
            "revenue": 2363342
        },
        "2010-01": {
            "month": "2010-01",
            "price": "13.84",
            "revenue": 1821558
        },
        "2010-02": {
            "month": "2010-02",
            "price": "12.48",
            "revenue": 1535182
        },
        "2010-03": {
            "month": "2010-03",
            "price": "13.41",
            "revenue": 1930401
        },
        "2010-04": {
            "month": "2010-04",
            "price": "14.06",
            "revenue": 2048309
        },
        "2010-05": {
            "month": "2010-05",
            "price": "13.07",
            "revenue": 1967087
        },
        "2010-06": {
            "month": "2010-06",
            "price": "13.33",
            "revenue": 2241016
        },
        "2010-07": {
            "month": "2010-07",
            "price": "13.85",
            "revenue": 2202146
        },
        "2010-08": {
            "month": "2010-08",
            "price": "16.08",
            "revenue": 1962442
        },
        "2010-09": {
            "month": "2010-09",
            "price": "16.39",
            "revenue": 1893793
        },
        "2010-10": {
            "month": "2010-10",
            "price": "18.69",
            "revenue": 1886891
        },
        "2010-11": {
            "month": "2010-11",
            "price": "18.86",
            "revenue": 1874789
        },
        "2010-12": {
            "month": "2010-12",
            "price": "19.34",
            "revenue": 2048406
        },
        "2011-01": {
            "month": "2011-01",
            "price": "18.53",
            "revenue": 3574848
        },
        "2011-02": {
            "month": "2011-02",
            "price": "17.32",
            "revenue": 3536470
        },
        "2011-03": {
            "month": "2011-03",
            "price": "18.74",
            "revenue": 3816087
        },
        "2011-04": {
            "month": "2011-04",
            "price": "20.19",
            "revenue": 4086331
        },
        "2011-05": {
            "month": "2011-05",
            "price": "20.52",
            "revenue": 3933023
        },
        "2011-06": {
            "month": "2011-06",
            "price": "20.76",
            "revenue": 4596240
        },
        "2011-07": {
            "month": "2011-07",
            "price": "20.39",
            "revenue": 4152336
        },
        "2011-08": {
            "month": "2011-08",
            "price": "19.76",
            "revenue": 4212647
        },
        "2011-09": {
            "month": "2011-09",
            "price": "17.64",
            "revenue": 3697886
        },
        "2011-10": {
            "month": "2011-10",
            "price": "16.77",
            "revenue": 3918625
        },
        "2011-11": {
            "month": "2011-11",
            "price": "17.49",
            "revenue": 3670251
        },
        "2011-12": {
            "month": "2011-12",
            "price": "17.95",
            "revenue": 4240209
        },
        "2012-01": {
            "month": "2012-01",
            "price": "18.41",
            "revenue": 3594487
        },
        "2012-02": {
            "month": "2012-02",
            "price": "19.99",
            "revenue": 3689127
        },
        "2012-03": {
            "month": "2012-03",
            "price": "21.04",
            "revenue": 4254683
        },
        "2012-04": {
            "month": "2012-04",
            "price": "20.56",
            "revenue": 3701982
        },
        "2012-05": {
            "month": "2012-05",
            "price": "20.45",
            "revenue": 4263235
        },
        "2012-06": {
            "month": "2012-06",
            "price": "19.36",
            "revenue": 4006641
        },
        "2012-07": {
            "month": "2012-07",
            "price": "18.92",
            "revenue": 4202179
        },
        "2012-08": {
            "month": "2012-08",
            "price": "19.41",
            "revenue": 3985817
        },
        "2012-09": {
            "month": "2012-09",
            "price": "20.22",
            "revenue": 4047775
        },
        "2012-10": {
            "month": "2012-10",
            "price": "20.03",
            "revenue": 3628808
        },
        "2012-11": {
            "month": "2012-11",
            "price": "20.36",
            "revenue": 4168276
        },
        "2012-12": {
            "month": "2012-12",
            "price": "21.71",
            "revenue": 4470265
        },
        "2013-01": {
            "month": "2013-01",
            "price": "23.28",
            "revenue": 4788846
        },
        "2013-02": {
            "month": "2013-02",
            "price": "24.16",
            "revenue": 3947521
        },
        "2013-03": {
            "month": "2013-03",
            "price": "23.81",
            "revenue": 4488974
        },
        "2013-04": {
            "month": "2013-04",
            "price": "26.01",
            "revenue": 4769481
        },
        "2013-05": {
            "month": "2013-05",
            "price": "28.88",
            "revenue": 4918183
        },
        "2013-06": {
            "month": "2013-06",
            "price": "29.42",
            "revenue": 5235712
        },
        "2013-07": {
            "month": "2013-07",
            "price": "31.39",
            "revenue": 5015452
        },
        "2013-08": {
            "month": "2013-08",
            "price": "31.29",
            "revenue": 5021576
        },
        "2013-09": {
            "month": "2013-09",
            "price": "31.43",
            "revenue": 4385109
        },
        "2013-10": {
            "month": "2013-10",
            "price": "31.79",
            "revenue": 4553885
        },
        "2013-11": {
            "month": "2013-11",
            "price": "31.71",
            "revenue": 4496444
        },
        "2013-12": {
            "month": "2013-12",
            "price": "32.90",
            "revenue": 5015136
        },
        "2014-01": {
            "month": "2014-01",
            "price": "33.71",
            "revenue": 4456783
        },
        "2014-02": {
            "month": "2014-02",
            "price": "33.27",
            "revenue": 4149919
        },
        "2014-03": {
            "month": "2014-03",
            "price": "33.64",
            "revenue": 5038615
        },
        "2014-04": {
            "month": "2014-04",
            "price": "33.34",
            "revenue": 4519925
        },
        "2014-05": {
            "month": "2014-05",
            "price": "33.74",
            "revenue": 4331907
        },
        "2014-06": {
            "month": "2014-06",
            "price": "34.14",
            "revenue": 5256258
        },
        "2014-07": {
            "month": "2014-07",
            "price": "35.13",
            "revenue": 4822283
        },
        "2014-08": {
            "month": "2014-08",
            "price": "37.86",
            "revenue": 4254679
        },
        "2014-09": {
            "month": "2014-09",
            "price": "36.30",
            "revenue": 4473354
        },
        "2014-10": {
            "month": "2014-10",
            "price": "32.15",
            "revenue": 4250792
        },
        "2014-11": {
            "month": "2014-11",
            "price": "32.22",
            "revenue": 4079723
        },
        "2014-12": {
            "month": "2014-12",
            "price": "30.64",
            "revenue": 4504909
        },
        "2015-01": {
            "month": "2015-01",
            "price": "29.79",
            "revenue": 3899497
        },
        "2015-02": {
            "month": "2015-02",
            "price": "31.52",
            "revenue": 3496151
        },
        "2015-03": {
            "month": "2015-03",
            "price": "30.73",
            "revenue": 4358096
        },
        "2015-04": {
            "month": "2015-04",
            "price": "29.92",
            "revenue": 3904012
        },
        "2015-05": {
            "month": "2015-05",
            "price": "29.21",
            "revenue": 3877051
        },
        "2015-06": {
            "month": "2015-06",
            "price": "25.05",
            "revenue": 4358304
        },
        "2015-07": {
            "month": "2015-07",
            "price": "24.32",
            "revenue": 4218729
        },
        "2015-08": {
            "month": "2015-08",
            "price": "24.15",
            "revenue": 3998902
        },
        "2015-09": {
            "month": "2015-09",
            "price": "25.95",
            "revenue": 4106793
        },
        "2015-10": {
            "month": "2015-10",
            "price": "27.47",
            "revenue": 3945346
        },
        "2015-11": {
            "month": "2015-11",
            "price": "26.70",
            "revenue": 3937742
        },
        "2015-12": {
            "month": "2015-12",
            "price": "25.97",
            "revenue": 4486054
        },
        "2016-01": {
            "month": "2016-01",
            "price": "24.74",
            "revenue": 3708802
        },
        "2016-02": {
            "month": "2016-02",
            "price": "26.22",
            "revenue": 3539829
        },
        "2016-03": {
            "month": "2016-03",
            "price": "27.38",
            "revenue": 4408656
        },
        "2016-04": {
            "month": "2016-04",
            "price": "25.92",
            "revenue": 4203772
        },
        "2016-05": {
            "month": "2016-05",
            "price": "25.10",
            "revenue": 4212825
        },
        "2016-06": {
            "month": "2016-06",
            "price": "26.59",
            "revenue": 4420411
        },
        "2016-07": {
            "month": "2016-07",
            "price": "27.86",
            "revenue": 3912618
        },
        "2016-08": {
            "month": "2016-08",
            "price": "27.81",
            "revenue": 3901197
        },
        "2016-09": {
            "month": "2016-09",
            "price": "27.13",
            "revenue": 4318697
        },
        "2016-10": {
            "month": "2016-10",
            "price": "27.33",
            "revenue": 4244355
        },
        "2016-11": {
            "month": "2016-11",
            "price": "26.87",
            "revenue": 4529172
        },
        "2016-12": {
            "month": "2016-12",
            "price": "27.55",
            "revenue": 4607242
        },
        "2017-01": {
            "month": "2017-01",
            "price": "27.96",
            "revenue": 3952621
        },
        "2017-02": {
            "month": "2017-02",
            "price": "28.49",
            "revenue": 3689301
        },
        "2017-03": {
            "month": "2017-03",
            "price": "29.69",
            "revenue": 4293193
        },
        "2017-04": {
            "month": "2017-04",
            "price": "30.16",
            "revenue": 4307983
        },
        "2017-05": {
            "month": "2017-05",
            "price": "29.42",
            "revenue": 4274984
        },
        "2017-06": {
            "month": "2017-06",
            "price": "29.00",
            "revenue": 4653074
        },
        "2017-07": {
            "month": "2017-07",
            "price": "28.47",
            "revenue": 4194880
        },
        "2017-08": {
            "month": "2017-08",
            "price": "28.18",
            "revenue": 4241176
        },
        "2017-09": {
            "month": "2017-09",
            "price": "28.31",
            "revenue": 4385380
        },
        "2017-10": {
            "month": "2017-10",
            "price": "27.94",
            "revenue": 4015113
        },
        "2017-11": {
            "month": "2017-11",
            "price": "28.31",
            "revenue": 4700806
        },
        "2017-12": {
            "month": "2017-12",
            "price": "28.27",
            "revenue": 4485799
        },
        "2018-01": {
            "month": "2018-01",
            "price": "28.68",
            "revenue": 4222993
        },
        "2018-02": {
            "month": "2018-02",
            "price": "26.42",
            "revenue": 3566232
        },
        "2018-03": {
            "month": "2018-03",
            "price": "25.31",
            "revenue": 4488763
        },
        "2018-04": {
            "month": "2018-04",
            "price": "24.42",
            "revenue": 4313688
        },
        "2018-05": {
            "month": "2018-05",
            "price": "24.26",
            "revenue": 4332559
        },
        "2018-06": {
            "month": "2018-06",
            "price": "23.66",
            "revenue": 4439028
        },
        "2018-07": {
            "month": "2018-07",
            "price": "22.25",
            "revenue": 3955760
        },
        "2018-08": {
            "month": "2018-08",
            "price": "21.84",
            "revenue": 4081151
        },
        "2018-09": {
            "month": "2018-09",
            "price": "21.65",
            "revenue": 4187038
        },
        "2018-10": {
            "month": "2018-10",
            "price": "19.38",
            "revenue": 4023075
        },
        "2018-11": {
            "month": "2018-11",
            "price": "17.43",
            "revenue": 4363190
        },
        "2018-12": {
            "month": "2018-12",
            "price": "17.87",
            "revenue": 4472265
        },
        "2019-01": {
            "month": "2019-01",
            "price": "17.96",
            "revenue": 3969809
        },
        "2019-02": {
            "month": "2019-02",
            "price": "19.00",
            "revenue": 3410332
        },
        "2019-03": {
            "month": "2019-03",
            "price": "19.98",
            "revenue": 4099679
        },
        "2019-04": {
            "month": "2019-04",
            "price": "22.47",
            "revenue": 3883445
        },
        "2019-05": {
            "month": "2019-05",
            "price": "22.36",
            "revenue": 4335615
        },
        "2019-06": {
            "month": "2019-06",
            "price": "22.76",
            "revenue": 4365723
        },
        "2019-07": {
            "month": "2019-07",
            "price": "23.13",
            "revenue": 4115430
        },
        "2019-08": {
            "month": "2019-08",
            "price": "24.24",
            "revenue": 3656358
        },
        "2019-09": {
            "month": "2019-09",
            "price": "24.91",
            "revenue": 4086750
        },
        "2019-10": {
            "month": "2019-10",
            "price": "26.12",
            "revenue": 3879865
        },
        "2019-11": {
            "month": "2019-11",
            "price": "27.06",
            "revenue": 3928027
        },
        "2019-12": {
            "month": "2019-12",
            "price": "26.70",
            "revenue": 4370102
        },
        "2020-01": {
            "month": "2020-01",
            "price": "26.46",
            "revenue": 3799231
        },
        "2020-02": {
            "month": "2020-02",
            "price": "27.09",
            "revenue": 3020654
        },
        "2020-03": {
            "month": "2020-03",
            "price": "25.11",
            "revenue": 3693406
        },
        "2020-04": {
            "month": "2020-04",
            "price": "25.61",
            "revenue": 3409349
        },
        "2020-05": {
            "month": "2020-05",
            "price": "27.33",
            "revenue": 3443947
        },
        "2020-06": {
            "month": "2020-06",
            "price": "27.51",
            "revenue": 4406855
        },
        "2020-07": {
            "month": "2020-07",
            "price": "27.43",
            "revenue": 3940025
        },
        "2020-08": {
            "month": "2020-08",
            "price": "28.94",
            "revenue": 3678179
        },
        "2020-09": {
            "month": "2020-09",
            "price": "29.99",
            "revenue": 3786157
        },
        "2020-10": {
            "month": "2020-10",
            "price": "29.99",
            "revenue": 3589714
        },
        "2020-11": {
            "month": "2020-11",
            "price": "29.98",
            "revenue": 3927983
        },
        "2020-12": {
            "month": "2020-12",
            "price": "28.12",
            "revenue": 4868158
        },
        "2021-01": {
            "month": "2021-01",
            "price": "28.22",
            "revenue": 4111594
        },
        "2021-02": {
            "month": "2021-02",
            "price": "29.13",
            "revenue": 3363114
        },
        "2021-03": {
            "month": "2021-03",
            "price": "31.20",
            "revenue": 4436522
        },
        "2021-04": {
            "month": "2021-04",
            "price": "33.49",
            "revenue": 4181903
        },
        "2021-05": {
            "month": "2021-05",
            "price": "32.23",
            "revenue": 4439686
        },
        "2021-06": {
            "month": "2021-06",
            "price": "33.19",
            "revenue": 4867469
        },
        "2021-07": {
            "month": "2021-07",
            "price": "32.00",
            "revenue": 4344329
        },
        "2021-08": {
            "month": "2021-08",
            "price": "30.29",
            "revenue": 4516518
        },
        "2021-09": {
            "month": "2021-09",
            "price": "30.85",
            "revenue": 4298369
        },
        "2021-10": {
            "month": "2021-10",
            "price": "30.36",
            "revenue": 4445517
        },
        "2021-11": {
            "month": "2021-11",
            "price": "30.98",
            "revenue": 4613140
        },
        "2021-12": {
            "month": "2021-12",
            "price": "30.78",
            "revenue": 5029475
        },
        "2022-01": {
            "month": "2022-01",
            "price": "30.62",
            "revenue": 4165564
        },
        "2022-02": {
            "month": "2022-02",
            "price": "30.14",
            "revenue": 3908559
        },
        "2022-03": {
            "month": "2022-03",
            "price": "30.11",
            "revenue": 5123652
        },
        "2022-04": {
            "month": "2022-04",
            "price": "32.02",
            "revenue": 4434537
        },
        "2022-05": {
            "month": "2022-05",
            "price": "29.56",
            "revenue": 4805903
        },
        "2022-06": {
            "month": "2022-06",
            "price": "29.27",
            "revenue": 5369300
        },
        "2022-07": {
            "month": "2022-07",
            "price": "28.66",
            "revenue": 5228346
        },
        "2022-08": {
            "month": "2022-08",
            "price": "29.12",
            "revenue": 4690410
        },
        "2022-09": {
            "month": "2022-09",
            "price": "28.78",
            "revenue": 4857361
        },
        "2022-10": {
            "month": "2022-10",
            "price": "27.77",
            "revenue": 4733008
        },
        "2022-11": {
            "month": "2022-11",
            "price": "28.51",
            "revenue": 5053213
        },
        "2022-12": {
            "month": "2022-12",
            "price": "27.72",
            "revenue": 5159923
        },
        "2023-01": {
            "month": "2023-01",
            "price": "28.24",
            "revenue": 4523185
        },
        "2023-02": {
            "month": "2023-02",
            "price": "29.57",
            "revenue": 4601348
        },
        "2023-03": {
            "month": "2023-03",
            "price": "36.80",
            "revenue": 5587645
        },
        "2023-04": {
            "month": "2023-04",
            "price": "44.15",
            "revenue": 4601813
        },
        "2023-05": {
            "month": "2023-05",
            "price": "48.73",
            "revenue": 5109505
        },
        "2023-06": {
            "month": "2023-06",
            "price": "54.57",
            "revenue": 5420093
        },
        "2023-07": {
            "month": "2023-07",
            "price": "53.50",
            "revenue": 4887315
        },
        "2023-08": {
            "month": "2023-08",
            "price": "50.89",
            "revenue": 4999513
        },
        "2023-09": {
            "month": "2023-09",
            "price": "49.48",
            "revenue": 5300860
        },
        "2023-10": {
            "month": "2023-10",
            "price": "48.86",
            "revenue": 4664515
        },
        "2023-11": {
            "month": "2023-11",
            "price": "46.35",
            "revenue": 4688624
        },
        "2023-12": {
            "month": "2023-12",
            "price": "45.89",
            "revenue": 5046457
        }
    }
}
