{
    "summary": {
        "stock_name": "正道",
        "stock_id": "1506",
        "category": "電機機械",
        "main_business": "引擎、機車、汽車等及其零件之製造買賣<br>活塞、活塞肖、活塞環及其配件之製造及買賣<br>轉向系統零件之製造及買賣",
        "website_url": "http://www.rightway.com.tw",
        "ceo": "羅仕溢",
        "pe_ratio": 50,
        "report_year_from": 2001,
        "report_year_to": 2023,
        "age": 23,
        "eps_negative_percentage": 61,
        "eps_growth_avg": {
            "last_all": -34.25,
            "last_2y": 24.53,
            "last_4y": 24.53,
            "last_8y": 0.85,
            "last_12y": -15.96,
            "last_16y": -15.96,
            "last_20y": -34.25,
            "at_2006_last_3y": -89.13,
            "at_2007_last_3y": -89.13,
            "at_2008_last_3y": -89.13,
            "at_2009_last_3y": -100,
            "at_2010_last_3y": null,
            "at_2011_last_3y": null,
            "at_2012_last_3y": -100,
            "at_2013_last_3y": -100,
            "at_2014_last_3y": -100,
            "at_2015_last_3y": 0,
            "at_2016_last_3y": 27.59,
            "at_2017_last_3y": -14.94,
            "at_2018_last_3y": -14.94,
            "at_2019_last_3y": -72.41,
            "at_2020_last_3y": -100,
            "at_2021_last_3y": null,
            "at_2022_last_3y": 77.27,
            "at_2023_last_3y": 24.53,
            "at_2024_last_3y": 24.53,
            "at_2006_last_all": -89.13,
            "at_2007_last_all": -89.13,
            "at_2008_last_all": -89.13,
            "at_2009_last_all": -89.13,
            "at_2010_last_all": -89.13,
            "at_2011_last_all": -89.13,
            "at_2012_last_all": -92.75,
            "at_2013_last_all": -92.75,
            "at_2014_last_all": -92.75,
            "at_2015_last_all": -44.57,
            "at_2016_last_all": -44.62,
            "at_2017_last_all": -53.85,
            "at_2018_last_all": -53.85,
            "at_2019_last_all": -53.85,
            "at_2020_last_all": -53.85,
            "at_2021_last_all": -53.85,
            "at_2022_last_all": -35.12,
            "at_2023_last_all": -34.25,
            "at_2024_last_all": -34.25
        },
        "latest_eps": 0.34,
        "latest_price": 17.15,
        "latest_roe": 4.25,
        "latest_gross_margin": 17.24,
        "latest_equity": 2768557,
        "latest_revenue": 288465,
        "latest_gross_profit": 49730,
        "latest_net_income": 34956,
        "latest_debt_ratio": 12.01,
        "latest_current_ratio": 410.68,
        "latest_account_receivable_turnover_ratio": 1.31,
        "latest_inventory_turnover_ratio": 0.61,
        "latest_reinvestment_rate": null,
        "latest_research_to_sale_ratio": 0.89
    },
    "eps_dividends": {
        "1990": {
            "cash": 0,
            "stock": 0.13,
            "eps": 0
        },
        "1991": {
            "cash": 0.7,
            "stock": 0.5,
            "eps": 0
        },
        "1992": {
            "cash": 0.5,
            "stock": 0,
            "eps": 0
        },
        "1993": {
            "cash": 0.5,
            "stock": 0,
            "eps": 0
        },
        "1994": {
            "cash": 0.5,
            "stock": 0,
            "eps": 0
        },
        "1995": {
            "cash": 0,
            "stock": 1.04,
            "eps": 0
        },
        "1996": {
            "cash": 0.6,
            "stock": 0,
            "eps": 0
        },
        "2001": {
            "cash": 0,
            "stock": 0,
            "eps": -0.05
        },
        "2002": {
            "cash": 0,
            "stock": 0,
            "eps": -0.49
        },
        "2003": {
            "cash": 0,
            "stock": 0,
            "eps": -0.77
        },
        "2004": {
            "cash": 0,
            "stock": 0,
            "eps": 0.23
        },
        "2005": {
            "cash": 0,
            "stock": 0,
            "eps": 0.05
        },
        "2006": {
            "cash": 0,
            "stock": 0,
            "eps": -0.54
        },
        "2007": {
            "cash": 0,
            "stock": 0,
            "eps": -0.51
        },
        "2008": {
            "cash": 0,
            "stock": 0,
            "eps": -1.75
        },
        "2009": {
            "cash": 0,
            "stock": 0,
            "eps": -1.25
        },
        "2010": {
            "cash": 0,
            "stock": 0,
            "eps": -0.8
        },
        "2011": {
            "cash": 0,
            "stock": 0,
            "eps": 0.44
        },
        "2012": {
            "cash": 0,
            "stock": 0,
            "eps": -0.6
        },
        "2013": {
            "cash": 0,
            "stock": 0,
            "eps": -0.69
        },
        "2014": {
            "cash": 0,
            "stock": 0,
            "eps": 0.11
        },
        "2015": {
            "cash": 0,
            "stock": 0,
            "eps": 0.29
        },
        "2016": {
            "cash": 0,
            "stock": 0,
            "eps": 0.16
        },
        "2017": {
            "cash": 0,
            "stock": 0,
            "eps": -0.12
        },
        "2018": {
            "cash": 0,
            "stock": 0,
            "eps": -0.94
        },
        "2019": {
            "cash": 0,
            "stock": 0,
            "eps": -2.52
        },
        "2020": {
            "cash": 0,
            "stock": 0,
            "eps": -2.25
        },
        "2021": {
            "cash": 0,
            "stock": 0,
            "eps": 0.22
        },
        "2022": {
            "cash": 0,
            "stock": 0,
            "eps": 0.39
        },
        "2023": {
            "cash": 0,
            "stock": 0,
            "eps": 0.28
        }
    },
    "dividends": {
        "1990-05-26": {
            "cash": 0,
            "stock": 0.13
        },
        "1991-05-25": {
            "cash": 0.7,
            "stock": 0.5
        },
        "1992-05-15": {
            "cash": 0.5,
            "stock": 0
        },
        "1993-06-25": {
            "cash": 0.5,
            "stock": 0
        },
        "1994-06-20": {
            "cash": 0.5,
            "stock": 0
        },
        "1995-06-07": {
            "cash": 0,
            "stock": 1.04
        },
        "1996-05-21": {
            "cash": 0.6,
            "stock": 0
        }
    },
    "prices": {
        "200101": "3.47",
        "200102": "4.10",
        "200103": "4.02",
        "200104": "4.09",
        "200105": "3.76",
        "200106": "3.42",
        "200107": "2.74",
        "200108": "3.10",
        "200109": "2.68",
        "200110": "2.29",
        "200111": "2.40",
        "200112": "3.18",
        "200201": "3.93",
        "200202": "3.78",
        "200203": "4.73",
        "200204": "6.13",
        "200205": "5.88",
        "200206": "6.36",
        "200207": "6.70",
        "200208": "6.05",
        "200209": "4.83",
        "200210": "5.39",
        "200211": "7.02",
        "200212": "7.48",
        "200301": "8.64",
        "200302": "8.55",
        "200303": "8.72",
        "200304": "8.92",
        "200305": "7.90",
        "200306": "8.04",
        "200307": "7.56",
        "200308": "6.80",
        "200309": "6.06",
        "200310": "6.52",
        "200311": "6.68",
        "200312": "6.45",
        "200401": "6.92",
        "200402": "8.76",
        "200403": "8.47",
        "200404": "8.43",
        "200405": "7.30",
        "200406": "6.89",
        "200407": "6.40",
        "200408": "6.23",
        "200409": "6.37",
        "200410": "6.58",
        "200411": "6.39",
        "200412": "6.30",
        "200501": "6.69",
        "200502": "6.41",
        "200503": "6.22",
        "200504": "6.65",
        "200505": "7.47",
        "200506": "7.71",
        "200507": "7.82",
        "200508": "7.40",
        "200509": "7.41",
        "200510": "7.36",
        "200511": "7.60",
        "200512": "8.11",
        "200601": "8.09",
        "200602": "8.08",
        "200603": "8.23",
        "200604": "8.27",
        "200605": "9.85",
        "200606": "9.74",
        "200607": "9.77",
        "200608": "9.34",
        "200609": "9.23",
        "200610": "9.11",
        "200611": "9.44",
        "200612": "12.43",
        "200701": "12.55",
        "200702": "12.28",
        "200703": "12.10",
        "200704": "12.70",
        "200705": "13.83",
        "200706": "17.22",
        "200707": "18.53",
        "200708": "18.79",
        "200709": "18.79",
        "200710": "19.00",
        "200711": "18.43",
        "200712": "17.95",
        "200801": "17.89",
        "200802": "19.13",
        "200803": "19.06",
        "200804": "19.13",
        "200805": "18.75",
        "200806": "18.10",
        "200807": "16.76",
        "200808": "15.14",
        "200809": "13.72",
        "200810": "13.42",
        "200811": "13.18",
        "200812": "13.08",
        "200901": "13.13",
        "200902": "13.14",
        "200903": "13.16",
        "200904": "13.29",
        "200905": "13.08",
        "200906": "13.77",
        "200907": "15.15",
        "200908": "15.61",
        "200909": "14.71",
        "200910": "14.80",
        "200911": "14.64",
        "200912": "14.27",
        "201001": "14.19",
        "201002": "13.59",
        "201003": "15.32",
        "201004": "15.45",
        "201005": "15.55",
        "201006": "15.79",
        "201007": "15.62",
        "201008": "16.35",
        "201009": "17.05",
        "201010": "24.91",
        "201011": "26.45",
        "201012": "27.15",
        "201101": "27.64",
        "201102": "27.44",
        "201103": "26.97",
        "201104": "27.51",
        "201105": "27.48",
        "201106": "25.13",
        "201107": "24.38",
        "201108": "23.12",
        "201109": "22.21",
        "201110": "21.88",
        "201111": "25.05",
        "201112": "25.03",
        "201201": "27.02",
        "201202": "27.08",
        "201203": "27.88",
        "201204": "27.36",
        "201205": "26.34",
        "201206": "23.87",
        "201207": "26.24",
        "201208": "26.17",
        "201209": "25.43",
        "201210": "24.42",
        "201211": "20.16",
        "201212": "18.30",
        "201301": "22.25",
        "201302": "21.82",
        "201303": "18.66",
        "201304": "16.94",
        "201305": "14.87",
        "201306": "14.17",
        "201307": "14.90",
        "201308": "17.59",
        "201309": "18.55",
        "201310": "18.88",
        "201311": "16.76",
        "201312": "17.18",
        "201401": "19.32",
        "201402": "19.06",
        "201403": "18.85",
        "201404": "20.95",
        "201405": "20.60",
        "201406": "22.24",
        "201407": "23.58",
        "201408": "22.44",
        "201409": "20.91",
        "201410": "20.71",
        "201411": "21.70",
        "201412": "21.47",
        "201501": "24.38",
        "201502": "24.17",
        "201503": "23.47",
        "201504": "22.17",
        "201505": "19.96",
        "201506": "19.56",
        "201507": "18.76",
        "201508": "14.12",
        "201509": "14.26",
        "201510": "15.42",
        "201511": "15.78",
        "201512": "15.10",
        "201601": "14.55",
        "201602": "15.09",
        "201603": "16.34",
        "201604": "16.03",
        "201605": "15.16",
        "201606": "15.94",
        "201607": "15.18",
        "201608": "14.86",
        "201609": "14.60",
        "201610": "14.40",
        "201611": "14.02",
        "201612": "14.91",
        "201701": "14.57",
        "201702": "14.15",
        "201703": "20.15",
        "201704": "22.18",
        "201705": "24.70",
        "201706": "25.47",
        "201707": "22.82",
        "201708": "20.49",
        "201709": "21.66",
        "201710": "21.59",
        "201711": "22.01",
        "201712": "21.09",
        "201801": "21.55",
        "201802": "20.90",
        "201803": "20.92",
        "201804": "21.54",
        "201805": "21.25",
        "201806": "20.70",
        "201807": "20.53",
        "201808": "21.02",
        "201809": "22.26",
        "201810": "22.29",
        "201811": "21.37",
        "201812": "20.86",
        "201901": "20.78",
        "201902": "20.52",
        "201903": "20.64",
        "201904": "19.82",
        "201905": "19.63",
        "201906": "18.13",
        "201907": "16.65",
        "201908": "15.33",
        "201909": "15.15",
        "201910": "16.61",
        "201911": "16.12",
        "201912": "14.78",
        "202001": "13.86",
        "202002": "12.97",
        "202003": "10.89",
        "202004": "11.78",
        "202005": "12.74",
        "202006": "12.15",
        "202007": "11.73",
        "202008": "12.18",
        "202009": "11.56",
        "202010": "11.29",
        "202011": "10.51",
        "202012": "10.95",
        "202101": "10.22",
        "202102": "9.76",
        "202103": "9.88",
        "202104": "10.92",
        "202105": "10.04",
        "202106": "10.18",
        "202107": "10.17",
        "202108": "9.71",
        "202109": "9.82",
        "202110": "10.23",
        "202111": "10.95",
        "202112": "14.83",
        "202201": "13.63",
        "202202": "14.72",
        "202203": "13.92",
        "202204": "16.97",
        "202205": "18.22",
        "202206": "16.75",
        "202207": "15.18",
        "202208": "15.24",
        "202209": "16.36",
        "202210": "15.97",
        "202211": "16.37",
        "202212": "17.59",
        "202301": "17.50",
        "202302": "19.66",
        "202303": "21.48",
        "202304": "21.23",
        "202305": "19.69",
        "202306": "19.04",
        "202307": "17.78",
        "202308": "17.21",
        "202309": "16.93",
        "202310": "16.08",
        "202311": "16.03",
        "202312": "17.16"
    },
    "quarters": {
        "20011": {
            "year_quarter": 20011,
            "year": 2001,
            "quarter": 1,
            "eps": 0,
            "eps_growth_year": -100,
            "eps_4q": -0.26,
            "eps_4q_growth_year": null,
            "roe": 0,
            "roe_4q": 0,
            "gross_profit": 44140,
            "gross_margin": 24.92,
            "gross_margin_4q_avg": 24.92,
            "net_income": 57,
            "net_income_4q": null,
            "revenue": 177121,
            "revenue_4q": null,
            "common_shares": 1022516,
            "book_valuer_per_share": 11.12,
            "book_valuer_per_share_4q_avg": 11.12,
            "equity": 1137029,
            "current_ratio": 69.4,
            "debt_ratio": 54.24,
            "inventory_turnover_ratio": 0.6,
            "account_receivable_turnover_ratio": null,
            "reinvestment_rate": null,
            "research_to_sale_ratio": null,
            "price_fair": 0,
            "eps_avg_yearly": 0,
            "eps_latest_yearly": 0,
            "eps_growth_yearly": 0
        },
        "20012": {
            "year_quarter": 20012,
            "year": 2001,
            "quarter": 2,
            "eps": 0,
            "eps_growth_year": -100,
            "eps_4q": -0.35,
            "eps_4q_growth_year": null,
            "roe": 0.03,
            "roe_4q": 0.03,
            "gross_profit": 51779,
            "gross_margin": 27.28,
            "gross_margin_4q_avg": 26.1,
            "net_income": 339,
            "net_income_4q": null,
            "revenue": 189826,
            "revenue_4q": null,
            "common_shares": 1022516,
            "book_valuer_per_share": 11.17,
            "book_valuer_per_share_4q_avg": 11.15,
            "equity": 1142075,
            "current_ratio": 50.83,
            "debt_ratio": 58.77,
            "inventory_turnover_ratio": 0.72,
            "account_receivable_turnover_ratio": null,
            "reinvestment_rate": null,
            "research_to_sale_ratio": null,
            "price_fair": 0,
            "eps_avg_yearly": 0,
            "eps_latest_yearly": 0,
            "eps_growth_yearly": 0
        },
        "20013": {
            "year_quarter": 20013,
            "year": 2001,
            "quarter": 3,
            "eps": -0.02,
            "eps_growth_year": null,
            "eps_4q": -0.05,
            "eps_4q_growth_year": null,
            "roe": -0.17,
            "roe_4q": -0.14,
            "gross_profit": 36109,
            "gross_margin": 21.46,
            "gross_margin_4q_avg": 24.55,
            "net_income": -1904,
            "net_income_4q": null,
            "revenue": 168226,
            "revenue_4q": null,
            "common_shares": 1022516,
            "book_valuer_per_share": 11.23,
            "book_valuer_per_share_4q_avg": 11.17,
            "equity": 1148058,
            "current_ratio": 49.96,
            "debt_ratio": 58.69,
            "inventory_turnover_ratio": 0.67,
            "account_receivable_turnover_ratio": null,
            "reinvestment_rate": null,
            "research_to_sale_ratio": null,
            "price_fair": 0,
            "eps_avg_yearly": 0,
            "eps_latest_yearly": 0,
            "eps_growth_yearly": 0
        },
        "20014": {
            "year_quarter": 20014,
            "year": 2001,
            "quarter": 4,
            "eps": -0.03,
            "eps_growth_year": null,
            "eps_4q": -0.04,
            "eps_4q_growth_year": -3874.05,
            "roe": -0.27,
            "roe_4q": -0.41000000000000003,
            "gross_profit": 41003,
            "gross_margin": 22.17,
            "gross_margin_4q_avg": 23.96,
            "net_income": -3294,
            "net_income_4q": null,
            "revenue": 184909,
            "revenue_4q": null,
            "common_shares": 1022516,
            "book_valuer_per_share": 11.27,
            "book_valuer_per_share_4q_avg": 11.2,
            "equity": 1319790,
            "current_ratio": 73.25,
            "debt_ratio": 57.01,
            "inventory_turnover_ratio": 0.56,
            "account_receivable_turnover_ratio": null,
            "reinvestment_rate": null,
            "research_to_sale_ratio": null,
            "price_fair": 0,
            "eps_avg_yearly": 0,
            "eps_latest_yearly": 0,
            "eps_growth_yearly": 0
        },
        "20021": {
            "year_quarter": 20021,
            "year": 2002,
            "quarter": 1,
            "eps": 0.26,
            "eps_growth_year": null,
            "eps_4q": 0.21,
            "eps_4q_growth_year": null,
            "roe": 2.15,
            "roe_4q": 1.74,
            "gross_profit": 46231,
            "gross_margin": 23.89,
            "gross_margin_4q_avg": 23.7,
            "net_income": 26935,
            "net_income_4q": null,
            "revenue": 193504,
            "revenue_4q": null,
            "common_shares": 1022516,
            "book_valuer_per_share": 11.59,
            "book_valuer_per_share_4q_avg": 11.32,
            "equity": 1184724,
            "current_ratio": 50.38,
            "debt_ratio": 56.74,
            "inventory_turnover_ratio": 0.6,
            "account_receivable_turnover_ratio": null,
            "reinvestment_rate": null,
            "research_to_sale_ratio": null,
            "price_fair": 0,
            "eps_avg_yearly": 0,
            "eps_latest_yearly": 0,
            "eps_growth_yearly": 0
        },
        "20022": {
            "year_quarter": 20022,
            "year": 2002,
            "quarter": 2,
            "eps": -0.43,
            "eps_growth_year": null,
            "eps_4q": -0.21,
            "eps_4q_growth_year": null,
            "roe": -3.78,
            "roe_4q": -2.07,
            "gross_profit": 46327,
            "gross_margin": 23.53,
            "gross_margin_4q_avg": 22.76,
            "net_income": -43702,
            "net_income_4q": null,
            "revenue": 196875,
            "revenue_4q": null,
            "common_shares": 1022516,
            "book_valuer_per_share": 11.02,
            "book_valuer_per_share_4q_avg": 11.28,
            "equity": 1126716,
            "current_ratio": 55.93,
            "debt_ratio": 57.97,
            "inventory_turnover_ratio": 0.88,
            "account_receivable_turnover_ratio": null,
            "reinvestment_rate": null,
            "research_to_sale_ratio": null,
            "price_fair": 0,
            "eps_avg_yearly": 0,
            "eps_latest_yearly": 0,
            "eps_growth_yearly": 0
        },
        "20023": {
            "year_quarter": 20023,
            "year": 2002,
            "quarter": 3,
            "eps": 0.23,
            "eps_growth_year": null,
            "eps_4q": 0.04,
            "eps_4q_growth_year": null,
            "roe": 2.05,
            "roe_4q": 0.1499999999999999,
            "gross_profit": 46891,
            "gross_margin": 23.94,
            "gross_margin_4q_avg": 23.38,
            "net_income": 23711,
            "net_income_4q": null,
            "revenue": 195894,
            "revenue_4q": null,
            "common_shares": 1022516,
            "book_valuer_per_share": 11.63,
            "book_valuer_per_share_4q_avg": 11.38,
            "equity": 1189393,
            "current_ratio": 54.66,
            "debt_ratio": 56.79,
            "inventory_turnover_ratio": 0.9,
            "account_receivable_turnover_ratio": null,
            "reinvestment_rate": null,
            "research_to_sale_ratio": null,
            "price_fair": 0,
            "eps_avg_yearly": 0,
            "eps_latest_yearly": 0,
            "eps_growth_yearly": 0
        },
        "20024": {
            "year_quarter": 20024,
            "year": 2002,
            "quarter": 4,
            "eps": -0.55,
            "eps_growth_year": null,
            "eps_4q": -0.5,
            "eps_4q_growth_year": null,
            "roe": -4.49,
            "roe_4q": -4.07,
            "gross_profit": 52872,
            "gross_margin": 26.32,
            "gross_margin_4q_avg": 24.42,
            "net_income": -55841,
            "net_income_4q": null,
            "revenue": 200843,
            "revenue_4q": null,
            "common_shares": 1022516,
            "book_valuer_per_share": 10.94,
            "book_valuer_per_share_4q_avg": 11.3,
            "equity": 1300436,
            "current_ratio": 78.95,
            "debt_ratio": 57.84,
            "inventory_turnover_ratio": 0.57,
            "account_receivable_turnover_ratio": null,
            "reinvestment_rate": null,
            "research_to_sale_ratio": null,
            "price_fair": 0,
            "eps_avg_yearly": 0,
            "eps_latest_yearly": 0,
            "eps_growth_yearly": 0
        },
        "20031": {
            "year_quarter": 20031,
            "year": 2003,
            "quarter": 1,
            "eps": 0.03,
            "eps_growth_year": -88.46,
            "eps_4q": -0.66,
            "eps_4q_growth_year": -408.65,
            "roe": 0.28,
            "roe_4q": -5.9399999999999995,
            "gross_profit": 48209,
            "gross_margin": 25.03,
            "gross_margin_4q_avg": 24.71,
            "net_income": 3308,
            "net_income_4q": null,
            "revenue": 192642,
            "revenue_4q": null,
            "common_shares": 1022516,
            "book_valuer_per_share": 10.5,
            "book_valuer_per_share_4q_avg": 11.02,
            "equity": 1073367,
            "current_ratio": 55.21,
            "debt_ratio": 58.95,
            "inventory_turnover_ratio": 0.52,
            "account_receivable_turnover_ratio": null,
            "reinvestment_rate": null,
            "research_to_sale_ratio": null,
            "price_fair": 0,
            "eps_avg_yearly": 0,
            "eps_latest_yearly": 0,
            "eps_growth_yearly": 0
        },
        "20032": {
            "year_quarter": 20032,
            "year": 2003,
            "quarter": 2,
            "eps": -0.09,
            "eps_growth_year": null,
            "eps_4q": -0.37,
            "eps_4q_growth_year": null,
            "roe": -0.84,
            "roe_4q": -3,
            "gross_profit": 48789,
            "gross_margin": 24.51,
            "gross_margin_4q_avg": 24.95,
            "net_income": -9150,
            "net_income_4q": null,
            "revenue": 199075,
            "revenue_4q": null,
            "common_shares": 1022516,
            "book_valuer_per_share": 10.75,
            "book_valuer_per_share_4q_avg": 10.96,
            "equity": 1099564,
            "current_ratio": 57.31,
            "debt_ratio": 57.93,
            "inventory_turnover_ratio": 0.73,
            "account_receivable_turnover_ratio": null,
            "reinvestment_rate": null,
            "research_to_sale_ratio": null,
            "price_fair": 0,
            "eps_avg_yearly": 0,
            "eps_latest_yearly": 0,
            "eps_growth_yearly": 0
        },
        "20033": {
            "year_quarter": 20033,
            "year": 2003,
            "quarter": 3,
            "eps": -0.22,
            "eps_growth_year": -195.65,
            "eps_4q": -0.82,
            "eps_4q_growth_year": -2411.53,
            "roe": -2.03,
            "roe_4q": -7.08,
            "gross_profit": 52922,
            "gross_margin": 25.17,
            "gross_margin_4q_avg": 25.26,
            "net_income": -22002,
            "net_income_4q": null,
            "revenue": 210233,
            "revenue_4q": null,
            "common_shares": 1022516,
            "book_valuer_per_share": 10.41,
            "book_valuer_per_share_4q_avg": 10.65,
            "equity": 1064637,
            "current_ratio": 57.78,
            "debt_ratio": 58.69,
            "inventory_turnover_ratio": 0.75,
            "account_receivable_turnover_ratio": null,
            "reinvestment_rate": null,
            "research_to_sale_ratio": null,
            "price_fair": 0,
            "eps_avg_yearly": 0,
            "eps_latest_yearly": 0,
            "eps_growth_yearly": 0
        },
        "20034": {
            "year_quarter": 20034,
            "year": 2003,
            "quarter": 4,
            "eps": -0.49,
            "eps_growth_year": null,
            "eps_4q": -0.74,
            "eps_4q_growth_year": null,
            "roe": -4.44,
            "roe_4q": -7.03,
            "gross_profit": 45957,
            "gross_margin": 21.84,
            "gross_margin_4q_avg": 24.14,
            "net_income": -50439,
            "net_income_4q": null,
            "revenue": 210395,
            "revenue_4q": null,
            "common_shares": 1022516,
            "book_valuer_per_share": 10.01,
            "book_valuer_per_share_4q_avg": 10.42,
            "equity": 1208896,
            "current_ratio": 83.88,
            "debt_ratio": 59.56,
            "inventory_turnover_ratio": 0.55,
            "account_receivable_turnover_ratio": null,
            "reinvestment_rate": null,
            "research_to_sale_ratio": null,
            "price_fair": 0,
            "eps_avg_yearly": 0,
            "eps_latest_yearly": 0,
            "eps_growth_yearly": 0
        },
        "20041": {
            "year_quarter": 20041,
            "year": 2004,
            "quarter": 1,
            "eps": 0.08,
            "eps_growth_year": 166.67,
            "eps_4q": -0.72,
            "eps_4q_growth_year": null,
            "roe": 0.73,
            "roe_4q": -6.58,
            "gross_profit": 38312,
            "gross_margin": 20.3,
            "gross_margin_4q_avg": 22.96,
            "net_income": 8154,
            "net_income_4q": null,
            "revenue": 188718,
            "revenue_4q": null,
            "common_shares": 1022516,
            "book_valuer_per_share": 10.03,
            "book_valuer_per_share_4q_avg": 10.3,
            "equity": 1025188,
            "current_ratio": 58.39,
            "debt_ratio": 59.64,
            "inventory_turnover_ratio": 0.51,
            "account_receivable_turnover_ratio": null,
            "reinvestment_rate": null,
            "research_to_sale_ratio": null,
            "price_fair": 0,
            "eps_avg_yearly": 0,
            "eps_latest_yearly": 0,
            "eps_growth_yearly": 0
        },
        "20042": {
            "year_quarter": 20042,
            "year": 2004,
            "quarter": 2,
            "eps": -0.21,
            "eps_growth_year": null,
            "eps_4q": -0.84,
            "eps_4q_growth_year": null,
            "roe": -2.1,
            "roe_4q": -7.84,
            "gross_profit": 58055,
            "gross_margin": 26.12,
            "gross_margin_4q_avg": 23.36,
            "net_income": -21505,
            "net_income_4q": null,
            "revenue": 222298,
            "revenue_4q": null,
            "common_shares": 1022516,
            "book_valuer_per_share": 10.01,
            "book_valuer_per_share_4q_avg": 10.12,
            "equity": 1023878,
            "current_ratio": 49.3,
            "debt_ratio": 63.28,
            "inventory_turnover_ratio": 0.84,
            "account_receivable_turnover_ratio": null,
            "reinvestment_rate": null,
            "research_to_sale_ratio": null,
            "price_fair": 0,
            "eps_avg_yearly": 0,
            "eps_latest_yearly": 0,
            "eps_growth_yearly": 0
        },
        "20043": {
            "year_quarter": 20043,
            "year": 2004,
            "quarter": 3,
            "eps": 0.2,
            "eps_growth_year": null,
            "eps_4q": -0.41,
            "eps_4q_growth_year": null,
            "roe": 2.02,
            "roe_4q": -3.7900000000000005,
            "gross_profit": 52631,
            "gross_margin": 25.73,
            "gross_margin_4q_avg": 23.5,
            "net_income": 20804,
            "net_income_4q": null,
            "revenue": 204574,
            "revenue_4q": null,
            "common_shares": 1022516,
            "book_valuer_per_share": 10.12,
            "book_valuer_per_share_4q_avg": 10.04,
            "equity": 1034642,
            "current_ratio": 59.18,
            "debt_ratio": 62.43,
            "inventory_turnover_ratio": 0.75,
            "account_receivable_turnover_ratio": null,
            "reinvestment_rate": null,
            "research_to_sale_ratio": null,
            "price_fair": 0,
            "eps_avg_yearly": 0,
            "eps_latest_yearly": 0,
            "eps_growth_yearly": 0
        },
        "20044": {
            "year_quarter": 20044,
            "year": 2004,
            "quarter": 4,
            "eps": 0.16,
            "eps_growth_year": null,
            "eps_4q": 0.23,
            "eps_4q_growth_year": null,
            "roe": 1.45,
            "roe_4q": 2.0999999999999996,
            "gross_profit": 47776,
            "gross_margin": 25.74,
            "gross_margin_4q_avg": 24.47,
            "net_income": 16175,
            "net_income_4q": null,
            "revenue": 185625,
            "revenue_4q": null,
            "common_shares": 1022516,
            "book_valuer_per_share": 10,
            "book_valuer_per_share_4q_avg": 10.04,
            "equity": 1198254,
            "current_ratio": 77.69,
            "debt_ratio": 60.89,
            "inventory_turnover_ratio": 0.43,
            "account_receivable_turnover_ratio": null,
            "reinvestment_rate": null,
            "research_to_sale_ratio": null,
            "price_fair": 1.92,
            "eps_avg_yearly": 0.64,
            "eps_latest_yearly": 0.64,
            "eps_growth_yearly": -80
        },
        "20051": {
            "year_quarter": 20051,
            "year": 2005,
            "quarter": 1,
            "eps": 0.03,
            "eps_growth_year": -62.5,
            "eps_4q": 0.17,
            "eps_4q_growth_year": null,
            "roe": 0.3,
            "roe_4q": 1.67,
            "gross_profit": 42364,
            "gross_margin": 20.5,
            "gross_margin_4q_avg": 24.52,
            "net_income": 3346,
            "net_income_4q": null,
            "revenue": 206688,
            "revenue_4q": null,
            "common_shares": 1022516,
            "book_valuer_per_share": 10.11,
            "book_valuer_per_share_4q_avg": 10.06,
            "equity": 1033423,
            "current_ratio": 69.12,
            "debt_ratio": 61.02,
            "inventory_turnover_ratio": 0.49,
            "account_receivable_turnover_ratio": null,
            "reinvestment_rate": null,
            "research_to_sale_ratio": null,
            "price_fair": 1.14,
            "eps_avg_yearly": 0.38,
            "eps_latest_yearly": 0.12,
            "eps_growth_yearly": -202.5
        },
        "20052": {
            "year_quarter": 20052,
            "year": 2005,
            "quarter": 2,
            "eps": 0.01,
            "eps_growth_year": null,
            "eps_4q": 0.41,
            "eps_4q_growth_year": null,
            "roe": 0.11,
            "roe_4q": 3.88,
            "gross_profit": 46005,
            "gross_margin": 20.52,
            "gross_margin_4q_avg": 23.12,
            "net_income": 1154,
            "net_income_4q": null,
            "revenue": 224220,
            "revenue_4q": null,
            "common_shares": 1022516,
            "book_valuer_per_share": 10.12,
            "book_valuer_per_share_4q_avg": 10.09,
            "equity": 1034442,
            "current_ratio": 65.72,
            "debt_ratio": 62.13,
            "inventory_turnover_ratio": 0.75,
            "account_receivable_turnover_ratio": null,
            "reinvestment_rate": null,
            "research_to_sale_ratio": null,
            "price_fair": 0.8,
            "eps_avg_yearly": 0.27,
            "eps_latest_yearly": 0.04,
            "eps_growth_yearly": -223.89
        },
        "20053": {
            "year_quarter": 20053,
            "year": 2005,
            "quarter": 3,
            "eps": 0.03,
            "eps_growth_year": -85,
            "eps_4q": 0.26,
            "eps_4q_growth_year": null,
            "roe": 0.25,
            "roe_4q": 2.11,
            "gross_profit": 42436,
            "gross_margin": 22.38,
            "gross_margin_4q_avg": 22.29,
            "net_income": 2695,
            "net_income_4q": null,
            "revenue": 189624,
            "revenue_4q": null,
            "common_shares": 1022516,
            "book_valuer_per_share": 10.97,
            "book_valuer_per_share_4q_avg": 10.3,
            "equity": 1122164,
            "current_ratio": 64.94,
            "debt_ratio": 57.26,
            "inventory_turnover_ratio": 0.59,
            "account_receivable_turnover_ratio": null,
            "reinvestment_rate": null,
            "research_to_sale_ratio": null,
            "price_fair": 8.05,
            "eps_avg_yearly": 0.23,
            "eps_latest_yearly": 0.12,
            "eps_growth_yearly": 32.08
        },
        "20054": {
            "year_quarter": 20054,
            "year": 2005,
            "quarter": 4,
            "eps": -0.02,
            "eps_growth_year": -112.5,
            "eps_4q": 0.02,
            "eps_4q_growth_year": -92.34,
            "roe": -0.14,
            "roe_4q": 0.52,
            "gross_profit": 50528,
            "gross_margin": 22.29,
            "gross_margin_4q_avg": 21.42,
            "net_income": -1700,
            "net_income_4q": null,
            "revenue": 226648,
            "revenue_4q": null,
            "common_shares": 1022516,
            "book_valuer_per_share": 10.93,
            "book_valuer_per_share_4q_avg": 10.53,
            "equity": 1346592,
            "current_ratio": 77.29,
            "debt_ratio": 57.96,
            "inventory_turnover_ratio": 0.46,
            "account_receivable_turnover_ratio": null,
            "reinvestment_rate": null,
            "research_to_sale_ratio": null,
            "price_fair": 8.05,
            "eps_avg_yearly": 0.23,
            "eps_latest_yearly": 0.12,
            "eps_growth_yearly": 32.08
        },
        "20061": {
            "year_quarter": 20061,
            "year": 2006,
            "quarter": 1,
            "eps": 0.08,
            "eps_growth_year": 166.67,
            "eps_4q": 0.1,
            "eps_4q_growth_year": -39.82,
            "roe": 0.64,
            "roe_4q": 0.86,
            "gross_profit": 47273,
            "gross_margin": 21.95,
            "gross_margin_4q_avg": 21.79,
            "net_income": 7981,
            "net_income_4q": null,
            "revenue": 215330,
            "revenue_4q": null,
            "common_shares": 1022516,
            "book_valuer_per_share": 11.11,
            "book_valuer_per_share_4q_avg": 10.78,
            "equity": 1136295,
            "current_ratio": 67.61,
            "debt_ratio": 55.71,
            "inventory_turnover_ratio": 0.45,
            "account_receivable_turnover_ratio": null,
            "reinvestment_rate": null,
            "research_to_sale_ratio": null,
            "price_fair": 8.05,
            "eps_avg_yearly": 0.23,
            "eps_latest_yearly": 0.12,
            "eps_growth_yearly": 32.08
        },
        "20062": {
            "year_quarter": 20062,
            "year": 2006,
            "quarter": 2,
            "eps": -0.28,
            "eps_growth_year": -2900,
            "eps_4q": -0.19,
            "eps_4q_growth_year": -146.66,
            "roe": -2.53,
            "roe_4q": -1.7799999999999998,
            "gross_profit": 39128,
            "gross_margin": 19.25,
            "gross_margin_4q_avg": 21.47,
            "net_income": -28328,
            "net_income_4q": null,
            "revenue": 203260,
            "revenue_4q": null,
            "common_shares": 1022516,
            "book_valuer_per_share": 10.78,
            "book_valuer_per_share_4q_avg": 10.95,
            "equity": 1101791,
            "current_ratio": 68.9,
            "debt_ratio": 56.19,
            "inventory_turnover_ratio": 0.68,
            "account_receivable_turnover_ratio": null,
            "reinvestment_rate": null,
            "research_to_sale_ratio": null,
            "price_fair": 8.05,
            "eps_avg_yearly": 0.23,
            "eps_latest_yearly": 0.12,
            "eps_growth_yearly": 32.08
        },
        "20063": {
            "year_quarter": 20063,
            "year": 2006,
            "quarter": 3,
            "eps": -0.05,
            "eps_growth_year": -266.67,
            "eps_4q": -0.27,
            "eps_4q_growth_year": -203.76,
            "roe": -0.5,
            "roe_4q": -2.53,
            "gross_profit": 29662,
            "gross_margin": 15.77,
            "gross_margin_4q_avg": 19.82,
            "net_income": -5553,
            "net_income_4q": null,
            "revenue": 188060,
            "revenue_4q": null,
            "common_shares": 1022516,
            "book_valuer_per_share": 10.75,
            "book_valuer_per_share_4q_avg": 10.89,
            "equity": 1099523,
            "current_ratio": 67.52,
            "debt_ratio": 56.34,
            "inventory_turnover_ratio": 0.66,
            "account_receivable_turnover_ratio": null,
            "reinvestment_rate": null,
            "research_to_sale_ratio": null,
            "price_fair": 8.05,
            "eps_avg_yearly": 0.23,
            "eps_latest_yearly": 0.12,
            "eps_growth_yearly": 32.08
        },
        "20064": {
            "year_quarter": 20064,
            "year": 2006,
            "quarter": 4,
            "eps": -0.29,
            "eps_growth_year": null,
            "eps_4q": -0.5,
            "eps_4q_growth_year": -2910.05,
            "roe": -2.42,
            "roe_4q": -4.81,
            "gross_profit": 21349,
            "gross_margin": 12.23,
            "gross_margin_4q_avg": 17.3,
            "net_income": -29204,
            "net_income_4q": null,
            "revenue": 174504,
            "revenue_4q": null,
            "common_shares": 1022516,
            "book_valuer_per_share": 10.59,
            "book_valuer_per_share_4q_avg": 10.81,
            "equity": 1316024,
            "current_ratio": 80.63,
            "debt_ratio": 58.51,
            "inventory_turnover_ratio": 0.37,
            "account_receivable_turnover_ratio": null,
            "reinvestment_rate": null,
            "research_to_sale_ratio": null,
            "price_fair": 8.05,
            "eps_avg_yearly": 0.23,
            "eps_latest_yearly": 0.12,
            "eps_growth_yearly": 32.08
        },
        "20071": {
            "year_quarter": 20071,
            "year": 2007,
            "quarter": 1,
            "eps": 0.14,
            "eps_growth_year": 75,
            "eps_4q": -0.48,
            "eps_4q_growth_year": -570.45,
            "roe": 1.18,
            "roe_4q": -4.27,
            "gross_profit": 26524,
            "gross_margin": 15.53,
            "gross_margin_4q_avg": 15.7,
            "net_income": 14298,
            "net_income_4q": null,
            "revenue": 170750,
            "revenue_4q": null,
            "common_shares": 1022516,
            "book_valuer_per_share": 10.83,
            "book_valuer_per_share_4q_avg": 10.74,
            "equity": 1107307,
            "current_ratio": 69.86,
            "debt_ratio": 54.77,
            "inventory_turnover_ratio": 0.36,
            "account_receivable_turnover_ratio": null,
            "reinvestment_rate": null,
            "research_to_sale_ratio": null,
            "price_fair": 8.05,
            "eps_avg_yearly": 0.23,
            "eps_latest_yearly": 0.12,
            "eps_growth_yearly": 32.08
        },
        "20072": {
            "year_quarter": 20072,
            "year": 2007,
            "quarter": 2,
            "eps": -0.16,
            "eps_growth_year": null,
            "eps_4q": -0.36,
            "eps_4q_growth_year": null,
            "roe": -1.52,
            "roe_4q": -3.26,
            "gross_profit": 10908,
            "gross_margin": 7.02,
            "gross_margin_4q_avg": 12.64,
            "net_income": -16706,
            "net_income_4q": null,
            "revenue": 155310,
            "revenue_4q": null,
            "common_shares": 1022516,
            "book_valuer_per_share": 10.71,
            "book_valuer_per_share_4q_avg": 10.72,
            "equity": 1095222,
            "current_ratio": 69.04,
            "debt_ratio": 55.92,
            "inventory_turnover_ratio": 0.65,
            "account_receivable_turnover_ratio": null,
            "reinvestment_rate": null,
            "research_to_sale_ratio": null,
            "price_fair": 8.05,
            "eps_avg_yearly": 0.23,
            "eps_latest_yearly": 0.12,
            "eps_growth_yearly": 32.08
        },
        "20073": {
            "year_quarter": 20073,
            "year": 2007,
            "quarter": 3,
            "eps": -0.12,
            "eps_growth_year": null,
            "eps_4q": -0.43,
            "eps_4q_growth_year": null,
            "roe": -1.1,
            "roe_4q": -3.8600000000000003,
            "gross_profit": 28243,
            "gross_margin": 15.14,
            "gross_margin_4q_avg": 12.48,
            "net_income": -11981,
            "net_income_4q": null,
            "revenue": 186576,
            "revenue_4q": null,
            "common_shares": 1022516,
            "book_valuer_per_share": 10.55,
            "book_valuer_per_share_4q_avg": 10.67,
            "equity": 1079152,
            "current_ratio": 67.81,
            "debt_ratio": 56.51,
            "inventory_turnover_ratio": 0.67,
            "account_receivable_turnover_ratio": null,
            "reinvestment_rate": null,
            "research_to_sale_ratio": null,
            "price_fair": 8.05,
            "eps_avg_yearly": 0.23,
            "eps_latest_yearly": 0.12,
            "eps_growth_yearly": 32.08
        },
        "20074": {
            "year_quarter": 20074,
            "year": 2007,
            "quarter": 4,
            "eps": -0.37,
            "eps_growth_year": null,
            "eps_4q": -0.53,
            "eps_4q_growth_year": null,
            "roe": -3.21,
            "roe_4q": -4.65,
            "gross_profit": 8084,
            "gross_margin": 4.91,
            "gross_margin_4q_avg": 10.65,
            "net_income": -37811,
            "net_income_4q": null,
            "revenue": 164596,
            "revenue_4q": null,
            "common_shares": 1022516,
            "book_valuer_per_share": 10.14,
            "book_valuer_per_share_4q_avg": 10.56,
            "equity": 1275426,
            "current_ratio": 82.4,
            "debt_ratio": 60.92,
            "inventory_turnover_ratio": 0.36,
            "account_receivable_turnover_ratio": null,
            "reinvestment_rate": null,
            "research_to_sale_ratio": null,
            "price_fair": 8.05,
            "eps_avg_yearly": 0.23,
            "eps_latest_yearly": 0.12,
            "eps_growth_yearly": 32.08
        },
        "20081": {
            "year_quarter": 20081,
            "year": 2008,
            "quarter": 1,
            "eps": -0.12,
            "eps_growth_year": -185.71,
            "eps_4q": -0.77,
            "eps_4q_growth_year": null,
            "roe": -0.97,
            "roe_4q": -6.799999999999999,
            "gross_profit": 52056,
            "gross_margin": 15.23,
            "gross_margin_4q_avg": 10.58,
            "net_income": -12370,
            "net_income_4q": null,
            "revenue": 341910,
            "revenue_4q": null,
            "common_shares": 1022516,
            "book_valuer_per_share": 10.14,
            "book_valuer_per_share_4q_avg": 10.39,
            "equity": 1285445,
            "current_ratio": 87.81,
            "debt_ratio": 60.94,
            "inventory_turnover_ratio": 0.45,
            "account_receivable_turnover_ratio": null,
            "reinvestment_rate": null,
            "research_to_sale_ratio": null,
            "price_fair": 8.05,
            "eps_avg_yearly": 0.23,
            "eps_latest_yearly": 0.12,
            "eps_growth_yearly": 32.08
        },
        "20082": {
            "year_quarter": 20082,
            "year": 2008,
            "quarter": 2,
            "eps": -0.57,
            "eps_growth_year": null,
            "eps_4q": -1.18,
            "eps_4q_growth_year": null,
            "roe": -4.73,
            "roe_4q": -10.01,
            "gross_profit": 53373,
            "gross_margin": 14.96,
            "gross_margin_4q_avg": 12.56,
            "net_income": -58581,
            "net_income_4q": null,
            "revenue": 356847,
            "revenue_4q": null,
            "common_shares": 1022516,
            "book_valuer_per_share": 9.36,
            "book_valuer_per_share_4q_avg": 10.05,
            "equity": 1190484,
            "current_ratio": 80.86,
            "debt_ratio": 62.96,
            "inventory_turnover_ratio": 0.47,
            "account_receivable_turnover_ratio": null,
            "reinvestment_rate": null,
            "research_to_sale_ratio": null,
            "price_fair": 8.05,
            "eps_avg_yearly": 0.23,
            "eps_latest_yearly": 0.12,
            "eps_growth_yearly": 32.08
        },
        "20083": {
            "year_quarter": 20083,
            "year": 2008,
            "quarter": 3,
            "eps": -0.55,
            "eps_growth_year": null,
            "eps_4q": -1.61,
            "eps_4q_growth_year": null,
            "roe": -4.53,
            "roe_4q": -13.440000000000001,
            "gross_profit": 57311,
            "gross_margin": 14.96,
            "gross_margin_4q_avg": 12.52,
            "net_income": -53618,
            "net_income_4q": null,
            "revenue": 383126,
            "revenue_4q": null,
            "common_shares": 1022516,
            "book_valuer_per_share": 9.05,
            "book_valuer_per_share_4q_avg": 9.67,
            "equity": 1174523,
            "current_ratio": 77.86,
            "debt_ratio": 62.52,
            "inventory_turnover_ratio": 0.48,
            "account_receivable_turnover_ratio": null,
            "reinvestment_rate": null,
            "research_to_sale_ratio": null,
            "price_fair": 8.05,
            "eps_avg_yearly": 0.23,
            "eps_latest_yearly": 0.12,
            "eps_growth_yearly": 32.08
        },
        "20084": {
            "year_quarter": 20084,
            "year": 2008,
            "quarter": 4,
            "eps": -0.51,
            "eps_growth_year": null,
            "eps_4q": -1.76,
            "eps_4q_growth_year": null,
            "roe": -4.69,
            "roe_4q": -14.920000000000002,
            "gross_profit": 49134,
            "gross_margin": 18.31,
            "gross_margin_4q_avg": 15.87,
            "net_income": -53130,
            "net_income_4q": null,
            "revenue": 268403,
            "revenue_4q": null,
            "common_shares": 1022516,
            "book_valuer_per_share": 8.36,
            "book_valuer_per_share_4q_avg": 9.23,
            "equity": 1089662,
            "current_ratio": 74.62,
            "debt_ratio": 63.89,
            "inventory_turnover_ratio": 0.31,
            "account_receivable_turnover_ratio": 2.46,
            "reinvestment_rate": null,
            "research_to_sale_ratio": null,
            "price_fair": 3.27,
            "eps_avg_yearly": 0.09,
            "eps_latest_yearly": 0.12,
            "eps_growth_yearly": 69.44
        },
        "20091": {
            "year_quarter": 20091,
            "year": 2009,
            "quarter": 1,
            "eps": -0.26,
            "eps_growth_year": null,
            "eps_4q": -1.88,
            "eps_4q_growth_year": null,
            "roe": -2.3,
            "roe_4q": -16.25,
            "gross_profit": -3269,
            "gross_margin": -1.31,
            "gross_margin_4q_avg": 11.73,
            "net_income": -24755,
            "net_income_4q": null,
            "revenue": 249307,
            "revenue_4q": null,
            "common_shares": 1022516,
            "book_valuer_per_share": 8.09,
            "book_valuer_per_share_4q_avg": 8.72,
            "equity": 1063259,
            "current_ratio": 73.65,
            "debt_ratio": 63.68,
            "inventory_turnover_ratio": 0.38,
            "account_receivable_turnover_ratio": 1.26,
            "reinvestment_rate": null,
            "research_to_sale_ratio": null,
            "price_fair": 2.8,
            "eps_avg_yearly": 0.08,
            "eps_latest_yearly": 0.12,
            "eps_growth_yearly": 266.67
        },
        "20092": {
            "year_quarter": 20092,
            "year": 2009,
            "quarter": 2,
            "eps": -0.23,
            "eps_growth_year": null,
            "eps_4q": -1.55,
            "eps_4q_growth_year": null,
            "roe": -2.46,
            "roe_4q": -13.98,
            "gross_profit": 48011,
            "gross_margin": 15.86,
            "gross_margin_4q_avg": 11.96,
            "net_income": -25866,
            "net_income_4q": null,
            "revenue": 302688,
            "revenue_4q": null,
            "common_shares": 1022516,
            "book_valuer_per_share": 7.87,
            "book_valuer_per_share_4q_avg": 8.34,
            "equity": 1036551,
            "current_ratio": 74.82,
            "debt_ratio": 64.71,
            "inventory_turnover_ratio": 0.4,
            "account_receivable_turnover_ratio": 1.47,
            "reinvestment_rate": null,
            "research_to_sale_ratio": null,
            "price_fair": 4.2,
            "eps_avg_yearly": 0.12,
            "eps_latest_yearly": 0.12,
            "eps_growth_yearly": 800
        },
        "20093": {
            "year_quarter": 20093,
            "year": 2009,
            "quarter": 3,
            "eps": -0.77,
            "eps_growth_year": null,
            "eps_4q": -1.77,
            "eps_4q_growth_year": null,
            "roe": -8.33,
            "roe_4q": -17.78,
            "gross_profit": 25573,
            "gross_margin": 8.06,
            "gross_margin_4q_avg": 10.23,
            "net_income": -82848,
            "net_income_4q": null,
            "revenue": 317422,
            "revenue_4q": null,
            "common_shares": 1022516,
            "book_valuer_per_share": 7.03,
            "book_valuer_per_share_4q_avg": 7.84,
            "equity": 952654,
            "current_ratio": 73.73,
            "debt_ratio": 66.39,
            "inventory_turnover_ratio": 0.49,
            "account_receivable_turnover_ratio": 1.5,
            "reinvestment_rate": null,
            "research_to_sale_ratio": null,
            "price_fair": 0,
            "eps_avg_yearly": 0,
            "eps_latest_yearly": 0,
            "eps_growth_yearly": 0
        },
        "20094": {
            "year_quarter": 20094,
            "year": 2009,
            "quarter": 4,
            "eps": 0.01,
            "eps_growth_year": null,
            "eps_4q": -1.25,
            "eps_4q_growth_year": null,
            "roe": 0.19,
            "roe_4q": -12.900000000000002,
            "gross_profit": 63810,
            "gross_margin": 20.87,
            "gross_margin_4q_avg": 10.87,
            "net_income": 1851,
            "net_income_4q": null,
            "revenue": 305800,
            "revenue_4q": null,
            "common_shares": 1022516,
            "book_valuer_per_share": 7.12,
            "book_valuer_per_share_4q_avg": 7.53,
            "equity": 959247,
            "current_ratio": 70.02,
            "debt_ratio": 66.73,
            "inventory_turnover_ratio": 0.44,
            "account_receivable_turnover_ratio": 2.32,
            "reinvestment_rate": null,
            "research_to_sale_ratio": null,
            "price_fair": 0,
            "eps_avg_yearly": 0,
            "eps_latest_yearly": 0,
            "eps_growth_yearly": 0
        },
        "20101": {
            "year_quarter": 20101,
            "year": 2010,
            "quarter": 1,
            "eps": 0.06,
            "eps_growth_year": null,
            "eps_4q": -0.93,
            "eps_4q_growth_year": null,
            "roe": 0.92,
            "roe_4q": -9.68,
            "gross_profit": 58958,
            "gross_margin": 16.07,
            "gross_margin_4q_avg": 15.22,
            "net_income": 8954,
            "net_income_4q": null,
            "revenue": 366851,
            "revenue_4q": null,
            "common_shares": 1022516,
            "book_valuer_per_share": 7.34,
            "book_valuer_per_share_4q_avg": 7.34,
            "equity": 989615,
            "current_ratio": 82.7,
            "debt_ratio": 66.79,
            "inventory_turnover_ratio": 0.54,
            "account_receivable_turnover_ratio": 1.34,
            "reinvestment_rate": null,
            "research_to_sale_ratio": 0.37,
            "price_fair": 8.4,
            "eps_avg_yearly": 0.24,
            "eps_latest_yearly": 0.24,
            "eps_growth_yearly": 2000
        },
        "20102": {
            "year_quarter": 20102,
            "year": 2010,
            "quarter": 2,
            "eps": -0.21,
            "eps_growth_year": null,
            "eps_4q": -0.9,
            "eps_4q_growth_year": null,
            "roe": -1.74,
            "roe_4q": -8.96,
            "gross_profit": 34181,
            "gross_margin": 9.77,
            "gross_margin_4q_avg": 13.69,
            "net_income": -17158,
            "net_income_4q": null,
            "revenue": 349937,
            "revenue_4q": null,
            "common_shares": 1022516,
            "book_valuer_per_share": 7.17,
            "book_valuer_per_share_4q_avg": 7.17,
            "equity": 983609,
            "current_ratio": 76.45,
            "debt_ratio": 66.83,
            "inventory_turnover_ratio": 0.54,
            "account_receivable_turnover_ratio": 1.13,
            "reinvestment_rate": null,
            "research_to_sale_ratio": 0.4,
            "price_fair": 8.4,
            "eps_avg_yearly": 0.24,
            "eps_latest_yearly": 0.24,
            "eps_growth_yearly": 2000
        },
        "20103": {
            "year_quarter": 20103,
            "year": 2010,
            "quarter": 3,
            "eps": -0.15,
            "eps_growth_year": null,
            "eps_4q": -0.28,
            "eps_4q_growth_year": null,
            "roe": -1.19,
            "roe_4q": -1.8199999999999998,
            "gross_profit": 49865,
            "gross_margin": 12.4,
            "gross_margin_4q_avg": 14.78,
            "net_income": -13842,
            "net_income_4q": null,
            "revenue": 401986,
            "revenue_4q": null,
            "common_shares": 1022516,
            "book_valuer_per_share": 10.67,
            "book_valuer_per_share_4q_avg": 8.08,
            "equity": 1345981,
            "current_ratio": 104.76,
            "debt_ratio": 52.78,
            "inventory_turnover_ratio": 0.59,
            "account_receivable_turnover_ratio": 1.3,
            "reinvestment_rate": null,
            "research_to_sale_ratio": 0.47,
            "price_fair": 8.4,
            "eps_avg_yearly": 0.24,
            "eps_latest_yearly": 0.24,
            "eps_growth_yearly": 2000
        },
        "20104": {
            "year_quarter": 20104,
            "year": 2010,
            "quarter": 4,
            "eps": -0.5,
            "eps_growth_year": -5146.28,
            "eps_4q": -0.8,
            "eps_4q_growth_year": null,
            "roe": -4.18,
            "roe_4q": -6.1899999999999995,
            "gross_profit": 51783,
            "gross_margin": 14.98,
            "gross_margin_4q_avg": 13.31,
            "net_income": -53485,
            "net_income_4q": null,
            "revenue": 345786,
            "revenue_4q": null,
            "common_shares": 1022516,
            "book_valuer_per_share": 9.58,
            "book_valuer_per_share_4q_avg": 8.69,
            "equity": 1212462,
            "current_ratio": 99.86,
            "debt_ratio": 55.62,
            "inventory_turnover_ratio": 0.49,
            "account_receivable_turnover_ratio": 1.18,
            "reinvestment_rate": null,
            "research_to_sale_ratio": 0.66,
            "price_fair": 8.4,
            "eps_avg_yearly": 0.24,
            "eps_latest_yearly": 0.24,
            "eps_growth_yearly": 2000
        },
        "20111": {
            "year_quarter": 20111,
            "year": 2011,
            "quarter": 1,
            "eps": 0.07,
            "eps_growth_year": 16.67,
            "eps_4q": -0.8,
            "eps_4q_growth_year": null,
            "roe": 0.86,
            "roe_4q": -6.25,
            "gross_profit": 59468,
            "gross_margin": 14.71,
            "gross_margin_4q_avg": 12.97,
            "net_income": 10562,
            "net_income_4q": null,
            "revenue": 404291,
            "revenue_4q": null,
            "common_shares": 1022516,
            "book_valuer_per_share": 9.77,
            "book_valuer_per_share_4q_avg": 9.3,
            "equity": 1240984,
            "current_ratio": 121.92,
            "debt_ratio": 56.45,
            "inventory_turnover_ratio": 0.59,
            "account_receivable_turnover_ratio": 1.23,
            "reinvestment_rate": null,
            "research_to_sale_ratio": 0.65,
            "price_fair": 8.4,
            "eps_avg_yearly": 0.24,
            "eps_latest_yearly": 0.24,
            "eps_growth_yearly": 2000
        },
        "20112": {
            "year_quarter": 20112,
            "year": 2011,
            "quarter": 2,
            "eps": 0.27,
            "eps_growth_year": null,
            "eps_4q": -0.32,
            "eps_4q_growth_year": null,
            "roe": 2.43,
            "roe_4q": -2.0799999999999996,
            "gross_profit": 74946,
            "gross_margin": 17.75,
            "gross_margin_4q_avg": 14.96,
            "net_income": 30259,
            "net_income_4q": null,
            "revenue": 422250,
            "revenue_4q": null,
            "common_shares": 1022516,
            "book_valuer_per_share": 9.95,
            "book_valuer_per_share_4q_avg": 9.99,
            "equity": 1251234,
            "current_ratio": 124.13,
            "debt_ratio": 56.57,
            "inventory_turnover_ratio": 0.57,
            "account_receivable_turnover_ratio": 1.09,
            "reinvestment_rate": null,
            "research_to_sale_ratio": 1.21,
            "price_fair": 23.1,
            "eps_avg_yearly": 0.66,
            "eps_latest_yearly": 1.08,
            "eps_growth_yearly": 1571.43
        },
        "20113": {
            "year_quarter": 20113,
            "year": 2011,
            "quarter": 3,
            "eps": 0.15,
            "eps_growth_year": null,
            "eps_4q": -0.02,
            "eps_4q_growth_year": null,
            "roe": 1.33,
            "roe_4q": 0.4400000000000004,
            "gross_profit": 52921,
            "gross_margin": 14.37,
            "gross_margin_4q_avg": 15.45,
            "net_income": 16925,
            "net_income_4q": null,
            "revenue": 368366,
            "revenue_4q": null,
            "common_shares": 1022516,
            "book_valuer_per_share": 10.29,
            "book_valuer_per_share_4q_avg": 9.9,
            "equity": 1287556,
            "current_ratio": 121.35,
            "debt_ratio": 57.01,
            "inventory_turnover_ratio": 0.5,
            "account_receivable_turnover_ratio": 0.9,
            "reinvestment_rate": null,
            "research_to_sale_ratio": 1.25,
            "price_fair": 22.4,
            "eps_avg_yearly": 0.64,
            "eps_latest_yearly": 0.6,
            "eps_growth_yearly": 988.36
        },
        "20114": {
            "year_quarter": 20114,
            "year": 2011,
            "quarter": 4,
            "eps": -0.05,
            "eps_growth_year": null,
            "eps_4q": 0.43,
            "eps_4q_growth_year": null,
            "roe": -0.53,
            "roe_4q": 4.090000000000001,
            "gross_profit": 60386,
            "gross_margin": 14.92,
            "gross_margin_4q_avg": 15.44,
            "net_income": -6732,
            "net_income_4q": null,
            "revenue": 404829,
            "revenue_4q": null,
            "common_shares": 1022516,
            "book_valuer_per_share": 10.23,
            "book_valuer_per_share_4q_avg": 10.06,
            "equity": 1265431,
            "current_ratio": 106.3,
            "debt_ratio": 57.55,
            "inventory_turnover_ratio": 0.55,
            "account_receivable_turnover_ratio": 1.09,
            "reinvestment_rate": null,
            "research_to_sale_ratio": 1.23,
            "price_fair": 22.4,
            "eps_avg_yearly": 0.64,
            "eps_latest_yearly": 0.6,
            "eps_growth_yearly": 988.36
        },
        "20121": {
            "year_quarter": 20121,
            "year": 2012,
            "quarter": 1,
            "eps": 0.05,
            "eps_growth_year": -28.57,
            "eps_4q": 0.41,
            "eps_4q_growth_year": null,
            "roe": 0.47,
            "roe_4q": 3.7,
            "gross_profit": 67441,
            "gross_margin": 17.13,
            "gross_margin_4q_avg": 16.04,
            "net_income": 5897,
            "net_income_4q": null,
            "revenue": 393622,
            "revenue_4q": null,
            "common_shares": 1022516,
            "book_valuer_per_share": 10.25,
            "book_valuer_per_share_4q_avg": 10.18,
            "equity": 1264509,
            "current_ratio": 103.92,
            "debt_ratio": 57.96,
            "inventory_turnover_ratio": 0.51,
            "account_receivable_turnover_ratio": 1.07,
            "reinvestment_rate": null,
            "research_to_sale_ratio": 1.29,
            "price_fair": 22.4,
            "eps_avg_yearly": 0.64,
            "eps_latest_yearly": 0.6,
            "eps_growth_yearly": 988.36
        },
        "20122": {
            "year_quarter": 20122,
            "year": 2012,
            "quarter": 2,
            "eps": 0.02,
            "eps_growth_year": -90.83,
            "eps_4q": 0.17,
            "eps_4q_growth_year": null,
            "roe": 0.13,
            "roe_4q": 1.4,
            "gross_profit": 47881,
            "gross_margin": 12.61,
            "gross_margin_4q_avg": 14.76,
            "net_income": 1660,
            "net_income_4q": null,
            "revenue": 379583,
            "revenue_4q": null,
            "common_shares": 1022516,
            "book_valuer_per_share": 10.18,
            "book_valuer_per_share_4q_avg": 10.24,
            "equity": 1251533,
            "current_ratio": 140.83,
            "debt_ratio": 52.29,
            "inventory_turnover_ratio": 0.51,
            "account_receivable_turnover_ratio": 0.99,
            "reinvestment_rate": null,
            "research_to_sale_ratio": 1.53,
            "price_fair": 17.5,
            "eps_avg_yearly": 0.5,
            "eps_latest_yearly": 0.08,
            "eps_growth_yearly": 681.27
        },
        "20123": {
            "year_quarter": 20123,
            "year": 2012,
            "quarter": 3,
            "eps": -0.12,
            "eps_growth_year": -178.34,
            "eps_4q": -0.09,
            "eps_4q_growth_year": null,
            "roe": -0.95,
            "roe_4q": -0.88,
            "gross_profit": 38626,
            "gross_margin": 9.8,
            "gross_margin_4q_avg": 13.62,
            "net_income": -11832,
            "net_income_4q": null,
            "revenue": 394263,
            "revenue_4q": null,
            "common_shares": 1022516,
            "book_valuer_per_share": 10.12,
            "book_valuer_per_share_4q_avg": 10.2,
            "equity": 1247557,
            "current_ratio": 137.82,
            "debt_ratio": 52.18,
            "inventory_turnover_ratio": 0.56,
            "account_receivable_turnover_ratio": 1.04,
            "reinvestment_rate": null,
            "research_to_sale_ratio": 1.46,
            "price_fair": 17.5,
            "eps_avg_yearly": 0.5,
            "eps_latest_yearly": 0.08,
            "eps_growth_yearly": 681.27
        },
        "20124": {
            "year_quarter": 20124,
            "year": 2012,
            "quarter": 4,
            "eps": -0.55,
            "eps_growth_year": null,
            "eps_4q": -0.58,
            "eps_4q_growth_year": -235.1,
            "roe": -5.62,
            "roe_4q": -5.970000000000001,
            "gross_profit": -12950,
            "gross_margin": -3.14,
            "gross_margin_4q_avg": 9.1,
            "net_income": -76549,
            "net_income_4q": null,
            "revenue": 412125,
            "revenue_4q": null,
            "common_shares": 1222516,
            "book_valuer_per_share": 10.67,
            "book_valuer_per_share_4q_avg": 10.31,
            "equity": 1479011,
            "current_ratio": 161.47,
            "debt_ratio": 40.22,
            "inventory_turnover_ratio": 0.72,
            "account_receivable_turnover_ratio": 1.16,
            "reinvestment_rate": null,
            "research_to_sale_ratio": 1.09,
            "price_fair": 17.5,
            "eps_avg_yearly": 0.5,
            "eps_latest_yearly": 0.08,
            "eps_growth_yearly": 681.27
        },
        "20131": {
            "year_quarter": 20131,
            "year": 2013,
            "quarter": 1,
            "eps": -0.17,
            "eps_growth_year": -440,
            "eps_4q": -0.79,
            "eps_4q_growth_year": -290.77,
            "roe": -1.61,
            "roe_4q": -8.049999999999999,
            "gross_profit": 24558,
            "gross_margin": 7.07,
            "gross_margin_4q_avg": 6.59,
            "net_income": -23671,
            "net_income_4q": null,
            "revenue": 347340,
            "revenue_4q": null,
            "common_shares": 1222516,
            "book_valuer_per_share": 10.52,
            "book_valuer_per_share_4q_avg": 10.37,
            "equity": 1459698,
            "current_ratio": 160.88,
            "debt_ratio": 41.28,
            "inventory_turnover_ratio": 0.62,
            "account_receivable_turnover_ratio": 1.04,
            "reinvestment_rate": null,
            "research_to_sale_ratio": 1.43,
            "price_fair": 17.5,
            "eps_avg_yearly": 0.5,
            "eps_latest_yearly": 0.08,
            "eps_growth_yearly": 681.27
        },
        "20132": {
            "year_quarter": 20132,
            "year": 2013,
            "quarter": 2,
            "eps": -0.09,
            "eps_growth_year": -465.47,
            "eps_4q": -0.9,
            "eps_4q_growth_year": -629,
            "roe": -0.79,
            "roe_4q": -8.969999999999999,
            "gross_profit": 27740,
            "gross_margin": 7.61,
            "gross_margin_4q_avg": 5.34,
            "net_income": -11355,
            "net_income_4q": null,
            "revenue": 364359,
            "revenue_4q": null,
            "common_shares": 1222516,
            "book_valuer_per_share": 10.4,
            "book_valuer_per_share_4q_avg": 10.43,
            "equity": 1412790,
            "current_ratio": 172.9,
            "debt_ratio": 42.67,
            "inventory_turnover_ratio": 0.66,
            "account_receivable_turnover_ratio": 1.02,
            "reinvestment_rate": null,
            "research_to_sale_ratio": 1.38,
            "price_fair": 17.5,
            "eps_avg_yearly": 0.5,
            "eps_latest_yearly": 0.08,
            "eps_growth_yearly": 681.27
        },
        "20133": {
            "year_quarter": 20133,
            "year": 2013,
            "quarter": 3,
            "eps": -0.06,
            "eps_growth_year": null,
            "eps_4q": -0.87,
            "eps_4q_growth_year": null,
            "roe": -0.67,
            "roe_4q": -8.690000000000001,
            "gross_profit": 40418,
            "gross_margin": 11.38,
            "gross_margin_4q_avg": 5.73,
            "net_income": -9336,
            "net_income_4q": null,
            "revenue": 355292,
            "revenue_4q": null,
            "common_shares": 1222516,
            "book_valuer_per_share": 10.17,
            "book_valuer_per_share_4q_avg": 10.44,
            "equity": 1375999,
            "current_ratio": 171.9,
            "debt_ratio": 42.77,
            "inventory_turnover_ratio": 0.63,
            "account_receivable_turnover_ratio": 0.97,
            "reinvestment_rate": null,
            "research_to_sale_ratio": 1.38,
            "price_fair": 17.5,
            "eps_avg_yearly": 0.5,
            "eps_latest_yearly": 0.08,
            "eps_growth_yearly": 681.27
        },
        "20134": {
            "year_quarter": 20134,
            "year": 2013,
            "quarter": 4,
            "eps": -0.37,
            "eps_growth_year": null,
            "eps_4q": -0.69,
            "eps_4q_growth_year": null,
            "roe": -4.03,
            "roe_4q": -7.1000000000000005,
            "gross_profit": 16103,
            "gross_margin": 4.39,
            "gross_margin_4q_avg": 7.61,
            "net_income": -54960,
            "net_income_4q": null,
            "revenue": 366897,
            "revenue_4q": null,
            "common_shares": 1222516,
            "book_valuer_per_share": 10.03,
            "book_valuer_per_share_4q_avg": 10.28,
            "equity": 1349992,
            "current_ratio": 165.19,
            "debt_ratio": 41.3,
            "inventory_turnover_ratio": 0.74,
            "account_receivable_turnover_ratio": 1.05,
            "reinvestment_rate": null,
            "research_to_sale_ratio": 1.4,
            "price_fair": 17.5,
            "eps_avg_yearly": 0.5,
            "eps_latest_yearly": 0.08,
            "eps_growth_yearly": 681.27
        },
        "20141": {
            "year_quarter": 20141,
            "year": 2014,
            "quarter": 1,
            "eps": -0.06,
            "eps_growth_year": null,
            "eps_4q": -0.58,
            "eps_4q_growth_year": null,
            "roe": -0.64,
            "roe_4q": -6.13,
            "gross_profit": 37368,
            "gross_margin": 11.29,
            "gross_margin_4q_avg": 8.67,
            "net_income": -8694,
            "net_income_4q": null,
            "revenue": 331046,
            "revenue_4q": null,
            "common_shares": 1222516,
            "book_valuer_per_share": 10.04,
            "book_valuer_per_share_4q_avg": 10.16,
            "equity": 1353279,
            "current_ratio": 168.87,
            "debt_ratio": 40.16,
            "inventory_turnover_ratio": 0.65,
            "account_receivable_turnover_ratio": 0.98,
            "reinvestment_rate": null,
            "research_to_sale_ratio": 1.19,
            "price_fair": 20.53,
            "eps_avg_yearly": 0.59,
            "eps_latest_yearly": 0.08,
            "eps_growth_yearly": 241.69
        },
        "20142": {
            "year_quarter": 20142,
            "year": 2014,
            "quarter": 2,
            "eps": 0.04,
            "eps_growth_year": null,
            "eps_4q": -0.46,
            "eps_4q_growth_year": null,
            "roe": 0.33,
            "roe_4q": -5.01,
            "gross_profit": 63918,
            "gross_margin": 15.97,
            "gross_margin_4q_avg": 10.76,
            "net_income": 4415,
            "net_income_4q": null,
            "revenue": 400211,
            "revenue_4q": null,
            "common_shares": 1222516,
            "book_valuer_per_share": 10.03,
            "book_valuer_per_share_4q_avg": 10.07,
            "equity": 1351638,
            "current_ratio": 167.48,
            "debt_ratio": 41.15,
            "inventory_turnover_ratio": 0.73,
            "account_receivable_turnover_ratio": 1.06,
            "reinvestment_rate": null,
            "research_to_sale_ratio": 1.49,
            "price_fair": 20.53,
            "eps_avg_yearly": 0.59,
            "eps_latest_yearly": 0.08,
            "eps_growth_yearly": 241.69
        },
        "20143": {
            "year_quarter": 20143,
            "year": 2014,
            "quarter": 3,
            "eps": 0.11,
            "eps_growth_year": null,
            "eps_4q": -0.28,
            "eps_4q_growth_year": null,
            "roe": 0.82,
            "roe_4q": -3.5200000000000005,
            "gross_profit": 74033,
            "gross_margin": 17.51,
            "gross_margin_4q_avg": 12.29,
            "net_income": 11135,
            "net_income_4q": null,
            "revenue": 422724,
            "revenue_4q": null,
            "common_shares": 1222516,
            "book_valuer_per_share": 10.2,
            "book_valuer_per_share_4q_avg": 10.08,
            "equity": 1369291,
            "current_ratio": 161.18,
            "debt_ratio": 42.99,
            "inventory_turnover_ratio": 0.72,
            "account_receivable_turnover_ratio": 1,
            "reinvestment_rate": null,
            "research_to_sale_ratio": 0.19,
            "price_fair": 19.25,
            "eps_avg_yearly": 0.55,
            "eps_latest_yearly": 0.44,
            "eps_growth_yearly": 356.27
        },
        "20144": {
            "year_quarter": 20144,
            "year": 2014,
            "quarter": 4,
            "eps": 0.02,
            "eps_growth_year": null,
            "eps_4q": 0.11,
            "eps_4q_growth_year": null,
            "roe": 0.05,
            "roe_4q": 0.5599999999999999,
            "gross_profit": 68104,
            "gross_margin": 16.51,
            "gross_margin_4q_avg": 15.32,
            "net_income": 675,
            "net_income_4q": null,
            "revenue": 412424,
            "revenue_4q": null,
            "common_shares": 1222516,
            "book_valuer_per_share": 10.13,
            "book_valuer_per_share_4q_avg": 10.1,
            "equity": 1356386,
            "current_ratio": 154.21,
            "debt_ratio": 42.8,
            "inventory_turnover_ratio": 0.68,
            "account_receivable_turnover_ratio": 0.98,
            "reinvestment_rate": null,
            "research_to_sale_ratio": 2.41,
            "price_fair": 15.96,
            "eps_avg_yearly": 0.46,
            "eps_latest_yearly": 0.08,
            "eps_growth_yearly": 219.56
        },
        "20151": {
            "year_quarter": 20151,
            "year": 2015,
            "quarter": 1,
            "eps": 0.05,
            "eps_growth_year": null,
            "eps_4q": 0.22,
            "eps_4q_growth_year": null,
            "roe": 0.39,
            "roe_4q": 1.59,
            "gross_profit": 64325,
            "gross_margin": 17.02,
            "gross_margin_4q_avg": 16.75,
            "net_income": 5344,
            "net_income_4q": null,
            "revenue": 377845,
            "revenue_4q": null,
            "common_shares": 1222516,
            "book_valuer_per_share": 10.32,
            "book_valuer_per_share_4q_avg": 10.17,
            "equity": 1366193,
            "current_ratio": 375.42,
            "debt_ratio": 48.86,
            "inventory_turnover_ratio": 0.61,
            "account_receivable_turnover_ratio": 0.88,
            "reinvestment_rate": null,
            "research_to_sale_ratio": 1.69,
            "price_fair": 14.47,
            "eps_avg_yearly": 0.41,
            "eps_latest_yearly": 0.2,
            "eps_growth_yearly": 282.97
        },
        "20152": {
            "year_quarter": 20152,
            "year": 2015,
            "quarter": 2,
            "eps": 0.04,
            "eps_growth_year": 0,
            "eps_4q": 0.22,
            "eps_4q_growth_year": null,
            "roe": 0.29,
            "roe_4q": 1.5499999999999998,
            "gross_profit": 74782,
            "gross_margin": 17.48,
            "gross_margin_4q_avg": 17.13,
            "net_income": 3995,
            "net_income_4q": null,
            "revenue": 427859,
            "revenue_4q": null,
            "common_shares": 1222557,
            "book_valuer_per_share": 10.23,
            "book_valuer_per_share_4q_avg": 10.22,
            "equity": 1352331,
            "current_ratio": 333.7,
            "debt_ratio": 50.27,
            "inventory_turnover_ratio": 0.67,
            "account_receivable_turnover_ratio": 0.95,
            "reinvestment_rate": null,
            "research_to_sale_ratio": 1.38,
            "price_fair": 9.1,
            "eps_avg_yearly": 0.26,
            "eps_latest_yearly": 0.16,
            "eps_growth_yearly": 79.16
        },
        "20153": {
            "year_quarter": 20153,
            "year": 2015,
            "quarter": 3,
            "eps": 0.18,
            "eps_growth_year": 63.64,
            "eps_4q": 0.29,
            "eps_4q_growth_year": null,
            "roe": 1.63,
            "roe_4q": 2.36,
            "gross_profit": 67481,
            "gross_margin": 18.57,
            "gross_margin_4q_avg": 17.4,
            "net_income": 22093,
            "net_income_4q": null,
            "revenue": 363336,
            "revenue_4q": null,
            "common_shares": 1222557,
            "book_valuer_per_share": 10.33,
            "book_valuer_per_share_4q_avg": 10.25,
            "equity": 1355542,
            "current_ratio": 374.13,
            "debt_ratio": 49.2,
            "inventory_turnover_ratio": 0.56,
            "account_receivable_turnover_ratio": 0.81,
            "reinvestment_rate": null,
            "research_to_sale_ratio": 1.73,
            "price_fair": 9.8,
            "eps_avg_yearly": 0.28,
            "eps_latest_yearly": 0.72,
            "eps_growth_yearly": 342.12
        },
        "20154": {
            "year_quarter": 20154,
            "year": 2015,
            "quarter": 4,
            "eps": 0.02,
            "eps_growth_year": 6.99,
            "eps_4q": 0.29,
            "eps_4q_growth_year": 168.73,
            "roe": 0.08,
            "roe_4q": 2.39,
            "gross_profit": 68301,
            "gross_margin": 17.93,
            "gross_margin_4q_avg": 17.75,
            "net_income": 1116,
            "net_income_4q": null,
            "revenue": 380856,
            "revenue_4q": null,
            "common_shares": 1222557,
            "book_valuer_per_share": 10.27,
            "book_valuer_per_share_4q_avg": 10.29,
            "equity": 1348008,
            "current_ratio": 309.36,
            "debt_ratio": 50.98,
            "inventory_turnover_ratio": 0.6,
            "account_receivable_turnover_ratio": 0.88,
            "reinvestment_rate": null,
            "research_to_sale_ratio": 3.76,
            "price_fair": 8.8,
            "eps_avg_yearly": 0.25,
            "eps_latest_yearly": 0.08,
            "eps_growth_yearly": 242.45
        },
        "20161": {
            "year_quarter": 20161,
            "year": 2016,
            "quarter": 1,
            "eps": 0.05,
            "eps_growth_year": 0,
            "eps_4q": 0.29,
            "eps_4q_growth_year": 29,
            "roe": 0.55,
            "roe_4q": 2.55,
            "gross_profit": 80559,
            "gross_margin": 19.48,
            "gross_margin_4q_avg": 18.37,
            "net_income": 7508,
            "net_income_4q": null,
            "revenue": 413601,
            "revenue_4q": null,
            "common_shares": 1222557,
            "book_valuer_per_share": 10.49,
            "book_valuer_per_share_4q_avg": 10.33,
            "equity": 1382601,
            "current_ratio": 314.23,
            "debt_ratio": 50.49,
            "inventory_turnover_ratio": 0.64,
            "account_receivable_turnover_ratio": 0.94,
            "reinvestment_rate": null,
            "research_to_sale_ratio": 2.11,
            "price_fair": 8.58,
            "eps_avg_yearly": 0.25,
            "eps_latest_yearly": 0.2,
            "eps_growth_yearly": 287.15
        },
        "20162": {
            "year_quarter": 20162,
            "year": 2016,
            "quarter": 2,
            "eps": 0.03,
            "eps_growth_year": -25,
            "eps_4q": 0.29,
            "eps_4q_growth_year": 30.39,
            "roe": 0.32,
            "roe_4q": 2.58,
            "gross_profit": 78022,
            "gross_margin": 18.88,
            "gross_margin_4q_avg": 18.72,
            "net_income": 4405,
            "net_income_4q": null,
            "revenue": 413180,
            "revenue_4q": null,
            "common_shares": 1222557,
            "book_valuer_per_share": 10.37,
            "book_valuer_per_share_4q_avg": 10.37,
            "equity": 1362399,
            "current_ratio": 352,
            "debt_ratio": 49.5,
            "inventory_turnover_ratio": 0.64,
            "account_receivable_turnover_ratio": 0.93,
            "reinvestment_rate": null,
            "research_to_sale_ratio": 2.31,
            "price_fair": 8.75,
            "eps_avg_yearly": 0.25,
            "eps_latest_yearly": 0.12,
            "eps_growth_yearly": 297.15
        },
        "20163": {
            "year_quarter": 20163,
            "year": 2016,
            "quarter": 3,
            "eps": 0.01,
            "eps_growth_year": -94.44,
            "eps_4q": 0.12,
            "eps_4q_growth_year": -59.61,
            "roe": 0.18,
            "roe_4q": 1.1300000000000001,
            "gross_profit": 56957,
            "gross_margin": 16.71,
            "gross_margin_4q_avg": 18.25,
            "net_income": 2464,
            "net_income_4q": null,
            "revenue": 340860,
            "revenue_4q": null,
            "common_shares": 1222557,
            "book_valuer_per_share": 10.14,
            "book_valuer_per_share_4q_avg": 10.32,
            "equity": 1330159,
            "current_ratio": 376.1,
            "debt_ratio": 49.29,
            "inventory_turnover_ratio": 0.56,
            "account_receivable_turnover_ratio": 0.83,
            "reinvestment_rate": null,
            "research_to_sale_ratio": 2.5,
            "price_fair": 7.93,
            "eps_avg_yearly": 0.23,
            "eps_latest_yearly": 0.04,
            "eps_growth_yearly": 234.5
        },
        "20164": {
            "year_quarter": 20164,
            "year": 2016,
            "quarter": 4,
            "eps": 0.07,
            "eps_growth_year": 247.41,
            "eps_4q": 0.17,
            "eps_4q_growth_year": -42.41,
            "roe": 0.6,
            "roe_4q": 1.6500000000000001,
            "gross_profit": 83895,
            "gross_margin": 20.74,
            "gross_margin_4q_avg": 18.95,
            "net_income": 7925,
            "net_income_4q": null,
            "revenue": 404416,
            "revenue_4q": null,
            "common_shares": 1222557,
            "book_valuer_per_share": 10.02,
            "book_valuer_per_share_4q_avg": 10.26,
            "equity": 1310983,
            "current_ratio": 258.48,
            "debt_ratio": 51.42,
            "inventory_turnover_ratio": 0.63,
            "account_receivable_turnover_ratio": 0.93,
            "reinvestment_rate": null,
            "research_to_sale_ratio": 0.71,
            "price_fair": 8.12,
            "eps_avg_yearly": 0.23,
            "eps_latest_yearly": 0.28,
            "eps_growth_yearly": 451.05
        },
        "20171": {
            "year_quarter": 20171,
            "year": 2017,
            "quarter": 1,
            "eps": 0.18,
            "eps_growth_year": 260,
            "eps_4q": 0.3,
            "eps_4q_growth_year": 3.13,
            "roe": 1.89,
            "roe_4q": 2.9899999999999998,
            "gross_profit": 59124,
            "gross_margin": 16.61,
            "gross_margin_4q_avg": 18.24,
            "net_income": 24858,
            "net_income_4q": null,
            "revenue": 356056,
            "revenue_4q": null,
            "common_shares": 1222557,
            "book_valuer_per_share": 10.03,
            "book_valuer_per_share_4q_avg": 10.14,
            "equity": 1314201,
            "current_ratio": 116.54,
            "debt_ratio": 53.09,
            "inventory_turnover_ratio": 0.58,
            "account_receivable_turnover_ratio": 0.76,
            "reinvestment_rate": -554.21,
            "research_to_sale_ratio": 1.89,
            "price_fair": 9.67,
            "eps_avg_yearly": 0.28,
            "eps_latest_yearly": 0.72,
            "eps_growth_yearly": 467.19
        },
        "20172": {
            "year_quarter": 20172,
            "year": 2017,
            "quarter": 2,
            "eps": 0,
            "eps_growth_year": -100,
            "eps_4q": 0.26,
            "eps_4q_growth_year": -9.18,
            "roe": 0.09,
            "roe_4q": 2.7600000000000002,
            "gross_profit": 59392,
            "gross_margin": 17.33,
            "gross_margin_4q_avg": 17.85,
            "net_income": 1236,
            "net_income_4q": null,
            "revenue": 342641,
            "revenue_4q": null,
            "common_shares": 1222557,
            "book_valuer_per_share": 10.17,
            "book_valuer_per_share_4q_avg": 10.09,
            "equity": 1334340,
            "current_ratio": 114.01,
            "debt_ratio": 53.48,
            "inventory_turnover_ratio": 0.55,
            "account_receivable_turnover_ratio": 0.8,
            "reinvestment_rate": -213.39,
            "research_to_sale_ratio": 1.82,
            "price_fair": 9.67,
            "eps_avg_yearly": 0.28,
            "eps_latest_yearly": 0.72,
            "eps_growth_yearly": 467.19
        },
        "20173": {
            "year_quarter": 20173,
            "year": 2017,
            "quarter": 3,
            "eps": -0.13,
            "eps_growth_year": -1400,
            "eps_4q": 0.12,
            "eps_4q_growth_year": 4.74,
            "roe": -1.19,
            "roe_4q": 1.3900000000000001,
            "gross_profit": 54671,
            "gross_margin": 17.03,
            "gross_margin_4q_avg": 17.93,
            "net_income": -15879,
            "net_income_4q": null,
            "revenue": 321035,
            "revenue_4q": null,
            "common_shares": 1222557,
            "book_valuer_per_share": 10.12,
            "book_valuer_per_share_4q_avg": 10.09,
            "equity": 1329290,
            "current_ratio": 109.45,
            "debt_ratio": 53.97,
            "inventory_turnover_ratio": 0.5,
            "account_receivable_turnover_ratio": 0.81,
            "reinvestment_rate": -136.63,
            "research_to_sale_ratio": 3,
            "price_fair": 9.67,
            "eps_avg_yearly": 0.28,
            "eps_latest_yearly": 0.72,
            "eps_growth_yearly": 467.19
        },
        "20174": {
            "year_quarter": 20174,
            "year": 2017,
            "quarter": 4,
            "eps": -0.17,
            "eps_growth_year": -348.5,
            "eps_4q": -0.12,
            "eps_4q_growth_year": -174.6,
            "roe": -1.68,
            "roe_4q": -0.8900000000000003,
            "gross_profit": 46853,
            "gross_margin": 13.65,
            "gross_margin_4q_avg": 16.16,
            "net_income": -22267,
            "net_income_4q": null,
            "revenue": 343227,
            "revenue_4q": null,
            "common_shares": 1224405,
            "book_valuer_per_share": 10,
            "book_valuer_per_share_4q_avg": 10.08,
            "equity": 1318343,
            "current_ratio": 101.82,
            "debt_ratio": 55.23,
            "inventory_turnover_ratio": 0.56,
            "account_receivable_turnover_ratio": 0.86,
            "reinvestment_rate": 50.5,
            "research_to_sale_ratio": 2.93,
            "price_fair": 9.67,
            "eps_avg_yearly": 0.28,
            "eps_latest_yearly": 0.72,
            "eps_growth_yearly": 467.19
        },
        "20181": {
            "year_quarter": 20181,
            "year": 2018,
            "quarter": 1,
            "eps": 0.1,
            "eps_growth_year": -44.44,
            "eps_4q": -0.21,
            "eps_4q_growth_year": -170.32,
            "roe": 0.71,
            "roe_4q": -2.0700000000000003,
            "gross_profit": 28644,
            "gross_margin": 8.95,
            "gross_margin_4q_avg": 14.24,
            "net_income": 9478,
            "net_income_4q": null,
            "revenue": 320007,
            "revenue_4q": null,
            "common_shares": 1225043,
            "book_valuer_per_share": 10.24,
            "book_valuer_per_share_4q_avg": 10.13,
            "equity": 1348195,
            "current_ratio": 105.25,
            "debt_ratio": 52.21,
            "inventory_turnover_ratio": 0.55,
            "account_receivable_turnover_ratio": 0.75,
            "reinvestment_rate": 119.72,
            "research_to_sale_ratio": 4.01,
            "price_fair": 9.67,
            "eps_avg_yearly": 0.28,
            "eps_latest_yearly": 0.72,
            "eps_growth_yearly": 467.19
        },
        "20182": {
            "year_quarter": 20182,
            "year": 2018,
            "quarter": 2,
            "eps": -0.23,
            "eps_growth_year": null,
            "eps_4q": -0.44,
            "eps_4q_growth_year": -269,
            "roe": -2.29,
            "roe_4q": -4.449999999999999,
            "gross_profit": 33181,
            "gross_margin": 10.89,
            "gross_margin_4q_avg": 12.63,
            "net_income": -30565,
            "net_income_4q": null,
            "revenue": 304720,
            "revenue_4q": null,
            "common_shares": 1225043,
            "book_valuer_per_share": 10,
            "book_valuer_per_share_4q_avg": 10.09,
            "equity": 1317136,
            "current_ratio": 146.29,
            "debt_ratio": 52.5,
            "inventory_turnover_ratio": 0.52,
            "account_receivable_turnover_ratio": 0.72,
            "reinvestment_rate": 326.56,
            "research_to_sale_ratio": 3.12,
            "price_fair": 9.67,
            "eps_avg_yearly": 0.28,
            "eps_latest_yearly": 0.72,
            "eps_growth_yearly": 467.19
        },
        "20183": {
            "year_quarter": 20183,
            "year": 2018,
            "quarter": 3,
            "eps": 0.15,
            "eps_growth_year": null,
            "eps_4q": -0.16,
            "eps_4q_growth_year": -233.14,
            "roe": 1.23,
            "roe_4q": -2.0300000000000002,
            "gross_profit": 35699,
            "gross_margin": 12.17,
            "gross_margin_4q_avg": 11.42,
            "net_income": 16207,
            "net_income_4q": null,
            "revenue": 293366,
            "revenue_4q": null,
            "common_shares": 1225043,
            "book_valuer_per_share": 10.01,
            "book_valuer_per_share_4q_avg": 10.06,
            "equity": 1313546,
            "current_ratio": 150.85,
            "debt_ratio": 54.35,
            "inventory_turnover_ratio": 0.5,
            "account_receivable_turnover_ratio": 0.73,
            "reinvestment_rate": 418.7,
            "research_to_sale_ratio": 3.65,
            "price_fair": 9.1,
            "eps_avg_yearly": 0.26,
            "eps_latest_yearly": 0.72,
            "eps_growth_yearly": 443.91
        },
        "20184": {
            "year_quarter": 20184,
            "year": 2018,
            "quarter": 4,
            "eps": -0.96,
            "eps_growth_year": null,
            "eps_4q": -0.95,
            "eps_4q_growth_year": null,
            "roe": -10.1,
            "roe_4q": -10.45,
            "gross_profit": -32301,
            "gross_margin": -11.33,
            "gross_margin_4q_avg": 5.17,
            "net_income": -129952,
            "net_income_4q": null,
            "revenue": 285030,
            "revenue_4q": null,
            "common_shares": 1227735,
            "book_valuer_per_share": 9.09,
            "book_valuer_per_share_4q_avg": 9.84,
            "equity": 1259316,
            "current_ratio": 117.44,
            "debt_ratio": 57.91,
            "inventory_turnover_ratio": 0.61,
            "account_receivable_turnover_ratio": 0.75,
            "reinvestment_rate": null,
            "research_to_sale_ratio": 5.23,
            "price_fair": 9.8,
            "eps_avg_yearly": 0.28,
            "eps_latest_yearly": 0.72,
            "eps_growth_yearly": 529.59
        },
        "20191": {
            "year_quarter": 20191,
            "year": 2019,
            "quarter": 1,
            "eps": -0.2,
            "eps_growth_year": -300,
            "eps_4q": -1.24,
            "eps_4q_growth_year": null,
            "roe": -2.42,
            "roe_4q": -13.579999999999998,
            "gross_profit": 39422,
            "gross_margin": 13.39,
            "gross_margin_4q_avg": 6.28,
            "net_income": -30383,
            "net_income_4q": null,
            "revenue": 294414,
            "revenue_4q": null,
            "common_shares": 1228555,
            "book_valuer_per_share": 9.02,
            "book_valuer_per_share_4q_avg": 9.53,
            "equity": 1249368,
            "current_ratio": 112.54,
            "debt_ratio": 61.32,
            "inventory_turnover_ratio": 0.45,
            "account_receivable_turnover_ratio": 0.74,
            "reinvestment_rate": null,
            "research_to_sale_ratio": 6.57,
            "price_fair": 10.15,
            "eps_avg_yearly": 0.29,
            "eps_latest_yearly": 0.72,
            "eps_growth_yearly": 520.79
        },
        "20192": {
            "year_quarter": 20192,
            "year": 2019,
            "quarter": 2,
            "eps": -0.31,
            "eps_growth_year": null,
            "eps_4q": -1.32,
            "eps_4q_growth_year": null,
            "roe": -4.27,
            "roe_4q": -15.559999999999999,
            "gross_profit": 23294,
            "gross_margin": 6.99,
            "gross_margin_4q_avg": 5.31,
            "net_income": -52092,
            "net_income_4q": null,
            "revenue": 333437,
            "revenue_4q": null,
            "common_shares": 1228555,
            "book_valuer_per_share": 8.67,
            "book_valuer_per_share_4q_avg": 9.2,
            "equity": 1190884,
            "current_ratio": 106.02,
            "debt_ratio": 61.6,
            "inventory_turnover_ratio": 0.52,
            "account_receivable_turnover_ratio": 0.8,
            "reinvestment_rate": null,
            "research_to_sale_ratio": 5.45,
            "price_fair": 10.8,
            "eps_avg_yearly": 0.31,
            "eps_latest_yearly": 0.72,
            "eps_growth_yearly": 606.62
        },
        "20193": {
            "year_quarter": 20193,
            "year": 2019,
            "quarter": 3,
            "eps": -0.86,
            "eps_growth_year": -673.33,
            "eps_4q": -2.33,
            "eps_4q_growth_year": null,
            "roe": -10.37,
            "roe_4q": -27.159999999999997,
            "gross_profit": 26539,
            "gross_margin": 8.75,
            "gross_margin_4q_avg": 4.45,
            "net_income": -116475,
            "net_income_4q": null,
            "revenue": 303379,
            "revenue_4q": null,
            "common_shares": 1228555,
            "book_valuer_per_share": 7.66,
            "book_valuer_per_share_4q_avg": 8.61,
            "equity": 1054977,
            "current_ratio": 93.89,
            "debt_ratio": 64.59,
            "inventory_turnover_ratio": 0.47,
            "account_receivable_turnover_ratio": 0.77,
            "reinvestment_rate": null,
            "research_to_sale_ratio": 5.98,
            "price_fair": 8.4,
            "eps_avg_yearly": 0.24,
            "eps_latest_yearly": 0.72,
            "eps_growth_yearly": 474.39
        },
        "20194": {
            "year_quarter": 20194,
            "year": 2019,
            "quarter": 4,
            "eps": -1.15,
            "eps_growth_year": null,
            "eps_4q": -2.51,
            "eps_4q_growth_year": null,
            "roe": -17.37,
            "roe_4q": -34.43000000000001,
            "gross_profit": -16293,
            "gross_margin": -6.64,
            "gross_margin_4q_avg": 5.62,
            "net_income": -168179,
            "net_income_4q": null,
            "revenue": 245283,
            "revenue_4q": null,
            "common_shares": 1231618,
            "book_valuer_per_share": 6.46,
            "book_valuer_per_share_4q_avg": 7.95,
            "equity": 881930,
            "current_ratio": 87.75,
            "debt_ratio": 67.69,
            "inventory_turnover_ratio": 0.48,
            "account_receivable_turnover_ratio": 0.73,
            "reinvestment_rate": null,
            "research_to_sale_ratio": 4.72,
            "price_fair": 9.52,
            "eps_avg_yearly": 0.27,
            "eps_latest_yearly": 0.72,
            "eps_growth_yearly": 640.38
        },
        "20201": {
            "year_quarter": 20201,
            "year": 2020,
            "quarter": 1,
            "eps": -0.66,
            "eps_growth_year": null,
            "eps_4q": -2.97,
            "eps_4q_growth_year": null,
            "roe": -11.05,
            "roe_4q": -43.06,
            "gross_profit": 108,
            "gross_margin": 0.04,
            "gross_margin_4q_avg": 2.29,
            "net_income": -91423,
            "net_income_4q": null,
            "revenue": 249679,
            "revenue_4q": null,
            "common_shares": 1231618,
            "book_valuer_per_share": 5.68,
            "book_valuer_per_share_4q_avg": 7.12,
            "equity": 773068,
            "current_ratio": 82.06,
            "debt_ratio": 69.84,
            "inventory_turnover_ratio": 0.5,
            "account_receivable_turnover_ratio": 0.89,
            "reinvestment_rate": null,
            "research_to_sale_ratio": 4.53,
            "price_fair": 10.15,
            "eps_avg_yearly": 0.29,
            "eps_latest_yearly": 0.72,
            "eps_growth_yearly": 650.48
        },
        "20202": {
            "year_quarter": 20202,
            "year": 2020,
            "quarter": 2,
            "eps": -0.89,
            "eps_growth_year": null,
            "eps_4q": -2.84,
            "eps_4q_growth_year": null,
            "roe": -19.95,
            "roe_4q": -58.74,
            "gross_profit": -5581,
            "gross_margin": -2.87,
            "gross_margin_4q_avg": -0.18,
            "net_income": -175957,
            "net_income_4q": null,
            "revenue": 194238,
            "revenue_4q": null,
            "common_shares": 1631618,
            "book_valuer_per_share": 5.86,
            "book_valuer_per_share_4q_avg": 6.42,
            "equity": 990909,
            "current_ratio": 115.8,
            "debt_ratio": 59.36,
            "inventory_turnover_ratio": 0.43,
            "account_receivable_turnover_ratio": 0.81,
            "reinvestment_rate": null,
            "research_to_sale_ratio": 3.83,
            "price_fair": 12.13,
            "eps_avg_yearly": 0.35,
            "eps_latest_yearly": 0.72,
            "eps_growth_yearly": 920.63
        },
        "20203": {
            "year_quarter": 20203,
            "year": 2020,
            "quarter": 3,
            "eps": -0.43,
            "eps_growth_year": null,
            "eps_4q": -2.62,
            "eps_4q_growth_year": null,
            "roe": -6.01,
            "roe_4q": -54.38000000000001,
            "gross_profit": 10228,
            "gross_margin": 5.11,
            "gross_margin_4q_avg": -1.09,
            "net_income": -58073,
            "net_income_4q": null,
            "revenue": 200089,
            "revenue_4q": null,
            "common_shares": 1631618,
            "book_valuer_per_share": 5.48,
            "book_valuer_per_share_4q_avg": 5.87,
            "equity": 943078,
            "current_ratio": 115.99,
            "debt_ratio": 59.24,
            "inventory_turnover_ratio": 0.43,
            "account_receivable_turnover_ratio": 0.98,
            "reinvestment_rate": null,
            "research_to_sale_ratio": 3.73,
            "price_fair": 17.5,
            "eps_avg_yearly": 0.5,
            "eps_latest_yearly": 0.72,
            "eps_growth_yearly": 1514.29
        },
        "20204": {
            "year_quarter": 20204,
            "year": 2020,
            "quarter": 4,
            "eps": -0.27,
            "eps_growth_year": null,
            "eps_4q": -2.02,
            "eps_4q_growth_year": null,
            "roe": -4.87,
            "roe_4q": -41.879999999999995,
            "gross_profit": 13823,
            "gross_margin": 6.53,
            "gross_margin_4q_avg": 2.2,
            "net_income": -44908,
            "net_income_4q": null,
            "revenue": 211845,
            "revenue_4q": null,
            "common_shares": 1631618,
            "book_valuer_per_share": 5.23,
            "book_valuer_per_share_4q_avg": 5.56,
            "equity": 902840,
            "current_ratio": 112.9,
            "debt_ratio": 60.57,
            "inventory_turnover_ratio": 0.47,
            "account_receivable_turnover_ratio": 1.09,
            "reinvestment_rate": null,
            "research_to_sale_ratio": 3.77,
            "price_fair": 25.2,
            "eps_avg_yearly": 0.72,
            "eps_latest_yearly": 0.72,
            "eps_growth_yearly": 628.57
        },
        "20211": {
            "year_quarter": 20211,
            "year": 2021,
            "quarter": 1,
            "eps": -0.05,
            "eps_growth_year": null,
            "eps_4q": -1.57,
            "eps_4q_growth_year": null,
            "roe": -0.09,
            "roe_4q": -30.919999999999998,
            "gross_profit": 35118,
            "gross_margin": 13.73,
            "gross_margin_4q_avg": 5.63,
            "net_income": -824,
            "net_income_4q": null,
            "revenue": 255725,
            "revenue_4q": null,
            "common_shares": 1631618,
            "book_valuer_per_share": 5.16,
            "book_valuer_per_share_4q_avg": 5.43,
            "equity": 896567,
            "current_ratio": 145.03,
            "debt_ratio": 59.5,
            "inventory_turnover_ratio": 0.55,
            "account_receivable_turnover_ratio": 1.16,
            "reinvestment_rate": null,
            "research_to_sale_ratio": 2.68,
            "price_fair": 0,
            "eps_avg_yearly": 0,
            "eps_latest_yearly": 0,
            "eps_growth_yearly": 0
        },
        "20212": {
            "year_quarter": 20212,
            "year": 2021,
            "quarter": 2,
            "eps": -0.07,
            "eps_growth_year": null,
            "eps_4q": -0.82,
            "eps_4q_growth_year": null,
            "roe": -1.25,
            "roe_4q": -12.219999999999999,
            "gross_profit": 46939,
            "gross_margin": 19.28,
            "gross_margin_4q_avg": 11.16,
            "net_income": -11084,
            "net_income_4q": null,
            "revenue": 243396,
            "revenue_4q": null,
            "common_shares": 1631618,
            "book_valuer_per_share": 5.04,
            "book_valuer_per_share_4q_avg": 5.23,
            "equity": 875419,
            "current_ratio": 136.04,
            "debt_ratio": 60.51,
            "inventory_turnover_ratio": 0.48,
            "account_receivable_turnover_ratio": 1.02,
            "reinvestment_rate": null,
            "research_to_sale_ratio": 3.26,
            "price_fair": 0,
            "eps_avg_yearly": 0,
            "eps_latest_yearly": 0,
            "eps_growth_yearly": 0
        },
        "20213": {
            "year_quarter": 20213,
            "year": 2021,
            "quarter": 3,
            "eps": 0.01,
            "eps_growth_year": null,
            "eps_4q": -0.37,
            "eps_4q_growth_year": null,
            "roe": 0.58,
            "roe_4q": -5.63,
            "gross_profit": 43382,
            "gross_margin": 15.39,
            "gross_margin_4q_avg": 13.73,
            "net_income": 5121,
            "net_income_4q": null,
            "revenue": 281854,
            "revenue_4q": null,
            "common_shares": 1631618,
            "book_valuer_per_share": 5.04,
            "book_valuer_per_share_4q_avg": 5.12,
            "equity": 878523,
            "current_ratio": 138.79,
            "debt_ratio": 59.91,
            "inventory_turnover_ratio": 0.55,
            "account_receivable_turnover_ratio": 1.12,
            "reinvestment_rate": null,
            "research_to_sale_ratio": 2.3,
            "price_fair": 0,
            "eps_avg_yearly": 0,
            "eps_latest_yearly": 0,
            "eps_growth_yearly": 0
        },
        "20214": {
            "year_quarter": 20214,
            "year": 2021,
            "quarter": 4,
            "eps": 0.33,
            "eps_growth_year": null,
            "eps_4q": 0.24,
            "eps_4q_growth_year": null,
            "roe": 5.69,
            "roe_4q": 4.930000000000001,
            "gross_profit": 28586,
            "gross_margin": 10.1,
            "gross_margin_4q_avg": 14.63,
            "net_income": 55834,
            "net_income_4q": null,
            "revenue": 283162,
            "revenue_4q": null,
            "common_shares": 1791618,
            "book_valuer_per_share": 5.77,
            "book_valuer_per_share_4q_avg": 5.25,
            "equity": 1085586,
            "current_ratio": 148.09,
            "debt_ratio": 55.37,
            "inventory_turnover_ratio": 0.6,
            "account_receivable_turnover_ratio": 1.06,
            "reinvestment_rate": null,
            "research_to_sale_ratio": 2.36,
            "price_fair": 46.2,
            "eps_avg_yearly": 1.32,
            "eps_latest_yearly": 1.32,
            "eps_growth_yearly": 12800
        },
        "20221": {
            "year_quarter": 20221,
            "year": 2022,
            "quarter": 1,
            "eps": 0.06,
            "eps_growth_year": null,
            "eps_4q": 0.34,
            "eps_4q_growth_year": null,
            "roe": 1.01,
            "roe_4q": 6.03,
            "gross_profit": 49810,
            "gross_margin": 17.57,
            "gross_margin_4q_avg": 15.59,
            "net_income": 11118,
            "net_income_4q": null,
            "revenue": 283446,
            "revenue_4q": null,
            "common_shares": 1791618,
            "book_valuer_per_share": 5.92,
            "book_valuer_per_share_4q_avg": 5.44,
            "equity": 1113910,
            "current_ratio": 165.32,
            "debt_ratio": 54.05,
            "inventory_turnover_ratio": 0.55,
            "account_receivable_turnover_ratio": 1.06,
            "reinvestment_rate": null,
            "research_to_sale_ratio": 2.41,
            "price_fair": 27.3,
            "eps_avg_yearly": 0.78,
            "eps_latest_yearly": 0.24,
            "eps_growth_yearly": 6236.36
        },
        "20222": {
            "year_quarter": 20222,
            "year": 2022,
            "quarter": 2,
            "eps": 0.08,
            "eps_growth_year": null,
            "eps_4q": 0.34,
            "eps_4q_growth_year": null,
            "roe": 1.16,
            "roe_4q": 8.44,
            "gross_profit": 57937,
            "gross_margin": 18.76,
            "gross_margin_4q_avg": 15.46,
            "net_income": 18556,
            "net_income_4q": null,
            "revenue": 308828,
            "revenue_4q": null,
            "common_shares": 2631618,
            "book_valuer_per_share": 7.67,
            "book_valuer_per_share_4q_avg": 6.1,
            "equity": 2071758,
            "current_ratio": 349.32,
            "debt_ratio": 21.28,
            "inventory_turnover_ratio": 0.58,
            "account_receivable_turnover_ratio": 1.24,
            "reinvestment_rate": null,
            "research_to_sale_ratio": 1.53,
            "price_fair": 21.93,
            "eps_avg_yearly": 0.63,
            "eps_latest_yearly": 0.32,
            "eps_growth_yearly": 4202.02
        },
        "20223": {
            "year_quarter": 20223,
            "year": 2022,
            "quarter": 3,
            "eps": 0.17,
            "eps_growth_year": 1600,
            "eps_4q": 0.5,
            "eps_4q_growth_year": null,
            "roe": 1.85,
            "roe_4q": 9.71,
            "gross_profit": 31509,
            "gross_margin": 11.83,
            "gross_margin_4q_avg": 14.57,
            "net_income": 38984,
            "net_income_4q": null,
            "revenue": 266270,
            "revenue_4q": null,
            "common_shares": 2637768,
            "book_valuer_per_share": 7.84,
            "book_valuer_per_share_4q_avg": 6.8,
            "equity": 2133773,
            "current_ratio": 315.37,
            "debt_ratio": 18.2,
            "inventory_turnover_ratio": 0.56,
            "account_receivable_turnover_ratio": 1.13,
            "reinvestment_rate": null,
            "research_to_sale_ratio": 1.44,
            "price_fair": 22.4,
            "eps_avg_yearly": 0.64,
            "eps_latest_yearly": 0.68,
            "eps_growth_yearly": 3264.02
        },
        "20224": {
            "year_quarter": 20224,
            "year": 2022,
            "quarter": 4,
            "eps": 0.08,
            "eps_growth_year": -75.96,
            "eps_4q": 0.34,
            "eps_4q_growth_year": 42.7,
            "roe": 1.03,
            "roe_4q": 5.05,
            "gross_profit": 63362,
            "gross_margin": 22.38,
            "gross_margin_4q_avg": 17.64,
            "net_income": 23257,
            "net_income_4q": null,
            "revenue": 283074,
            "revenue_4q": null,
            "common_shares": 2787768,
            "book_valuer_per_share": 8.36,
            "book_valuer_per_share_4q_avg": 7.45,
            "equity": 2400784,
            "current_ratio": 323.17,
            "debt_ratio": 14.95,
            "inventory_turnover_ratio": 0.52,
            "account_receivable_turnover_ratio": 1.16,
            "reinvestment_rate": null,
            "research_to_sale_ratio": 0.95,
            "price_fair": 20.16,
            "eps_avg_yearly": 0.58,
            "eps_latest_yearly": 0.32,
            "eps_growth_yearly": 2568.86
        },
        "20231": {
            "year_quarter": 20231,
            "year": 2023,
            "quarter": 1,
            "eps": 0.09,
            "eps_growth_year": 50,
            "eps_4q": 0.35,
            "eps_4q_growth_year": 2.65,
            "roe": 0.88,
            "roe_4q": 4.92,
            "gross_profit": 44719,
            "gross_margin": 16.1,
            "gross_margin_4q_avg": 17.27,
            "net_income": 22639,
            "net_income_4q": null,
            "revenue": 277691,
            "revenue_4q": null,
            "common_shares": 2997768,
            "book_valuer_per_share": 8.86,
            "book_valuer_per_share_4q_avg": 8.18,
            "equity": 2728774,
            "current_ratio": 388.78,
            "debt_ratio": 13.25,
            "inventory_turnover_ratio": 0.54,
            "account_receivable_turnover_ratio": 1.14,
            "reinvestment_rate": null,
            "research_to_sale_ratio": 0.99,
            "price_fair": 18.9,
            "eps_avg_yearly": 0.54,
            "eps_latest_yearly": 0.36,
            "eps_growth_yearly": 2149.05
        },
        "20232": {
            "year_quarter": 20232,
            "year": 2023,
            "quarter": 2,
            "eps": 0.08,
            "eps_growth_year": 0,
            "eps_4q": 0.37,
            "eps_4q_growth_year": 7.75,
            "roe": 0.86,
            "roe_4q": 4.62,
            "gross_profit": 44884,
            "gross_margin": 15.63,
            "gross_margin_4q_avg": 16.49,
            "net_income": 23427,
            "net_income_4q": null,
            "revenue": 287120,
            "revenue_4q": null,
            "common_shares": 3001115,
            "book_valuer_per_share": 8.91,
            "book_valuer_per_share_4q_avg": 8.49,
            "equity": 2740831,
            "current_ratio": 435.66,
            "debt_ratio": 11.84,
            "inventory_turnover_ratio": 0.59,
            "account_receivable_turnover_ratio": 1.27,
            "reinvestment_rate": null,
            "research_to_sale_ratio": 0.94,
            "price_fair": 17.8,
            "eps_avg_yearly": 0.51,
            "eps_latest_yearly": 0.32,
            "eps_growth_yearly": 1835.69
        },
        "20233": {
            "year_quarter": 20233,
            "year": 2023,
            "quarter": 3,
            "eps": 0.11,
            "eps_growth_year": -35.29,
            "eps_4q": 0.34,
            "eps_4q_growth_year": -32.57,
            "roe": 1.27,
            "roe_4q": 4.04,
            "gross_profit": 49730,
            "gross_margin": 17.24,
            "gross_margin_4q_avg": 17.84,
            "net_income": 34956,
            "net_income_4q": null,
            "revenue": 288465,
            "revenue_4q": null,
            "common_shares": 3001115,
            "book_valuer_per_share": 8.99,
            "book_valuer_per_share_4q_avg": 8.78,
            "equity": 2768557,
            "current_ratio": 410.68,
            "debt_ratio": 12.01,
            "inventory_turnover_ratio": 0.61,
            "account_receivable_turnover_ratio": 1.31,
            "reinvestment_rate": null,
            "research_to_sale_ratio": 0.89,
            "price_fair": 17.5,
            "eps_avg_yearly": 0.5,
            "eps_latest_yearly": 0.44,
            "eps_growth_yearly": 1624.98
        }
    },
    "months": {
        "2001-06": {
            "month": "2001-06",
            "price": "3.42",
            "revenue": 57051
        },
        "2001-07": {
            "month": "2001-07",
            "price": "2.74",
            "revenue": 60807
        },
        "2001-08": {
            "month": "2001-08",
            "price": "3.10",
            "revenue": 54246
        },
        "2001-09": {
            "month": "2001-09",
            "price": "2.68",
            "revenue": 53173
        },
        "2001-10": {
            "month": "2001-10",
            "price": "2.29",
            "revenue": 56466
        },
        "2001-11": {
            "month": "2001-11",
            "price": "2.40",
            "revenue": 68049
        },
        "2001-12": {
            "month": "2001-12",
            "price": "3.18",
            "revenue": 60394
        },
        "2002-01": {
            "month": "2002-01",
            "price": "3.93",
            "revenue": 72506
        },
        "2002-02": {
            "month": "2002-02",
            "price": "3.78",
            "revenue": 48852
        },
        "2002-03": {
            "month": "2002-03",
            "price": "4.73",
            "revenue": 72146
        },
        "2002-04": {
            "month": "2002-04",
            "price": "6.13",
            "revenue": 66852
        },
        "2002-05": {
            "month": "2002-05",
            "price": "5.88",
            "revenue": 67220
        },
        "2002-06": {
            "month": "2002-06",
            "price": "6.36",
            "revenue": 62802
        },
        "2002-07": {
            "month": "2002-07",
            "price": "6.70",
            "revenue": 68197
        },
        "2002-08": {
            "month": "2002-08",
            "price": "6.05",
            "revenue": 63217
        },
        "2002-09": {
            "month": "2002-09",
            "price": "4.83",
            "revenue": 64480
        },
        "2002-10": {
            "month": "2002-10",
            "price": "5.39",
            "revenue": 71232
        },
        "2002-11": {
            "month": "2002-11",
            "price": "7.02",
            "revenue": 62796
        },
        "2002-12": {
            "month": "2002-12",
            "price": "7.48",
            "revenue": 66816
        },
        "2003-01": {
            "month": "2003-01",
            "price": "8.64",
            "revenue": 70188
        },
        "2003-02": {
            "month": "2003-02",
            "price": "8.55",
            "revenue": 45546
        },
        "2003-03": {
            "month": "2003-03",
            "price": "8.72",
            "revenue": 76908
        },
        "2003-04": {
            "month": "2003-04",
            "price": "8.92",
            "revenue": 65360
        },
        "2003-05": {
            "month": "2003-05",
            "price": "7.90",
            "revenue": 72994
        },
        "2003-06": {
            "month": "2003-06",
            "price": "8.04",
            "revenue": 60721
        },
        "2003-07": {
            "month": "2003-07",
            "price": "7.56",
            "revenue": 77934
        },
        "2003-08": {
            "month": "2003-08",
            "price": "6.80",
            "revenue": 56391
        },
        "2003-09": {
            "month": "2003-09",
            "price": "6.06",
            "revenue": 75906
        },
        "2003-10": {
            "month": "2003-10",
            "price": "6.52",
            "revenue": 66588
        },
        "2003-11": {
            "month": "2003-11",
            "price": "6.68",
            "revenue": 70480
        },
        "2003-12": {
            "month": "2003-12",
            "price": "6.45",
            "revenue": 73327
        },
        "2004-01": {
            "month": "2004-01",
            "price": "6.92",
            "revenue": 56196
        },
        "2004-02": {
            "month": "2004-02",
            "price": "8.76",
            "revenue": 62988
        },
        "2004-03": {
            "month": "2004-03",
            "price": "8.47",
            "revenue": 69534
        },
        "2004-04": {
            "month": "2004-04",
            "price": "8.43",
            "revenue": 73162
        },
        "2004-05": {
            "month": "2004-05",
            "price": "7.30",
            "revenue": 72149
        },
        "2004-06": {
            "month": "2004-06",
            "price": "6.89",
            "revenue": 76988
        },
        "2004-07": {
            "month": "2004-07",
            "price": "6.40",
            "revenue": 76013
        },
        "2004-08": {
            "month": "2004-08",
            "price": "6.23",
            "revenue": 59567
        },
        "2004-09": {
            "month": "2004-09",
            "price": "6.37",
            "revenue": 68993
        },
        "2004-10": {
            "month": "2004-10",
            "price": "6.58",
            "revenue": 73356
        },
        "2004-11": {
            "month": "2004-11",
            "price": "6.39",
            "revenue": 60532
        },
        "2004-12": {
            "month": "2004-12",
            "price": "6.30",
            "revenue": 66328
        },
        "2005-01": {
            "month": "2005-01",
            "price": "6.69",
            "revenue": 71504
        },
        "2005-02": {
            "month": "2005-02",
            "price": "6.41",
            "revenue": 56604
        },
        "2005-03": {
            "month": "2005-03",
            "price": "6.22",
            "revenue": 77580
        },
        "2005-04": {
            "month": "2005-04",
            "price": "6.65",
            "revenue": 65614
        },
        "2005-05": {
            "month": "2005-05",
            "price": "7.47",
            "revenue": 78707
        },
        "2005-06": {
            "month": "2005-06",
            "price": "7.71",
            "revenue": 84664
        },
        "2005-07": {
            "month": "2005-07",
            "price": "7.82",
            "revenue": 68639
        },
        "2005-08": {
            "month": "2005-08",
            "price": "7.40",
            "revenue": 64123
        },
        "2005-09": {
            "month": "2005-09",
            "price": "7.41",
            "revenue": 68889
        },
        "2005-10": {
            "month": "2005-10",
            "price": "7.36",
            "revenue": 69252
        },
        "2005-11": {
            "month": "2005-11",
            "price": "7.60",
            "revenue": 70402
        },
        "2005-12": {
            "month": "2005-12",
            "price": "8.11",
            "revenue": 82221
        },
        "2006-01": {
            "month": "2006-01",
            "price": "8.09",
            "revenue": 72379
        },
        "2006-02": {
            "month": "2006-02",
            "price": "8.08",
            "revenue": 62613
        },
        "2006-03": {
            "month": "2006-03",
            "price": "8.23",
            "revenue": 78809
        },
        "2006-04": {
            "month": "2006-04",
            "price": "8.27",
            "revenue": 64649
        },
        "2006-05": {
            "month": "2006-05",
            "price": "9.85",
            "revenue": 67618
        },
        "2006-06": {
            "month": "2006-06",
            "price": "9.74",
            "revenue": 67191
        },
        "2006-07": {
            "month": "2006-07",
            "price": "9.77",
            "revenue": 62707
        },
        "2006-08": {
            "month": "2006-08",
            "price": "9.34",
            "revenue": 61532
        },
        "2006-09": {
            "month": "2006-09",
            "price": "9.23",
            "revenue": 59583
        },
        "2006-10": {
            "month": "2006-10",
            "price": "9.11",
            "revenue": 55910
        },
        "2006-11": {
            "month": "2006-11",
            "price": "9.44",
            "revenue": 65377
        },
        "2006-12": {
            "month": "2006-12",
            "price": "12.43",
            "revenue": 72717
        },
        "2007-01": {
            "month": "2007-01",
            "price": "12.55",
            "revenue": 55227
        },
        "2007-02": {
            "month": "2007-02",
            "price": "12.28",
            "revenue": 37734
        },
        "2007-03": {
            "month": "2007-03",
            "price": "12.10",
            "revenue": 66709
        },
        "2007-04": {
            "month": "2007-04",
            "price": "12.70",
            "revenue": 60759
        },
        "2007-05": {
            "month": "2007-05",
            "price": "13.83",
            "revenue": 51528
        },
        "2007-06": {
            "month": "2007-06",
            "price": "17.22",
            "revenue": 59930
        },
        "2007-07": {
            "month": "2007-07",
            "price": "18.53",
            "revenue": 53686
        },
        "2007-08": {
            "month": "2007-08",
            "price": "18.79",
            "revenue": 66010
        },
        "2007-09": {
            "month": "2007-09",
            "price": "18.79",
            "revenue": 57642
        },
        "2007-10": {
            "month": "2007-10",
            "price": "19.00",
            "revenue": 67670
        },
        "2007-11": {
            "month": "2007-11",
            "price": "18.43",
            "revenue": 65262
        },
        "2007-12": {
            "month": "2007-12",
            "price": "17.95",
            "revenue": 64779
        },
        "2008-01": {
            "month": "2008-01",
            "price": "17.89",
            "revenue": 65127
        },
        "2008-02": {
            "month": "2008-02",
            "price": "19.13",
            "revenue": 45432
        },
        "2008-03": {
            "month": "2008-03",
            "price": "19.06",
            "revenue": 68479
        },
        "2008-04": {
            "month": "2008-04",
            "price": "19.13",
            "revenue": 64019
        },
        "2008-05": {
            "month": "2008-05",
            "price": "18.75",
            "revenue": 74330
        },
        "2008-06": {
            "month": "2008-06",
            "price": "18.10",
            "revenue": 108897
        },
        "2008-07": {
            "month": "2008-07",
            "price": "16.76",
            "revenue": 63306
        },
        "2008-08": {
            "month": "2008-08",
            "price": "15.14",
            "revenue": 51966
        },
        "2008-09": {
            "month": "2008-09",
            "price": "13.72",
            "revenue": 36626
        },
        "2008-10": {
            "month": "2008-10",
            "price": "13.42",
            "revenue": 69328
        },
        "2008-11": {
            "month": "2008-11",
            "price": "13.18",
            "revenue": 63117
        },
        "2008-12": {
            "month": "2008-12",
            "price": "13.08",
            "revenue": 65204
        },
        "2009-01": {
            "month": "2009-01",
            "price": "13.13",
            "revenue": 40907
        },
        "2009-02": {
            "month": "2009-02",
            "price": "13.14",
            "revenue": 40329
        },
        "2009-03": {
            "month": "2009-03",
            "price": "13.16",
            "revenue": 44496
        },
        "2009-04": {
            "month": "2009-04",
            "price": "13.29",
            "revenue": 56659
        },
        "2009-05": {
            "month": "2009-05",
            "price": "13.08",
            "revenue": 48776
        },
        "2009-06": {
            "month": "2009-06",
            "price": "13.77",
            "revenue": 50117
        },
        "2009-07": {
            "month": "2009-07",
            "price": "15.15",
            "revenue": 49189
        },
        "2009-08": {
            "month": "2009-08",
            "price": "15.61",
            "revenue": 48794
        },
        "2009-09": {
            "month": "2009-09",
            "price": "14.71",
            "revenue": 50850
        },
        "2009-10": {
            "month": "2009-10",
            "price": "14.80",
            "revenue": 51600
        },
        "2009-11": {
            "month": "2009-11",
            "price": "14.64",
            "revenue": 55938
        },
        "2009-12": {
            "month": "2009-12",
            "price": "14.27",
            "revenue": 67476
        },
        "2010-01": {
            "month": "2010-01",
            "price": "14.19",
            "revenue": 71568
        },
        "2010-02": {
            "month": "2010-02",
            "price": "13.59",
            "revenue": 45164
        },
        "2010-03": {
            "month": "2010-03",
            "price": "15.32",
            "revenue": 71966
        },
        "2010-04": {
            "month": "2010-04",
            "price": "15.45",
            "revenue": 54515
        },
        "2010-05": {
            "month": "2010-05",
            "price": "15.55",
            "revenue": 62241
        },
        "2010-06": {
            "month": "2010-06",
            "price": "15.79",
            "revenue": 65960
        },
        "2010-07": {
            "month": "2010-07",
            "price": "15.62",
            "revenue": 71155
        },
        "2010-08": {
            "month": "2010-08",
            "price": "16.35",
            "revenue": 61656
        },
        "2010-09": {
            "month": "2010-09",
            "price": "17.05",
            "revenue": 75621
        },
        "2010-10": {
            "month": "2010-10",
            "price": "24.91",
            "revenue": 79706
        },
        "2010-11": {
            "month": "2010-11",
            "price": "26.45",
            "revenue": 63917
        },
        "2010-12": {
            "month": "2010-12",
            "price": "27.15",
            "revenue": 85188
        },
        "2011-01": {
            "month": "2011-01",
            "price": "27.64",
            "revenue": 77335
        },
        "2011-02": {
            "month": "2011-02",
            "price": "27.44",
            "revenue": 68584
        },
        "2011-03": {
            "month": "2011-03",
            "price": "26.97",
            "revenue": 87617
        },
        "2011-04": {
            "month": "2011-04",
            "price": "27.51",
            "revenue": 85329
        },
        "2011-05": {
            "month": "2011-05",
            "price": "27.48",
            "revenue": 85482
        },
        "2011-06": {
            "month": "2011-06",
            "price": "25.13",
            "revenue": 88952
        },
        "2011-07": {
            "month": "2011-07",
            "price": "24.38",
            "revenue": 83365
        },
        "2011-08": {
            "month": "2011-08",
            "price": "23.12",
            "revenue": 76182
        },
        "2011-09": {
            "month": "2011-09",
            "price": "22.21",
            "revenue": 84829
        },
        "2011-10": {
            "month": "2011-10",
            "price": "21.88",
            "revenue": 84883
        },
        "2011-11": {
            "month": "2011-11",
            "price": "25.05",
            "revenue": 85966
        },
        "2011-12": {
            "month": "2011-12",
            "price": "25.03",
            "revenue": 95838
        },
        "2012-01": {
            "month": "2012-01",
            "price": "27.02",
            "revenue": 84032
        },
        "2012-02": {
            "month": "2012-02",
            "price": "27.08",
            "revenue": 88057
        },
        "2012-03": {
            "month": "2012-03",
            "price": "27.88",
            "revenue": 94531
        },
        "2012-04": {
            "month": "2012-04",
            "price": "27.36",
            "revenue": 91726
        },
        "2012-05": {
            "month": "2012-05",
            "price": "26.34",
            "revenue": 96709
        },
        "2012-06": {
            "month": "2012-06",
            "price": "23.87",
            "revenue": 75129
        },
        "2012-07": {
            "month": "2012-07",
            "price": "26.24",
            "revenue": 81643
        },
        "2012-08": {
            "month": "2012-08",
            "price": "26.17",
            "revenue": 89376
        },
        "2012-09": {
            "month": "2012-09",
            "price": "25.43",
            "revenue": 79576
        },
        "2012-10": {
            "month": "2012-10",
            "price": "24.42",
            "revenue": 75150
        },
        "2012-11": {
            "month": "2012-11",
            "price": "20.16",
            "revenue": 79474
        },
        "2012-12": {
            "month": "2012-12",
            "price": "18.30",
            "revenue": 77491
        },
        "2013-01": {
            "month": "2013-01",
            "price": "22.25",
            "revenue": 120578
        },
        "2013-02": {
            "month": "2013-02",
            "price": "21.82",
            "revenue": 102018
        },
        "2013-03": {
            "month": "2013-03",
            "price": "18.66",
            "revenue": 122578
        },
        "2013-04": {
            "month": "2013-04",
            "price": "16.94",
            "revenue": 117761
        },
        "2013-05": {
            "month": "2013-05",
            "price": "14.87",
            "revenue": 117860
        },
        "2013-06": {
            "month": "2013-06",
            "price": "14.17",
            "revenue": 125056
        },
        "2013-07": {
            "month": "2013-07",
            "price": "14.90",
            "revenue": 121622
        },
        "2013-08": {
            "month": "2013-08",
            "price": "17.59",
            "revenue": 116489
        },
        "2013-09": {
            "month": "2013-09",
            "price": "18.55",
            "revenue": 118552
        },
        "2013-10": {
            "month": "2013-10",
            "price": "18.88",
            "revenue": 124092
        },
        "2013-11": {
            "month": "2013-11",
            "price": "16.76",
            "revenue": 117846
        },
        "2013-12": {
            "month": "2013-12",
            "price": "17.18",
            "revenue": 117006
        },
        "2014-01": {
            "month": "2014-01",
            "price": "19.32",
            "revenue": 125505
        },
        "2014-02": {
            "month": "2014-02",
            "price": "19.06",
            "revenue": 104567
        },
        "2014-03": {
            "month": "2014-03",
            "price": "18.85",
            "revenue": 115521
        },
        "2014-04": {
            "month": "2014-04",
            "price": "20.95",
            "revenue": 129246
        },
        "2014-05": {
            "month": "2014-05",
            "price": "20.60",
            "revenue": 141003
        },
        "2014-06": {
            "month": "2014-06",
            "price": "22.24",
            "revenue": 134711
        },
        "2014-07": {
            "month": "2014-07",
            "price": "23.58",
            "revenue": 141769
        },
        "2014-08": {
            "month": "2014-08",
            "price": "22.44",
            "revenue": 132934
        },
        "2014-09": {
            "month": "2014-09",
            "price": "20.91",
            "revenue": 140509
        },
        "2014-10": {
            "month": "2014-10",
            "price": "20.71",
            "revenue": 140095
        },
        "2014-11": {
            "month": "2014-11",
            "price": "21.70",
            "revenue": 125003
        },
        "2014-12": {
            "month": "2014-12",
            "price": "21.47",
            "revenue": 143702
        },
        "2015-01": {
            "month": "2015-01",
            "price": "24.38",
            "revenue": 120359
        },
        "2015-02": {
            "month": "2015-02",
            "price": "24.17",
            "revenue": 126902
        },
        "2015-03": {
            "month": "2015-03",
            "price": "23.47",
            "revenue": 126149
        },
        "2015-04": {
            "month": "2015-04",
            "price": "22.17",
            "revenue": 137503
        },
        "2015-05": {
            "month": "2015-05",
            "price": "19.96",
            "revenue": 130602
        },
        "2015-06": {
            "month": "2015-06",
            "price": "19.56",
            "revenue": 155481
        },
        "2015-07": {
            "month": "2015-07",
            "price": "18.76",
            "revenue": 121284
        },
        "2015-08": {
            "month": "2015-08",
            "price": "14.12",
            "revenue": 121049
        },
        "2015-09": {
            "month": "2015-09",
            "price": "14.26",
            "revenue": 126343
        },
        "2015-10": {
            "month": "2015-10",
            "price": "15.42",
            "revenue": 115853
        },
        "2015-11": {
            "month": "2015-11",
            "price": "15.78",
            "revenue": 135916
        },
        "2015-12": {
            "month": "2015-12",
            "price": "15.10",
            "revenue": 164985
        },
        "2016-01": {
            "month": "2016-01",
            "price": "14.55",
            "revenue": 144649
        },
        "2016-02": {
            "month": "2016-02",
            "price": "15.09",
            "revenue": 132220
        },
        "2016-03": {
            "month": "2016-03",
            "price": "16.34",
            "revenue": 132399
        },
        "2016-04": {
            "month": "2016-04",
            "price": "16.03",
            "revenue": 128132
        },
        "2016-05": {
            "month": "2016-05",
            "price": "15.16",
            "revenue": 136034
        },
        "2016-06": {
            "month": "2016-06",
            "price": "15.94",
            "revenue": 149379
        },
        "2016-07": {
            "month": "2016-07",
            "price": "15.18",
            "revenue": 119438
        },
        "2016-08": {
            "month": "2016-08",
            "price": "14.86",
            "revenue": 110684
        },
        "2016-09": {
            "month": "2016-09",
            "price": "14.60",
            "revenue": 106692
        },
        "2016-10": {
            "month": "2016-10",
            "price": "14.40",
            "revenue": 128698
        },
        "2016-11": {
            "month": "2016-11",
            "price": "14.02",
            "revenue": 130494
        },
        "2016-12": {
            "month": "2016-12",
            "price": "14.91",
            "revenue": 151310
        },
        "2017-01": {
            "month": "2017-01",
            "price": "14.57",
            "revenue": 110090
        },
        "2017-02": {
            "month": "2017-02",
            "price": "14.15",
            "revenue": 110119
        },
        "2017-03": {
            "month": "2017-03",
            "price": "20.15",
            "revenue": 131440
        },
        "2017-04": {
            "month": "2017-04",
            "price": "22.18",
            "revenue": 107054
        },
        "2017-05": {
            "month": "2017-05",
            "price": "24.70",
            "revenue": 120675
        },
        "2017-06": {
            "month": "2017-06",
            "price": "25.47",
            "revenue": 111400
        },
        "2017-07": {
            "month": "2017-07",
            "price": "22.82",
            "revenue": 102914
        },
        "2017-08": {
            "month": "2017-08",
            "price": "20.49",
            "revenue": 111171
        },
        "2017-09": {
            "month": "2017-09",
            "price": "21.66",
            "revenue": 107568
        },
        "2017-10": {
            "month": "2017-10",
            "price": "21.59",
            "revenue": 121929
        },
        "2017-11": {
            "month": "2017-11",
            "price": "22.01",
            "revenue": 124605
        },
        "2017-12": {
            "month": "2017-12",
            "price": "21.09",
            "revenue": 108255
        },
        "2018-01": {
            "month": "2018-01",
            "price": "21.55",
            "revenue": 114989
        },
        "2018-02": {
            "month": "2018-02",
            "price": "20.90",
            "revenue": 103506
        },
        "2018-03": {
            "month": "2018-03",
            "price": "20.92",
            "revenue": 98166
        },
        "2018-04": {
            "month": "2018-04",
            "price": "21.54",
            "revenue": 106492
        },
        "2018-05": {
            "month": "2018-05",
            "price": "21.25",
            "revenue": 106569
        },
        "2018-06": {
            "month": "2018-06",
            "price": "20.70",
            "revenue": 97959
        },
        "2018-07": {
            "month": "2018-07",
            "price": "20.53",
            "revenue": 98523
        },
        "2018-08": {
            "month": "2018-08",
            "price": "21.02",
            "revenue": 92547
        },
        "2018-09": {
            "month": "2018-09",
            "price": "22.26",
            "revenue": 94606
        },
        "2018-10": {
            "month": "2018-10",
            "price": "22.29",
            "revenue": 108621
        },
        "2018-11": {
            "month": "2018-11",
            "price": "21.37",
            "revenue": 91505
        },
        "2018-12": {
            "month": "2018-12",
            "price": "20.86",
            "revenue": 87201
        },
        "2019-01": {
            "month": "2019-01",
            "price": "20.78",
            "revenue": 113228
        },
        "2019-02": {
            "month": "2019-02",
            "price": "20.52",
            "revenue": 101283
        },
        "2019-03": {
            "month": "2019-03",
            "price": "20.64",
            "revenue": 151515
        },
        "2019-04": {
            "month": "2019-04",
            "price": "19.82",
            "revenue": 107664
        },
        "2019-05": {
            "month": "2019-05",
            "price": "19.63",
            "revenue": 113681
        },
        "2019-06": {
            "month": "2019-06",
            "price": "18.13",
            "revenue": 105042
        },
        "2019-07": {
            "month": "2019-07",
            "price": "16.65",
            "revenue": 100913
        },
        "2019-08": {
            "month": "2019-08",
            "price": "15.33",
            "revenue": 97932
        },
        "2019-09": {
            "month": "2019-09",
            "price": "15.15",
            "revenue": 108490
        },
        "2019-10": {
            "month": "2019-10",
            "price": "16.61",
            "revenue": 88712
        },
        "2019-11": {
            "month": "2019-11",
            "price": "16.12",
            "revenue": 87806
        },
        "2019-12": {
            "month": "2019-12",
            "price": "14.78",
            "revenue": 65938
        },
        "2020-01": {
            "month": "2020-01",
            "price": "13.86",
            "revenue": 84135
        },
        "2020-02": {
            "month": "2020-02",
            "price": "12.97",
            "revenue": 71173
        },
        "2020-03": {
            "month": "2020-03",
            "price": "10.89",
            "revenue": 91882
        },
        "2020-04": {
            "month": "2020-04",
            "price": "11.78",
            "revenue": 45553
        },
        "2020-05": {
            "month": "2020-05",
            "price": "12.74",
            "revenue": 77081
        },
        "2020-06": {
            "month": "2020-06",
            "price": "12.15",
            "revenue": 74320
        },
        "2020-07": {
            "month": "2020-07",
            "price": "11.73",
            "revenue": 60308
        },
        "2020-08": {
            "month": "2020-08",
            "price": "12.18",
            "revenue": 61639
        },
        "2020-09": {
            "month": "2020-09",
            "price": "11.56",
            "revenue": 73726
        },
        "2020-10": {
            "month": "2020-10",
            "price": "11.29",
            "revenue": 65655
        },
        "2020-11": {
            "month": "2020-11",
            "price": "10.51",
            "revenue": 80460
        },
        "2020-12": {
            "month": "2020-12",
            "price": "10.95",
            "revenue": 67736
        },
        "2021-01": {
            "month": "2021-01",
            "price": "10.22",
            "revenue": 86872
        },
        "2021-02": {
            "month": "2021-02",
            "price": "9.76",
            "revenue": 66984
        },
        "2021-03": {
            "month": "2021-03",
            "price": "9.88",
            "revenue": 101710
        },
        "2021-04": {
            "month": "2021-04",
            "price": "10.92",
            "revenue": 67722
        },
        "2021-05": {
            "month": "2021-05",
            "price": "10.04",
            "revenue": 81044
        },
        "2021-06": {
            "month": "2021-06",
            "price": "10.18",
            "revenue": 98750
        },
        "2021-07": {
            "month": "2021-07",
            "price": "10.17",
            "revenue": 91323
        },
        "2021-08": {
            "month": "2021-08",
            "price": "9.71",
            "revenue": 82072
        },
        "2021-09": {
            "month": "2021-09",
            "price": "9.82",
            "revenue": 102895
        },
        "2021-10": {
            "month": "2021-10",
            "price": "10.23",
            "revenue": 93321
        },
        "2021-11": {
            "month": "2021-11",
            "price": "10.95",
            "revenue": 89402
        },
        "2021-12": {
            "month": "2021-12",
            "price": "14.83",
            "revenue": 100016
        },
        "2022-01": {
            "month": "2022-01",
            "price": "13.63",
            "revenue": 101348
        },
        "2022-02": {
            "month": "2022-02",
            "price": "14.72",
            "revenue": 84738
        },
        "2022-03": {
            "month": "2022-03",
            "price": "13.92",
            "revenue": 97344
        },
        "2022-04": {
            "month": "2022-04",
            "price": "16.97",
            "revenue": 102674
        },
        "2022-05": {
            "month": "2022-05",
            "price": "18.22",
            "revenue": 99088
        },
        "2022-06": {
            "month": "2022-06",
            "price": "16.75",
            "revenue": 106101
        },
        "2022-07": {
            "month": "2022-07",
            "price": "15.18",
            "revenue": 90144
        },
        "2022-08": {
            "month": "2022-08",
            "price": "15.24",
            "revenue": 91940
        },
        "2022-09": {
            "month": "2022-09",
            "price": "16.36",
            "revenue": 85167
        },
        "2022-10": {
            "month": "2022-10",
            "price": "15.97",
            "revenue": 98107
        },
        "2022-11": {
            "month": "2022-11",
            "price": "16.37",
            "revenue": 95289
        },
        "2022-12": {
            "month": "2022-12",
            "price": "17.59",
            "revenue": 89678
        },
        "2023-01": {
            "month": "2023-01",
            "price": "17.50",
            "revenue": 92757
        },
        "2023-02": {
            "month": "2023-02",
            "price": "19.66",
            "revenue": 86578
        },
        "2023-03": {
            "month": "2023-03",
            "price": "21.48",
            "revenue": 98355
        },
        "2023-04": {
            "month": "2023-04",
            "price": "21.23",
            "revenue": 92127
        },
        "2023-05": {
            "month": "2023-05",
            "price": "19.69",
            "revenue": 91918
        },
        "2023-06": {
            "month": "2023-06",
            "price": "19.04",
            "revenue": 103076
        },
        "2023-07": {
            "month": "2023-07",
            "price": "17.78",
            "revenue": 93551
        },
        "2023-08": {
            "month": "2023-08",
            "price": "17.21",
            "revenue": 101233
        },
        "2023-09": {
            "month": "2023-09",
            "price": "16.93",
            "revenue": 93680
        },
        "2023-10": {
            "month": "2023-10",
            "price": "16.08",
            "revenue": 94325
        },
        "2023-11": {
            "month": "2023-11",
            "price": "16.03",
            "revenue": 101238
        }
    }
}
