{
    "summary": {
        "stock_name": "永大",
        "stock_id": "1507",
        "category": "電機機械",
        "main_business": "電梯",
        "website_url": "http://www.yungtay.com.tw",
        "ceo": "蔡尚育",
        "pe_ratio": 34,
        "report_year_from": 2001,
        "report_year_to": 2021,
        "age": 23,
        "eps_negative_percentage": 0,
        "eps_growth_avg": {
            "last_all": 7.11,
            "last_2y": 12.63,
            "last_4y": -5.94,
            "last_8y": -2.88,
            "last_12y": 5.92,
            "last_16y": 6.88,
            "last_20y": null,
            "at_2006_last_3y": 3.61,
            "at_2007_last_3y": 11.39,
            "at_2008_last_3y": 10.02,
            "at_2009_last_3y": 21.63,
            "at_2010_last_3y": 28.62,
            "at_2011_last_3y": 19.36,
            "at_2012_last_3y": 25.71,
            "at_2013_last_3y": 14.43,
            "at_2014_last_3y": 10.76,
            "at_2015_last_3y": 6.22,
            "at_2016_last_3y": 0.95,
            "at_2017_last_3y": -8.53,
            "at_2018_last_3y": -23.05,
            "at_2019_last_3y": -11.08,
            "at_2020_last_3y": 2.73,
            "at_2021_last_3y": -0.58,
            "at_2022_last_3y": -0.58,
            "at_2023_last_3y": -0.58,
            "at_2024_last_3y": -0.58,
            "at_2006_last_all": 7.78,
            "at_2007_last_all": 14.27,
            "at_2008_last_all": 9.32,
            "at_2009_last_all": 15.11,
            "at_2010_last_all": 17.04,
            "at_2011_last_all": 16.31,
            "at_2012_last_all": 15.28,
            "at_2013_last_all": 14.88,
            "at_2014_last_all": 15.11,
            "at_2015_last_all": 13.43,
            "at_2016_last_all": 11.46,
            "at_2017_last_all": 9.03,
            "at_2018_last_all": 6.13,
            "at_2019_last_all": 7.98,
            "at_2020_last_all": 9.62,
            "at_2021_last_all": 7.11,
            "at_2022_last_all": 7.11,
            "at_2023_last_all": 7.11,
            "at_2024_last_all": 7.11
        },
        "latest_eps": 1.89,
        "latest_price": 64.8,
        "latest_roe": 6.84,
        "latest_gross_margin": 17.75,
        "latest_equity": 12096821,
        "latest_revenue": 4661737,
        "latest_gross_profit": 827440,
        "latest_net_income": 81263,
        "latest_debt_ratio": 53.25,
        "latest_current_ratio": 138.89,
        "latest_account_receivable_turnover_ratio": 0.89,
        "latest_inventory_turnover_ratio": 0.51,
        "latest_reinvestment_rate": -35.53,
        "latest_research_to_sale_ratio": 2.4
    },
    "eps_dividends": {
        "1990": {
            "cash": 0,
            "stock": 5,
            "eps": 0
        },
        "1991": {
            "cash": 1.5,
            "stock": 3,
            "eps": 0
        },
        "1992": {
            "cash": 2,
            "stock": 3,
            "eps": 0
        },
        "1993": {
            "cash": 2.5,
            "stock": 2.5,
            "eps": 0
        },
        "1994": {
            "cash": 3,
            "stock": 2.2,
            "eps": 0
        },
        "1995": {
            "cash": 2.5,
            "stock": 1.5,
            "eps": 0
        },
        "1996": {
            "cash": 2.5,
            "stock": 1,
            "eps": 0
        },
        "1997": {
            "cash": 2,
            "stock": 1,
            "eps": 0
        },
        "1999": {
            "cash": 1.5,
            "stock": 0,
            "eps": 0
        },
        "2000": {
            "cash": 1.2,
            "stock": 0,
            "eps": 0
        },
        "2001": {
            "cash": 0.6,
            "stock": 0,
            "eps": 0.98
        },
        "2002": {
            "cash": 0.6,
            "stock": 0,
            "eps": 1.22
        },
        "2003": {
            "cash": 0.8,
            "stock": 0,
            "eps": 1.41
        },
        "2004": {
            "cash": 0.8,
            "stock": 0,
            "eps": 1.2
        },
        "2005": {
            "cash": 0.6,
            "stock": 0,
            "eps": 1.31
        },
        "2006": {
            "cash": 1,
            "stock": 0,
            "eps": 1.37
        },
        "2007": {
            "cash": 0.8,
            "stock": 0,
            "eps": 2.01
        },
        "2008": {
            "cash": 1,
            "stock": 0,
            "eps": 1.6
        },
        "2009": {
            "cash": 1,
            "stock": 0,
            "eps": 2.49
        },
        "2010": {
            "cash": 1.5,
            "stock": 0,
            "eps": 3.3
        },
        "2011": {
            "cash": 4.2,
            "stock": 0,
            "eps": 3.62
        },
        "2012": {
            "cash": 0,
            "stock": 0,
            "eps": 3.8
        },
        "2013": {
            "cash": 2.3,
            "stock": 0,
            "eps": 4.2
        },
        "2014": {
            "cash": 2.5,
            "stock": 0,
            "eps": 4.95
        },
        "2015": {
            "cash": 3,
            "stock": 0,
            "eps": 4.53
        },
        "2016": {
            "cash": 2.7,
            "stock": 0,
            "eps": 3.8
        },
        "2017": {
            "cash": 2.4,
            "stock": 0,
            "eps": 2.76
        },
        "2018": {
            "cash": 2,
            "stock": 0,
            "eps": 1.65
        },
        "2019": {
            "cash": 1.8,
            "stock": 0,
            "eps": 2.3
        },
        "2020": {
            "cash": 2.2,
            "stock": 0,
            "eps": 3.2
        },
        "2021": {
            "cash": 1.9,
            "stock": 0,
            "eps": 1.9
        },
        "2022": {
            "cash": 1.7,
            "stock": 0,
            "eps": 0
        }
    },
    "dividends": {
        "1990-04-23": {
            "cash": 0,
            "stock": 5
        },
        "1991-04-26": {
            "cash": 1.5,
            "stock": 3
        },
        "1992-04-24": {
            "cash": 2,
            "stock": 3
        },
        "1993-05-07": {
            "cash": 2.5,
            "stock": 2.5
        },
        "1994-05-27": {
            "cash": 3,
            "stock": 2.2
        },
        "1995-05-12": {
            "cash": 2.5,
            "stock": 1.5
        },
        "1996-05-10": {
            "cash": 2.5,
            "stock": 1
        },
        "1997-05-23": {
            "cash": 2,
            "stock": 1
        },
        "1999-05-21": {
            "cash": 1.5,
            "stock": 0
        },
        "2000-05-18": {
            "cash": 1.2,
            "stock": 0
        },
        "2001-05-10": {
            "cash": 0.6,
            "stock": 0
        },
        "2002-06-06": {
            "cash": 0.6,
            "stock": 0
        },
        "2003-03-28": {
            "cash": 0.8,
            "stock": 0
        },
        "2004-03-12": {
            "cash": 0.8,
            "stock": 0
        },
        "2005-03-23": {
            "cash": 0.6,
            "stock": 0
        },
        "2006-04-14": {
            "cash": 1,
            "stock": 0
        },
        "2007-04-12": {
            "cash": 0.8,
            "stock": 0
        },
        "2008-04-10": {
            "cash": 1,
            "stock": 0
        },
        "2009-04-16": {
            "cash": 1,
            "stock": 0
        },
        "2010-04-15": {
            "cash": 1.5,
            "stock": 0
        },
        "2011-01-01": {
            "cash": 2.2,
            "stock": 0
        },
        "2011-04-14": {
            "cash": 2,
            "stock": 0
        },
        "2013-03-26": {
            "cash": 2.3,
            "stock": 0
        },
        "2014-06-12": {
            "cash": 2.5,
            "stock": 0
        },
        "2015-07-30": {
            "cash": 3,
            "stock": 0
        },
        "2016-07-28": {
            "cash": 2.7,
            "stock": 0
        },
        "2017-07-27": {
            "cash": 2.4,
            "stock": 0
        },
        "2018-08-23": {
            "cash": 2,
            "stock": 0
        },
        "2019-07-30": {
            "cash": 1.8,
            "stock": 0
        },
        "2020-07-28": {
            "cash": 2.2,
            "stock": 0
        },
        "2021-08-25": {
            "cash": 1.9,
            "stock": 0
        },
        "2022-03-23": {
            "cash": 1.7,
            "stock": 0
        }
    },
    "prices": {
        "200101": "13.05",
        "200102": "14.26",
        "200103": "14.44",
        "200104": "13.74",
        "200105": "12.03",
        "200106": "12.24",
        "200107": "12.98",
        "200108": "14.13",
        "200109": "12.95",
        "200110": "11.64",
        "200111": "12.13",
        "200112": "12.61",
        "200201": "13.20",
        "200202": "13.00",
        "200203": "13.42",
        "200204": "14.31",
        "200205": "17.16",
        "200206": "17.76",
        "200207": "17.90",
        "200208": "18.38",
        "200209": "16.46",
        "200210": "17.02",
        "200211": "20.41",
        "200212": "25.44",
        "200301": "27.23",
        "200302": "25.18",
        "200303": "24.91",
        "200304": "21.32",
        "200305": "18.80",
        "200306": "20.32",
        "200307": "19.27",
        "200308": "19.28",
        "200309": "18.84",
        "200310": "20.05",
        "200311": "21.48",
        "200312": "21.00",
        "200401": "21.81",
        "200402": "24.54",
        "200403": "25.84",
        "200404": "23.30",
        "200405": "18.74",
        "200406": "18.25",
        "200407": "17.06",
        "200408": "17.22",
        "200409": "17.94",
        "200410": "17.72",
        "200411": "17.20",
        "200412": "18.25",
        "200501": "19.77",
        "200502": "19.61",
        "200503": "18.58",
        "200504": "17.26",
        "200505": "16.94",
        "200506": "17.30",
        "200507": "17.85",
        "200508": "20.63",
        "200509": "22.44",
        "200510": "20.46",
        "200511": "20.23",
        "200512": "20.87",
        "200601": "19.35",
        "200602": "18.76",
        "200603": "17.64",
        "200604": "18.21",
        "200605": "19.47",
        "200606": "18.10",
        "200607": "17.25",
        "200608": "16.49",
        "200609": "16.45",
        "200610": "17.76",
        "200611": "18.22",
        "200612": "19.17",
        "200701": "19.58",
        "200702": "19.14",
        "200703": "18.38",
        "200704": "19.10",
        "200705": "20.21",
        "200706": "20.44",
        "200707": "23.18",
        "200708": "22.51",
        "200709": "25.89",
        "200710": "30.16",
        "200711": "25.79",
        "200712": "24.10",
        "200801": "24.53",
        "200802": "24.63",
        "200803": "26.43",
        "200804": "27.95",
        "200805": "25.32",
        "200806": "21.47",
        "200807": "17.80",
        "200808": "17.13",
        "200809": "14.29",
        "200810": "12.36",
        "200811": "12.60",
        "200812": "12.80",
        "200901": "12.69",
        "200902": "12.92",
        "200903": "14.32",
        "200904": "16.22",
        "200905": "18.15",
        "200906": "18.11",
        "200907": "20.04",
        "200908": "20.61",
        "200909": "21.88",
        "200910": "23.28",
        "200911": "25.91",
        "200912": "25.29",
        "201001": "24.80",
        "201002": "23.56",
        "201003": "25.31",
        "201004": "28.88",
        "201005": "28.12",
        "201006": "28.51",
        "201007": "30.30",
        "201008": "36.66",
        "201009": "40.42",
        "201010": "39.61",
        "201011": "42.13",
        "201012": "44.43",
        "201101": "42.76",
        "201102": "40.01",
        "201103": "43.30",
        "201104": "52.26",
        "201105": "53.94",
        "201106": "53.81",
        "201107": "54.84",
        "201108": "52.08",
        "201109": "50.77",
        "201110": "47.22",
        "201111": "47.45",
        "201112": "45.41",
        "201201": "47.03",
        "201202": "46.64",
        "201203": "48.20",
        "201204": "47.49",
        "201205": "47.76",
        "201206": "47.72",
        "201207": "47.97",
        "201208": "51.81",
        "201209": "56.32",
        "201210": "58.06",
        "201211": "57.16",
        "201212": "52.67",
        "201301": "55.05",
        "201302": "57.98",
        "201303": "57.69",
        "201304": "64.56",
        "201305": "68.05",
        "201306": "61.45",
        "201307": "66.88",
        "201308": "70.28",
        "201309": "75.39",
        "201310": "82.03",
        "201311": "86.33",
        "201312": "88.88",
        "201401": "83.36",
        "201402": "86.79",
        "201403": "87.04",
        "201404": "88.84",
        "201405": "80.17",
        "201406": "71.02",
        "201407": "68.60",
        "201408": "74.11",
        "201409": "68.06",
        "201410": "67.51",
        "201411": "68.90",
        "201412": "72.92",
        "201501": "74.43",
        "201502": "72.82",
        "201503": "73.39",
        "201504": "69.54",
        "201505": "67.68",
        "201506": "61.32",
        "201507": "54.61",
        "201508": "46.45",
        "201509": "52.16",
        "201510": "53.41",
        "201511": "52.19",
        "201512": "47.68",
        "201601": "44.43",
        "201602": "44.54",
        "201603": "47.62",
        "201604": "46.15",
        "201605": "47.44",
        "201606": "46.68",
        "201607": "44.58",
        "201608": "44.54",
        "201609": "46.22",
        "201610": "46.42",
        "201611": "44.03",
        "201612": "45.20",
        "201701": "44.63",
        "201702": "47.21",
        "201703": "50.63",
        "201704": "50.06",
        "201705": "49.45",
        "201706": "52.27",
        "201707": "49.82",
        "201708": "51.36",
        "201709": "57.07",
        "201710": "58.48",
        "201711": "57.54",
        "201712": "49.99",
        "201801": "51.49",
        "201802": "56.22",
        "201803": "58.19",
        "201804": "53.22",
        "201805": "50.21",
        "201806": "49.32",
        "201807": "48.15",
        "201808": "46.75",
        "201809": "48.82",
        "201810": "49.80",
        "201811": "58.27",
        "201812": "58.90",
        "201901": "59.70",
        "201902": "59.62",
        "201903": "60.90",
        "201904": "63.82",
        "201905": "64.71",
        "201906": "68.41",
        "201907": "66.64",
        "201908": "64.37",
        "201909": "64.63",
        "201910": "64.35",
        "201911": "63.47",
        "201912": "62.89",
        "202001": "63.83",
        "202002": "61.66",
        "202003": "57.26",
        "202004": "59.20",
        "202005": "57.40",
        "202006": "56.95",
        "202007": "55.91",
        "202008": "55.33",
        "202009": "54.69",
        "202010": "64.22",
        "202011": "65.22",
        "202012": "61.51",
        "202101": "60.42",
        "202102": "58.92",
        "202103": "58.94",
        "202104": "63.78",
        "202105": "61.95",
        "202106": "61.98",
        "202107": "61.30",
        "202108": "59.38",
        "202109": "59.27",
        "202110": "64.52",
        "202111": "64.51",
        "202112": "64.39",
        "202201": "64.49",
        "202202": "64.49",
        "202203": "64.60",
        "202204": "64.76",
        "202205": "無",
        "202206": "無",
        "202207": "無",
        "202208": "無",
        "202209": "無",
        "202210": "無",
        "202211": "無",
        "202212": "無",
        "202301": "無",
        "202302": "無",
        "202303": "無",
        "202304": "無",
        "202305": "無",
        "202306": "無",
        "202307": "無",
        "202308": "無",
        "202309": "無",
        "202310": "無",
        "202311": "無",
        "202312": "無"
    },
    "quarters": {
        "20011": {
            "year_quarter": 20011,
            "year": 2001,
            "quarter": 1,
            "eps": 0.37,
            "eps_growth_year": 68.18,
            "eps_4q": 0.48,
            "eps_4q_growth_year": -57.71,
            "roe": 2.14,
            "roe_4q": 2.14,
            "gross_profit": 181755,
            "gross_margin": 26.7,
            "gross_margin_4q_avg": 26.7,
            "net_income": 153469,
            "net_income_4q": null,
            "revenue": 680680,
            "revenue_4q": null,
            "common_shares": 4108200,
            "book_valuer_per_share": 17.43,
            "book_valuer_per_share_4q_avg": 17.43,
            "equity": 7159501,
            "current_ratio": 266.64,
            "debt_ratio": 18.38,
            "inventory_turnover_ratio": 0.46,
            "account_receivable_turnover_ratio": null,
            "reinvestment_rate": null,
            "research_to_sale_ratio": null,
            "price_fair": 0,
            "eps_avg_yearly": 0,
            "eps_latest_yearly": 0,
            "eps_growth_yearly": 0
        },
        "20012": {
            "year_quarter": 20012,
            "year": 2001,
            "quarter": 2,
            "eps": 0.05,
            "eps_growth_year": -76.19,
            "eps_4q": 0.35,
            "eps_4q_growth_year": -65.05,
            "roe": 0.28,
            "roe_4q": 2.42,
            "gross_profit": 203431,
            "gross_margin": 25.88,
            "gross_margin_4q_avg": 26.29,
            "net_income": 19440,
            "net_income_4q": null,
            "revenue": 785982,
            "revenue_4q": null,
            "common_shares": 4108200,
            "book_valuer_per_share": 16.93,
            "book_valuer_per_share_4q_avg": 17.18,
            "equity": 6956954,
            "current_ratio": 214.28,
            "debt_ratio": 21.07,
            "inventory_turnover_ratio": 0.68,
            "account_receivable_turnover_ratio": null,
            "reinvestment_rate": null,
            "research_to_sale_ratio": null,
            "price_fair": 0,
            "eps_avg_yearly": 0,
            "eps_latest_yearly": 0,
            "eps_growth_yearly": 0
        },
        "20013": {
            "year_quarter": 20013,
            "year": 2001,
            "quarter": 3,
            "eps": 0.2,
            "eps_growth_year": -25.93,
            "eps_4q": 0.26,
            "eps_4q_growth_year": -72.22,
            "roe": 1.17,
            "roe_4q": 3.59,
            "gross_profit": 203455,
            "gross_margin": 30.76,
            "gross_margin_4q_avg": 27.78,
            "net_income": 81718,
            "net_income_4q": null,
            "revenue": 661375,
            "revenue_4q": null,
            "common_shares": 4108200,
            "book_valuer_per_share": 17.16,
            "book_valuer_per_share_4q_avg": 17.17,
            "equity": 7048910,
            "current_ratio": 267.01,
            "debt_ratio": 23.12,
            "inventory_turnover_ratio": 0.57,
            "account_receivable_turnover_ratio": null,
            "reinvestment_rate": null,
            "research_to_sale_ratio": null,
            "price_fair": 0,
            "eps_avg_yearly": 0,
            "eps_latest_yearly": 0,
            "eps_growth_yearly": 0
        },
        "20014": {
            "year_quarter": 20014,
            "year": 2001,
            "quarter": 4,
            "eps": 0.36,
            "eps_growth_year": null,
            "eps_4q": 0.98,
            "eps_4q_growth_year": 272.37,
            "roe": 2.03,
            "roe_4q": 5.619999999999999,
            "gross_profit": 208730,
            "gross_margin": 25.09,
            "gross_margin_4q_avg": 27.11,
            "net_income": 146859,
            "net_income_4q": null,
            "revenue": 831848,
            "revenue_4q": null,
            "common_shares": 4108200,
            "book_valuer_per_share": 17.26,
            "book_valuer_per_share_4q_avg": 17.2,
            "equity": 7399193,
            "current_ratio": 243.69,
            "debt_ratio": 28.66,
            "inventory_turnover_ratio": 0.59,
            "account_receivable_turnover_ratio": null,
            "reinvestment_rate": null,
            "research_to_sale_ratio": null,
            "price_fair": 0,
            "eps_avg_yearly": 0,
            "eps_latest_yearly": 0,
            "eps_growth_yearly": 0
        },
        "20021": {
            "year_quarter": 20021,
            "year": 2002,
            "quarter": 1,
            "eps": 0.49,
            "eps_growth_year": 32.43,
            "eps_4q": 1.11,
            "eps_4q_growth_year": 127.98,
            "roe": 2.71,
            "roe_4q": 6.19,
            "gross_profit": 190197,
            "gross_margin": 26.72,
            "gross_margin_4q_avg": 27.11,
            "net_income": 197409,
            "net_income_4q": null,
            "revenue": 711936,
            "revenue_4q": null,
            "common_shares": 4108200,
            "book_valuer_per_share": 17.47,
            "book_valuer_per_share_4q_avg": 17.21,
            "equity": 7178893,
            "current_ratio": 297.03,
            "debt_ratio": 23.38,
            "inventory_turnover_ratio": 0.48,
            "account_receivable_turnover_ratio": null,
            "reinvestment_rate": null,
            "research_to_sale_ratio": null,
            "price_fair": 68.6,
            "eps_avg_yearly": 1.96,
            "eps_latest_yearly": 1.96,
            "eps_growth_yearly": 144.44
        },
        "20022": {
            "year_quarter": 20022,
            "year": 2002,
            "quarter": 2,
            "eps": 0.18,
            "eps_growth_year": 260,
            "eps_4q": 1.24,
            "eps_4q_growth_year": 257.59,
            "roe": 1.02,
            "roe_4q": 6.93,
            "gross_profit": 183990,
            "gross_margin": 24.31,
            "gross_margin_4q_avg": 26.72,
            "net_income": 72113,
            "net_income_4q": null,
            "revenue": 756883,
            "revenue_4q": null,
            "common_shares": 4108200,
            "book_valuer_per_share": 16.96,
            "book_valuer_per_share_4q_avg": 17.21,
            "equity": 6965622,
            "current_ratio": 244.66,
            "debt_ratio": 25.85,
            "inventory_turnover_ratio": 0.7,
            "account_receivable_turnover_ratio": null,
            "reinvestment_rate": null,
            "research_to_sale_ratio": null,
            "price_fair": 4.02,
            "eps_avg_yearly": 1.34,
            "eps_latest_yearly": 0.72,
            "eps_growth_yearly": -54.31
        },
        "20023": {
            "year_quarter": 20023,
            "year": 2002,
            "quarter": 3,
            "eps": 0.39,
            "eps_growth_year": 95,
            "eps_4q": 1.42,
            "eps_4q_growth_year": 451.76,
            "roe": 2.24,
            "roe_4q": 8,
            "gross_profit": 199839,
            "gross_margin": 27.8,
            "gross_margin_4q_avg": 25.98,
            "net_income": 157889,
            "net_income_4q": null,
            "revenue": 718813,
            "revenue_4q": null,
            "common_shares": 4108200,
            "book_valuer_per_share": 17.35,
            "book_valuer_per_share_4q_avg": 17.26,
            "equity": 7126812,
            "current_ratio": 295.66,
            "debt_ratio": 22.78,
            "inventory_turnover_ratio": 0.65,
            "account_receivable_turnover_ratio": null,
            "reinvestment_rate": null,
            "research_to_sale_ratio": null,
            "price_fair": 49.47,
            "eps_avg_yearly": 1.41,
            "eps_latest_yearly": 1.56,
            "eps_growth_yearly": 119.35
        },
        "20024": {
            "year_quarter": 20024,
            "year": 2002,
            "quarter": 4,
            "eps": 0.16,
            "eps_growth_year": -55.56,
            "eps_4q": 1.19,
            "eps_4q_growth_year": 20.67,
            "roe": 0.9,
            "roe_4q": 6.87,
            "gross_profit": 215638,
            "gross_margin": 27.24,
            "gross_margin_4q_avg": 26.52,
            "net_income": 66550,
            "net_income_4q": null,
            "revenue": 791650,
            "revenue_4q": null,
            "common_shares": 4108200,
            "book_valuer_per_share": 17.71,
            "book_valuer_per_share_4q_avg": 17.37,
            "equity": 7694555,
            "current_ratio": 261.75,
            "debt_ratio": 28,
            "inventory_turnover_ratio": 0.53,
            "account_receivable_turnover_ratio": null,
            "reinvestment_rate": -23.3,
            "research_to_sale_ratio": null,
            "price_fair": 42.7,
            "eps_avg_yearly": 1.22,
            "eps_latest_yearly": 0.64,
            "eps_growth_yearly": 30.54
        },
        "20031": {
            "year_quarter": 20031,
            "year": 2003,
            "quarter": 1,
            "eps": 0.31,
            "eps_growth_year": -36.73,
            "eps_4q": 1.04,
            "eps_4q_growth_year": -5.94,
            "roe": 1.67,
            "roe_4q": 5.83,
            "gross_profit": 171353,
            "gross_margin": 27.25,
            "gross_margin_4q_avg": 26.65,
            "net_income": 125948,
            "net_income_4q": null,
            "revenue": 628787,
            "revenue_4q": null,
            "common_shares": 4108200,
            "book_valuer_per_share": 18.01,
            "book_valuer_per_share_4q_avg": 17.51,
            "equity": 7397368,
            "current_ratio": 311.48,
            "debt_ratio": 21.82,
            "inventory_turnover_ratio": 0.42,
            "account_receivable_turnover_ratio": null,
            "reinvestment_rate": -25.63,
            "research_to_sale_ratio": null,
            "price_fair": 42.84,
            "eps_avg_yearly": 1.22,
            "eps_latest_yearly": 1.24,
            "eps_growth_yearly": 99.43
        },
        "20032": {
            "year_quarter": 20032,
            "year": 2003,
            "quarter": 2,
            "eps": 0.34,
            "eps_growth_year": 88.89,
            "eps_4q": 1.19,
            "eps_4q_growth_year": -4.08,
            "roe": 1.92,
            "roe_4q": 6.73,
            "gross_profit": 194466,
            "gross_margin": 25.29,
            "gross_margin_4q_avg": 26.9,
            "net_income": 139733,
            "net_income_4q": null,
            "revenue": 769087,
            "revenue_4q": null,
            "common_shares": 4108200,
            "book_valuer_per_share": 17.46,
            "book_valuer_per_share_4q_avg": 17.63,
            "equity": 7174685,
            "current_ratio": 237.61,
            "debt_ratio": 24.94,
            "inventory_turnover_ratio": 0.72,
            "account_receivable_turnover_ratio": null,
            "reinvestment_rate": -24.75,
            "research_to_sale_ratio": null,
            "price_fair": 43.63,
            "eps_avg_yearly": 1.25,
            "eps_latest_yearly": 1.36,
            "eps_growth_yearly": 89.31
        },
        "20033": {
            "year_quarter": 20033,
            "year": 2003,
            "quarter": 3,
            "eps": 0.35,
            "eps_growth_year": -10.26,
            "eps_4q": 1.18,
            "eps_4q_growth_year": -17.14,
            "roe": 1.94,
            "roe_4q": 6.43,
            "gross_profit": 183396,
            "gross_margin": 24.72,
            "gross_margin_4q_avg": 26.13,
            "net_income": 140895,
            "net_income_4q": null,
            "revenue": 741790,
            "revenue_4q": null,
            "common_shares": 4108200,
            "book_valuer_per_share": 17.8,
            "book_valuer_per_share_4q_avg": 17.75,
            "equity": 7313728,
            "current_ratio": 334.44,
            "debt_ratio": 20.72,
            "inventory_turnover_ratio": 0.72,
            "account_receivable_turnover_ratio": null,
            "reinvestment_rate": -26.53,
            "research_to_sale_ratio": null,
            "price_fair": 44.4,
            "eps_avg_yearly": 1.27,
            "eps_latest_yearly": 1.4,
            "eps_growth_yearly": 78.23
        },
        "20034": {
            "year_quarter": 20034,
            "year": 2003,
            "quarter": 4,
            "eps": 0.41,
            "eps_growth_year": 156.25,
            "eps_4q": 1.41,
            "eps_4q_growth_year": 18.69,
            "roe": 2.18,
            "roe_4q": 7.71,
            "gross_profit": 167616,
            "gross_margin": 20.91,
            "gross_margin_4q_avg": 24.54,
            "net_income": 166763,
            "net_income_4q": null,
            "revenue": 801604,
            "revenue_4q": null,
            "common_shares": 4108200,
            "book_valuer_per_share": 18.09,
            "book_valuer_per_share_4q_avg": 17.84,
            "equity": 7990339,
            "current_ratio": 252.55,
            "debt_ratio": 29.61,
            "inventory_turnover_ratio": 0.57,
            "account_receivable_turnover_ratio": null,
            "reinvestment_rate": -26.78,
            "research_to_sale_ratio": null,
            "price_fair": 46.03,
            "eps_avg_yearly": 1.32,
            "eps_latest_yearly": 1.64,
            "eps_growth_yearly": 77.02
        },
        "20041": {
            "year_quarter": 20041,
            "year": 2004,
            "quarter": 1,
            "eps": 0.32,
            "eps_growth_year": 3.23,
            "eps_4q": 1.4,
            "eps_4q_growth_year": 34.95,
            "roe": 1.7,
            "roe_4q": 7.74,
            "gross_profit": 169071,
            "gross_margin": 25.29,
            "gross_margin_4q_avg": 24.05,
            "net_income": 132145,
            "net_income_4q": null,
            "revenue": 668533,
            "revenue_4q": null,
            "common_shares": 4108200,
            "book_valuer_per_share": 18.4,
            "book_valuer_per_share_4q_avg": 17.94,
            "equity": 7560849,
            "current_ratio": 340.51,
            "debt_ratio": 20.94,
            "inventory_turnover_ratio": 0.45,
            "account_receivable_turnover_ratio": null,
            "reinvestment_rate": -44.82,
            "research_to_sale_ratio": null,
            "price_fair": 45.89,
            "eps_avg_yearly": 1.31,
            "eps_latest_yearly": 1.28,
            "eps_growth_yearly": 58.71
        },
        "20042": {
            "year_quarter": 20042,
            "year": 2004,
            "quarter": 2,
            "eps": 0.16,
            "eps_growth_year": -52.94,
            "eps_4q": 1.25,
            "eps_4q_growth_year": 5.17,
            "roe": 0.87,
            "roe_4q": 6.6899999999999995,
            "gross_profit": 181966,
            "gross_margin": 23.64,
            "gross_margin_4q_avg": 23.64,
            "net_income": 64307,
            "net_income_4q": null,
            "revenue": 769810,
            "revenue_4q": null,
            "common_shares": 4108200,
            "book_valuer_per_share": 17.71,
            "book_valuer_per_share_4q_avg": 18,
            "equity": 7274905,
            "current_ratio": 231.9,
            "debt_ratio": 25.98,
            "inventory_turnover_ratio": 0.72,
            "account_receivable_turnover_ratio": null,
            "reinvestment_rate": -61.4,
            "research_to_sale_ratio": null,
            "price_fair": 43.54,
            "eps_avg_yearly": 1.24,
            "eps_latest_yearly": 0.64,
            "eps_growth_yearly": 32.84
        },
        "20043": {
            "year_quarter": 20043,
            "year": 2004,
            "quarter": 3,
            "eps": 0.42,
            "eps_growth_year": 20,
            "eps_4q": 1.31,
            "eps_4q_growth_year": 11.67,
            "roe": 2.32,
            "roe_4q": 7.07,
            "gross_profit": 184788,
            "gross_margin": 22.62,
            "gross_margin_4q_avg": 23.12,
            "net_income": 170933,
            "net_income_4q": null,
            "revenue": 816807,
            "revenue_4q": null,
            "common_shares": 4108200,
            "book_valuer_per_share": 18.13,
            "book_valuer_per_share_4q_avg": 18.08,
            "equity": 7446302,
            "current_ratio": 272.9,
            "debt_ratio": 23.06,
            "inventory_turnover_ratio": 0.73,
            "account_receivable_turnover_ratio": null,
            "reinvestment_rate": -50.49,
            "research_to_sale_ratio": null,
            "price_fair": 44.93,
            "eps_avg_yearly": 1.28,
            "eps_latest_yearly": 1.68,
            "eps_growth_yearly": 88.94
        },
        "20044": {
            "year_quarter": 20044,
            "year": 2004,
            "quarter": 4,
            "eps": 0.3,
            "eps_growth_year": -26.83,
            "eps_4q": 1.21,
            "eps_4q_growth_year": -14.39,
            "roe": 1.56,
            "roe_4q": 6.45,
            "gross_profit": 167770,
            "gross_margin": 20.57,
            "gross_margin_4q_avg": 23.03,
            "net_income": 121555,
            "net_income_4q": null,
            "revenue": 815568,
            "revenue_4q": null,
            "common_shares": 4108200,
            "book_valuer_per_share": 18.01,
            "book_valuer_per_share_4q_avg": 18.06,
            "equity": 8092403,
            "current_ratio": 232.22,
            "debt_ratio": 32.19,
            "inventory_turnover_ratio": 0.5,
            "account_receivable_turnover_ratio": null,
            "reinvestment_rate": -35.94,
            "research_to_sale_ratio": null,
            "price_fair": 44.68,
            "eps_avg_yearly": 1.28,
            "eps_latest_yearly": 1.2,
            "eps_growth_yearly": 72.01
        },
        "20051": {
            "year_quarter": 20051,
            "year": 2005,
            "quarter": 1,
            "eps": 0.5,
            "eps_growth_year": 56.25,
            "eps_4q": 1.37,
            "eps_4q_growth_year": -2.73,
            "roe": 2.63,
            "roe_4q": 7.38,
            "gross_profit": 220372,
            "gross_margin": 26.2,
            "gross_margin_4q_avg": 23.26,
            "net_income": 206227,
            "net_income_4q": null,
            "revenue": 841072,
            "revenue_4q": null,
            "common_shares": 4108200,
            "book_valuer_per_share": 18.51,
            "book_valuer_per_share_4q_avg": 18.09,
            "equity": 7603797,
            "current_ratio": 269.89,
            "debt_ratio": 23.62,
            "inventory_turnover_ratio": 0.46,
            "account_receivable_turnover_ratio": null,
            "reinvestment_rate": -45.13,
            "research_to_sale_ratio": null,
            "price_fair": 46.63,
            "eps_avg_yearly": 1.33,
            "eps_latest_yearly": 2,
            "eps_growth_yearly": 86.98
        },
        "20052": {
            "year_quarter": 20052,
            "year": 2005,
            "quarter": 2,
            "eps": 0.32,
            "eps_growth_year": 100,
            "eps_4q": 1.53,
            "eps_4q_growth_year": 21.76,
            "roe": 1.76,
            "roe_4q": 8.27,
            "gross_profit": 217930,
            "gross_margin": 25.52,
            "gross_margin_4q_avg": 23.73,
            "net_income": 132198,
            "net_income_4q": null,
            "revenue": 854012,
            "revenue_4q": null,
            "common_shares": 4108200,
            "book_valuer_per_share": 18.13,
            "book_valuer_per_share_4q_avg": 18.2,
            "equity": 7446114,
            "current_ratio": 216.73,
            "debt_ratio": 26.63,
            "inventory_turnover_ratio": 0.63,
            "account_receivable_turnover_ratio": null,
            "reinvestment_rate": -41.13,
            "research_to_sale_ratio": null,
            "price_fair": 46.5,
            "eps_avg_yearly": 1.33,
            "eps_latest_yearly": 1.28,
            "eps_growth_yearly": 70.48
        },
        "20053": {
            "year_quarter": 20053,
            "year": 2005,
            "quarter": 3,
            "eps": 0.3,
            "eps_growth_year": -28.57,
            "eps_4q": 1.41,
            "eps_4q_growth_year": 7.77,
            "roe": 1.63,
            "roe_4q": 7.58,
            "gross_profit": 218339,
            "gross_margin": 23.41,
            "gross_margin_4q_avg": 23.93,
            "net_income": 123830,
            "net_income_4q": null,
            "revenue": 932585,
            "revenue_4q": null,
            "common_shares": 4108200,
            "book_valuer_per_share": 18.82,
            "book_valuer_per_share_4q_avg": 18.37,
            "equity": 7730747,
            "current_ratio": 255.13,
            "debt_ratio": 23.84,
            "inventory_turnover_ratio": 0.73,
            "account_receivable_turnover_ratio": null,
            "reinvestment_rate": -40.79,
            "research_to_sale_ratio": null,
            "price_fair": 46.2,
            "eps_avg_yearly": 1.32,
            "eps_latest_yearly": 1.2,
            "eps_growth_yearly": 64.12
        },
        "20054": {
            "year_quarter": 20054,
            "year": 2005,
            "quarter": 4,
            "eps": 0.19,
            "eps_growth_year": -36.67,
            "eps_4q": 1.35,
            "eps_4q_growth_year": 11.76,
            "roe": 0.93,
            "roe_4q": 6.95,
            "gross_profit": 190702,
            "gross_margin": 22.08,
            "gross_margin_4q_avg": 24.3,
            "net_income": 75801,
            "net_income_4q": null,
            "revenue": 863585,
            "revenue_4q": null,
            "common_shares": 4108200,
            "book_valuer_per_share": 18.86,
            "book_valuer_per_share_4q_avg": 18.58,
            "equity": 8593689,
            "current_ratio": 265.97,
            "debt_ratio": 31.65,
            "inventory_turnover_ratio": 0.46,
            "account_receivable_turnover_ratio": null,
            "reinvestment_rate": -24.2,
            "research_to_sale_ratio": null,
            "price_fair": 44.98,
            "eps_avg_yearly": 1.29,
            "eps_latest_yearly": 0.76,
            "eps_growth_yearly": 50.94
        },
        "20061": {
            "year_quarter": 20061,
            "year": 2006,
            "quarter": 1,
            "eps": 0.39,
            "eps_growth_year": -22,
            "eps_4q": 1.19,
            "eps_4q_growth_year": -12.48,
            "roe": 1.95,
            "roe_4q": 6.27,
            "gross_profit": 240650,
            "gross_margin": 30.69,
            "gross_margin_4q_avg": 25.43,
            "net_income": 160827,
            "net_income_4q": null,
            "revenue": 784226,
            "revenue_4q": null,
            "common_shares": 4108200,
            "book_valuer_per_share": 19.26,
            "book_valuer_per_share_4q_avg": 18.77,
            "equity": 7910484,
            "current_ratio": 270.87,
            "debt_ratio": 22.85,
            "inventory_turnover_ratio": 0.37,
            "account_receivable_turnover_ratio": null,
            "reinvestment_rate": -42.42,
            "research_to_sale_ratio": null,
            "price_fair": 44.1,
            "eps_avg_yearly": 1.26,
            "eps_latest_yearly": 1.56,
            "eps_growth_yearly": 68.23
        },
        "20062": {
            "year_quarter": 20062,
            "year": 2006,
            "quarter": 2,
            "eps": 0.33,
            "eps_growth_year": 3.12,
            "eps_4q": 1.2,
            "eps_4q_growth_year": -21.59,
            "roe": 1.76,
            "roe_4q": 6.27,
            "gross_profit": 244868,
            "gross_margin": 30.5,
            "gross_margin_4q_avg": 26.67,
            "net_income": 137124,
            "net_income_4q": null,
            "revenue": 802713,
            "revenue_4q": null,
            "common_shares": 4108200,
            "book_valuer_per_share": 18.65,
            "book_valuer_per_share_4q_avg": 18.9,
            "equity": 7661049,
            "current_ratio": 203.26,
            "debt_ratio": 27.46,
            "inventory_turnover_ratio": 0.62,
            "account_receivable_turnover_ratio": null,
            "reinvestment_rate": -40.98,
            "research_to_sale_ratio": null,
            "price_fair": 45.41,
            "eps_avg_yearly": 1.3,
            "eps_latest_yearly": 1.32,
            "eps_growth_yearly": 80.2
        },
        "20063": {
            "year_quarter": 20063,
            "year": 2006,
            "quarter": 3,
            "eps": 0.42,
            "eps_growth_year": 40,
            "eps_4q": 1.34,
            "eps_4q_growth_year": -5.03,
            "roe": 2.19,
            "roe_4q": 6.83,
            "gross_profit": 245294,
            "gross_margin": 28.48,
            "gross_margin_4q_avg": 27.94,
            "net_income": 170034,
            "net_income_4q": null,
            "revenue": 861394,
            "revenue_4q": null,
            "common_shares": 4108200,
            "book_valuer_per_share": 19.11,
            "book_valuer_per_share_4q_avg": 18.97,
            "equity": 7852663,
            "current_ratio": 233.61,
            "debt_ratio": 24.12,
            "inventory_turnover_ratio": 0.68,
            "account_receivable_turnover_ratio": null,
            "reinvestment_rate": -41.57,
            "research_to_sale_ratio": null,
            "price_fair": 45.68,
            "eps_avg_yearly": 1.31,
            "eps_latest_yearly": 1.68,
            "eps_growth_yearly": 57.85
        },
        "20064": {
            "year_quarter": 20064,
            "year": 2006,
            "quarter": 4,
            "eps": 0.23,
            "eps_growth_year": 21.05,
            "eps_4q": 1.37,
            "eps_4q_growth_year": 1.76,
            "roe": 1.12,
            "roe_4q": 7.0200000000000005,
            "gross_profit": 219051,
            "gross_margin": 23.63,
            "gross_margin_4q_avg": 28.33,
            "net_income": 94221,
            "net_income_4q": null,
            "revenue": 927190,
            "revenue_4q": null,
            "common_shares": 4108200,
            "book_valuer_per_share": 19.46,
            "book_valuer_per_share_4q_avg": 19.12,
            "equity": 8964935,
            "current_ratio": 236.68,
            "debt_ratio": 34.81,
            "inventory_turnover_ratio": 0.44,
            "account_receivable_turnover_ratio": null,
            "reinvestment_rate": -18.07,
            "research_to_sale_ratio": null,
            "price_fair": 46.29,
            "eps_avg_yearly": 1.32,
            "eps_latest_yearly": 0.92,
            "eps_growth_yearly": 61.29
        },
        "20071": {
            "year_quarter": 20071,
            "year": 2007,
            "quarter": 1,
            "eps": 0.74,
            "eps_growth_year": 89.74,
            "eps_4q": 1.72,
            "eps_4q_growth_year": 44.04,
            "roe": 3.51,
            "roe_4q": 8.58,
            "gross_profit": 291285,
            "gross_margin": 33.49,
            "gross_margin_4q_avg": 29.03,
            "net_income": 302845,
            "net_income_4q": null,
            "revenue": 869658,
            "revenue_4q": null,
            "common_shares": 4108200,
            "book_valuer_per_share": 20.19,
            "book_valuer_per_share_4q_avg": 19.35,
            "equity": 8296215,
            "current_ratio": 225.97,
            "debt_ratio": 23.89,
            "inventory_turnover_ratio": 0.35,
            "account_receivable_turnover_ratio": null,
            "reinvestment_rate": -37.65,
            "research_to_sale_ratio": null,
            "price_fair": 50.05,
            "eps_avg_yearly": 1.43,
            "eps_latest_yearly": 2.96,
            "eps_growth_yearly": 93.29
        },
        "20072": {
            "year_quarter": 20072,
            "year": 2007,
            "quarter": 2,
            "eps": 0.51,
            "eps_growth_year": 54.55,
            "eps_4q": 1.89,
            "eps_4q_growth_year": 57.6,
            "roe": 2.53,
            "roe_4q": 9.35,
            "gross_profit": 253177,
            "gross_margin": 26.04,
            "gross_margin_4q_avg": 27.91,
            "net_income": 210001,
            "net_income_4q": null,
            "revenue": 972168,
            "revenue_4q": null,
            "common_shares": 4108200,
            "book_valuer_per_share": 20.23,
            "book_valuer_per_share_4q_avg": 19.75,
            "equity": 8309304,
            "current_ratio": 194.54,
            "debt_ratio": 26.77,
            "inventory_turnover_ratio": 0.72,
            "account_receivable_turnover_ratio": null,
            "reinvestment_rate": -36.73,
            "research_to_sale_ratio": null,
            "price_fair": 51.54,
            "eps_avg_yearly": 1.47,
            "eps_latest_yearly": 2.04,
            "eps_growth_yearly": 83.1
        },
        "20073": {
            "year_quarter": 20073,
            "year": 2007,
            "quarter": 3,
            "eps": 0.7,
            "eps_growth_year": 66.67,
            "eps_4q": 2.18,
            "eps_4q_growth_year": 62.01,
            "roe": 3.4,
            "roe_4q": 10.559999999999999,
            "gross_profit": 247021,
            "gross_margin": 26.26,
            "gross_margin_4q_avg": 27.36,
            "net_income": 287883,
            "net_income_4q": null,
            "revenue": 940590,
            "revenue_4q": null,
            "common_shares": 4108200,
            "book_valuer_per_share": 20.94,
            "book_valuer_per_share_4q_avg": 20.21,
            "equity": 8601464,
            "current_ratio": 219.55,
            "debt_ratio": 24.51,
            "inventory_turnover_ratio": 0.64,
            "account_receivable_turnover_ratio": null,
            "reinvestment_rate": -39.57,
            "research_to_sale_ratio": null,
            "price_fair": 54.6,
            "eps_avg_yearly": 1.56,
            "eps_latest_yearly": 2.8,
            "eps_growth_yearly": 91.67
        },
        "20074": {
            "year_quarter": 20074,
            "year": 2007,
            "quarter": 4,
            "eps": 0.06,
            "eps_growth_year": -73.91,
            "eps_4q": 2.05,
            "eps_4q_growth_year": 49.46,
            "roe": 0.26,
            "roe_4q": 9.7,
            "gross_profit": 272011,
            "gross_margin": 25.19,
            "gross_margin_4q_avg": 27.75,
            "net_income": 24129,
            "net_income_4q": null,
            "revenue": 1079842,
            "revenue_4q": null,
            "common_shares": 4108200,
            "book_valuer_per_share": 21.13,
            "book_valuer_per_share_4q_avg": 20.62,
            "equity": 9842422,
            "current_ratio": 216.98,
            "debt_ratio": 37.55,
            "inventory_turnover_ratio": 0.37,
            "account_receivable_turnover_ratio": null,
            "reinvestment_rate": -14.55,
            "research_to_sale_ratio": null,
            "price_fair": 51.54,
            "eps_avg_yearly": 1.47,
            "eps_latest_yearly": 0.24,
            "eps_growth_yearly": 64.53
        },
        "20081": {
            "year_quarter": 20081,
            "year": 2008,
            "quarter": 1,
            "eps": 0.29,
            "eps_growth_year": -60.81,
            "eps_4q": 1.35,
            "eps_4q_growth_year": -21.61,
            "roe": 1.5,
            "roe_4q": 7.6899999999999995,
            "gross_profit": 634852,
            "gross_margin": 25.96,
            "gross_margin_4q_avg": 25.86,
            "net_income": 137509,
            "net_income_4q": null,
            "revenue": 2445463,
            "revenue_4q": null,
            "common_shares": 4108200,
            "book_valuer_per_share": 20.94,
            "book_valuer_per_share_4q_avg": 20.81,
            "equity": 8485524,
            "current_ratio": 198.12,
            "debt_ratio": 39.77,
            "inventory_turnover_ratio": 0.57,
            "account_receivable_turnover_ratio": null,
            "reinvestment_rate": 9.22,
            "research_to_sale_ratio": null,
            "price_fair": 51.28,
            "eps_avg_yearly": 1.47,
            "eps_latest_yearly": 1.16,
            "eps_growth_yearly": 165.85
        },
        "20082": {
            "year_quarter": 20082,
            "year": 2008,
            "quarter": 2,
            "eps": 0.59,
            "eps_growth_year": 15.69,
            "eps_4q": 1.46,
            "eps_4q_growth_year": -22.47,
            "roe": 3.17,
            "roe_4q": 8.33,
            "gross_profit": 796682,
            "gross_margin": 25.58,
            "gross_margin_4q_avg": 25.75,
            "net_income": 271204,
            "net_income_4q": null,
            "revenue": 3114118,
            "revenue_4q": null,
            "common_shares": 4108200,
            "book_valuer_per_share": 20.66,
            "book_valuer_per_share_4q_avg": 20.92,
            "equity": 8626221,
            "current_ratio": 176.86,
            "debt_ratio": 43.44,
            "inventory_turnover_ratio": 0.69,
            "account_receivable_turnover_ratio": null,
            "reinvestment_rate": 18.96,
            "research_to_sale_ratio": null,
            "price_fair": 55.04,
            "eps_avg_yearly": 1.57,
            "eps_latest_yearly": 2.36,
            "eps_growth_yearly": 204.21
        },
        "20083": {
            "year_quarter": 20083,
            "year": 2008,
            "quarter": 3,
            "eps": 0.4,
            "eps_growth_year": -42.86,
            "eps_4q": 1.32,
            "eps_4q_growth_year": -39.23,
            "roe": 1.91,
            "roe_4q": 6.84,
            "gross_profit": 741163,
            "gross_margin": 23.29,
            "gross_margin_4q_avg": 25.01,
            "net_income": 165972,
            "net_income_4q": null,
            "revenue": 3182202,
            "revenue_4q": null,
            "common_shares": 4108200,
            "book_valuer_per_share": 21.21,
            "book_valuer_per_share_4q_avg": 20.99,
            "equity": 8789614,
            "current_ratio": 189.61,
            "debt_ratio": 40.47,
            "inventory_turnover_ratio": 0.69,
            "account_receivable_turnover_ratio": null,
            "reinvestment_rate": 15.55,
            "research_to_sale_ratio": null,
            "price_fair": 54.86,
            "eps_avg_yearly": 1.57,
            "eps_latest_yearly": 1.6,
            "eps_growth_yearly": 155.54
        },
        "20084": {
            "year_quarter": 20084,
            "year": 2008,
            "quarter": 4,
            "eps": 0.32,
            "eps_growth_year": 433.33,
            "eps_4q": 1.57,
            "eps_4q_growth_year": -23.26,
            "roe": 1.48,
            "roe_4q": 8.059999999999999,
            "gross_profit": 727560,
            "gross_margin": 22.45,
            "gross_margin_4q_avg": 24.32,
            "net_income": 133353,
            "net_income_4q": null,
            "revenue": 3241265,
            "revenue_4q": null,
            "common_shares": 4108200,
            "book_valuer_per_share": 22.15,
            "book_valuer_per_share_4q_avg": 21.24,
            "equity": 9250105,
            "current_ratio": 201.44,
            "debt_ratio": 37.73,
            "inventory_turnover_ratio": 0.74,
            "account_receivable_turnover_ratio": 1.96,
            "reinvestment_rate": 5.03,
            "research_to_sale_ratio": null,
            "price_fair": 55.04,
            "eps_avg_yearly": 1.57,
            "eps_latest_yearly": 1.28,
            "eps_growth_yearly": 157.68
        },
        "20091": {
            "year_quarter": 20091,
            "year": 2009,
            "quarter": 1,
            "eps": 0.5,
            "eps_growth_year": 72.41,
            "eps_4q": 1.76,
            "eps_4q_growth_year": 30.34,
            "roe": 2.22,
            "roe_4q": 8.780000000000001,
            "gross_profit": 671121,
            "gross_margin": 25.39,
            "gross_margin_4q_avg": 24.18,
            "net_income": 211252,
            "net_income_4q": null,
            "revenue": 2643325,
            "revenue_4q": null,
            "common_shares": 4108200,
            "book_valuer_per_share": 23.44,
            "book_valuer_per_share_4q_avg": 21.87,
            "equity": 9786271,
            "current_ratio": 213.37,
            "debt_ratio": 36.31,
            "inventory_turnover_ratio": 0.62,
            "account_receivable_turnover_ratio": 0.74,
            "reinvestment_rate": 48.54,
            "research_to_sale_ratio": null,
            "price_fair": 55.04,
            "eps_avg_yearly": 1.57,
            "eps_latest_yearly": 2,
            "eps_growth_yearly": 155.08
        },
        "20092": {
            "year_quarter": 20092,
            "year": 2009,
            "quarter": 2,
            "eps": 0.61,
            "eps_growth_year": 3.39,
            "eps_4q": 1.86,
            "eps_4q_growth_year": 26.84,
            "roe": 2.58,
            "roe_4q": 8.190000000000001,
            "gross_profit": 871113,
            "gross_margin": 26.73,
            "gross_margin_4q_avg": 24.47,
            "net_income": 246857,
            "net_income_4q": null,
            "revenue": 3258859,
            "revenue_4q": null,
            "common_shares": 4108200,
            "book_valuer_per_share": 22.31,
            "book_valuer_per_share_4q_avg": 22.28,
            "equity": 9313402,
            "current_ratio": 195.18,
            "debt_ratio": 38.56,
            "inventory_turnover_ratio": 0.83,
            "account_receivable_turnover_ratio": 0.9,
            "reinvestment_rate": 47.18,
            "research_to_sale_ratio": null,
            "price_fair": 57.58,
            "eps_avg_yearly": 1.65,
            "eps_latest_yearly": 2.44,
            "eps_growth_yearly": 169.58
        },
        "20093": {
            "year_quarter": 20093,
            "year": 2009,
            "quarter": 3,
            "eps": 0.64,
            "eps_growth_year": 60,
            "eps_4q": 2.08,
            "eps_4q_growth_year": 57.67,
            "roe": 2.76,
            "roe_4q": 9.040000000000001,
            "gross_profit": 848076,
            "gross_margin": 25.28,
            "gross_margin_4q_avg": 24.96,
            "net_income": 260966,
            "net_income_4q": null,
            "revenue": 3354372,
            "revenue_4q": null,
            "common_shares": 4108200,
            "book_valuer_per_share": 22.91,
            "book_valuer_per_share_4q_avg": 22.7,
            "equity": 9581186,
            "current_ratio": 200.33,
            "debt_ratio": 37.37,
            "inventory_turnover_ratio": 0.9,
            "account_receivable_turnover_ratio": 1.02,
            "reinvestment_rate": 48.47,
            "research_to_sale_ratio": null,
            "price_fair": 60.55,
            "eps_avg_yearly": 1.73,
            "eps_latest_yearly": 2.56,
            "eps_growth_yearly": 172.37
        },
        "20094": {
            "year_quarter": 20094,
            "year": 2009,
            "quarter": 4,
            "eps": 0.74,
            "eps_growth_year": 131.25,
            "eps_4q": 2.5,
            "eps_4q_growth_year": 58.69,
            "roe": 3.09,
            "roe_4q": 10.65,
            "gross_profit": 839981,
            "gross_margin": 31.26,
            "gross_margin_4q_avg": 27.17,
            "net_income": 298604,
            "net_income_4q": null,
            "revenue": 2687380,
            "revenue_4q": null,
            "common_shares": 4108200,
            "book_valuer_per_share": 23.53,
            "book_valuer_per_share_4q_avg": 23.05,
            "equity": 9765938,
            "current_ratio": 195.37,
            "debt_ratio": 37.75,
            "inventory_turnover_ratio": 0.66,
            "account_receivable_turnover_ratio": 1.92,
            "reinvestment_rate": 50.98,
            "research_to_sale_ratio": null,
            "price_fair": 65.36,
            "eps_avg_yearly": 1.87,
            "eps_latest_yearly": 2.96,
            "eps_growth_yearly": 185.44
        },
        "20101": {
            "year_quarter": 20101,
            "year": 2010,
            "quarter": 1,
            "eps": 0.7,
            "eps_growth_year": 40,
            "eps_4q": 2.69,
            "eps_4q_growth_year": 53.24,
            "roe": 2.9,
            "roe_4q": 11.33,
            "gross_profit": 771465,
            "gross_margin": 29.18,
            "gross_margin_4q_avg": 28.11,
            "net_income": 286410,
            "net_income_4q": null,
            "revenue": 2643544,
            "revenue_4q": null,
            "common_shares": 4108200,
            "book_valuer_per_share": 24.13,
            "book_valuer_per_share_4q_avg": 23.22,
            "equity": 10013810,
            "current_ratio": 205.37,
            "debt_ratio": 35.89,
            "inventory_turnover_ratio": 0.7,
            "account_receivable_turnover_ratio": 0.93,
            "reinvestment_rate": 76.28,
            "research_to_sale_ratio": 1.34,
            "price_fair": 68.08,
            "eps_avg_yearly": 1.95,
            "eps_latest_yearly": 2.8,
            "eps_growth_yearly": 157.78
        },
        "20102": {
            "year_quarter": 20102,
            "year": 2010,
            "quarter": 2,
            "eps": 0.88,
            "eps_growth_year": 44.43,
            "eps_4q": 2.96,
            "eps_4q_growth_year": 59.51,
            "roe": 3.69,
            "roe_4q": 12.44,
            "gross_profit": 1059402,
            "gross_margin": 29.07,
            "gross_margin_4q_avg": 28.7,
            "net_income": 366138,
            "net_income_4q": null,
            "revenue": 3644024,
            "revenue_4q": null,
            "common_shares": 4108200,
            "book_valuer_per_share": 23.73,
            "book_valuer_per_share_4q_avg": 23.58,
            "equity": 9837706,
            "current_ratio": 183.68,
            "debt_ratio": 40.68,
            "inventory_turnover_ratio": 1.01,
            "account_receivable_turnover_ratio": 1.17,
            "reinvestment_rate": 70.8,
            "research_to_sale_ratio": 4.27,
            "price_fair": 72.89,
            "eps_avg_yearly": 2.08,
            "eps_latest_yearly": 3.52,
            "eps_growth_yearly": 168.05
        },
        "20103": {
            "year_quarter": 20103,
            "year": 2010,
            "quarter": 3,
            "eps": 0.93,
            "eps_growth_year": 44.96,
            "eps_4q": 3.24,
            "eps_4q_growth_year": 55.63,
            "roe": 3.81,
            "roe_4q": 13.49,
            "gross_profit": 1079774,
            "gross_margin": 28.45,
            "gross_margin_4q_avg": 29.49,
            "net_income": 380579,
            "net_income_4q": null,
            "revenue": 3795544,
            "revenue_4q": null,
            "common_shares": 4108200,
            "book_valuer_per_share": 24.45,
            "book_valuer_per_share_4q_avg": 23.96,
            "equity": 10140974,
            "current_ratio": 186.62,
            "debt_ratio": 39.11,
            "inventory_turnover_ratio": 1.04,
            "account_receivable_turnover_ratio": 1.12,
            "reinvestment_rate": 73.32,
            "research_to_sale_ratio": -2.06,
            "price_fair": 77.35,
            "eps_avg_yearly": 2.21,
            "eps_latest_yearly": 3.72,
            "eps_growth_yearly": 162.65
        },
        "20104": {
            "year_quarter": 20104,
            "year": 2010,
            "quarter": 4,
            "eps": 0.79,
            "eps_growth_year": 7.38,
            "eps_4q": 3.3,
            "eps_4q_growth_year": 32.15,
            "roe": 3.18,
            "roe_4q": 13.58,
            "gross_profit": 945311,
            "gross_margin": 28.86,
            "gross_margin_4q_avg": 28.89,
            "net_income": 323175,
            "net_income_4q": null,
            "revenue": 3275736,
            "revenue_4q": null,
            "common_shares": 4108200,
            "book_valuer_per_share": 24.39,
            "book_valuer_per_share_4q_avg": 24.18,
            "equity": 10154035,
            "current_ratio": 182.84,
            "debt_ratio": 41.31,
            "inventory_turnover_ratio": 0.84,
            "account_receivable_turnover_ratio": 0.97,
            "reinvestment_rate": 40.47,
            "research_to_sale_ratio": 7.8,
            "price_fair": 82.25,
            "eps_avg_yearly": 2.35,
            "eps_latest_yearly": 3.16,
            "eps_growth_yearly": 170.2
        },
        "20111": {
            "year_quarter": 20111,
            "year": 2011,
            "quarter": 1,
            "eps": 0.81,
            "eps_growth_year": 15.71,
            "eps_4q": 3.41,
            "eps_4q_growth_year": 26.62,
            "roe": 3.28,
            "roe_4q": 13.959999999999999,
            "gross_profit": 784095,
            "gross_margin": 25.33,
            "gross_margin_4q_avg": 27.93,
            "net_income": 339552,
            "net_income_4q": null,
            "revenue": 3094968,
            "revenue_4q": null,
            "common_shares": 4108200,
            "book_valuer_per_share": 25.41,
            "book_valuer_per_share_4q_avg": 24.5,
            "equity": 10556939,
            "current_ratio": 201.95,
            "debt_ratio": 36.06,
            "inventory_turnover_ratio": 0.83,
            "account_receivable_turnover_ratio": 0.89,
            "reinvestment_rate": 69.56,
            "research_to_sale_ratio": 0.8,
            "price_fair": 82.86,
            "eps_avg_yearly": 2.37,
            "eps_latest_yearly": 3.24,
            "eps_growth_yearly": 115.4
        },
        "20112": {
            "year_quarter": 20112,
            "year": 2011,
            "quarter": 2,
            "eps": 0.95,
            "eps_growth_year": 7.44,
            "eps_4q": 3.48,
            "eps_4q_growth_year": 17.44,
            "roe": 3.74,
            "roe_4q": 14.01,
            "gross_profit": 977463,
            "gross_margin": 25.67,
            "gross_margin_4q_avg": 27.08,
            "net_income": 384740,
            "net_income_4q": null,
            "revenue": 3807862,
            "revenue_4q": null,
            "common_shares": 4108200,
            "book_valuer_per_share": 24.14,
            "book_valuer_per_share_4q_avg": 24.6,
            "equity": 10026991,
            "current_ratio": 171.64,
            "debt_ratio": 43.49,
            "inventory_turnover_ratio": 1.06,
            "account_receivable_turnover_ratio": 0.98,
            "reinvestment_rate": 69.82,
            "research_to_sale_ratio": 3.33,
            "price_fair": 86.71,
            "eps_avg_yearly": 2.48,
            "eps_latest_yearly": 3.8,
            "eps_growth_yearly": 127.49
        },
        "20113": {
            "year_quarter": 20113,
            "year": 2011,
            "quarter": 3,
            "eps": 1.05,
            "eps_growth_year": 12.99,
            "eps_4q": 3.6,
            "eps_4q_growth_year": 10.87,
            "roe": 4.17,
            "roe_4q": 14.37,
            "gross_profit": 1161511,
            "gross_margin": 24.7,
            "gross_margin_4q_avg": 26.14,
            "net_income": 436894,
            "net_income_4q": null,
            "revenue": 4703351,
            "revenue_4q": null,
            "common_shares": 4108200,
            "book_valuer_per_share": 26.42,
            "book_valuer_per_share_4q_avg": 25.09,
            "equity": 10949788,
            "current_ratio": 168.72,
            "debt_ratio": 42.68,
            "inventory_turnover_ratio": 1.2,
            "account_receivable_turnover_ratio": 1.04,
            "reinvestment_rate": 77.3,
            "research_to_sale_ratio": -1.61,
            "price_fair": 89.78,
            "eps_avg_yearly": 2.57,
            "eps_latest_yearly": 4.2,
            "eps_growth_yearly": 120.81
        },
        "20114": {
            "year_quarter": 20114,
            "year": 2011,
            "quarter": 4,
            "eps": 0.81,
            "eps_growth_year": 1.43,
            "eps_4q": 3.61,
            "eps_4q_growth_year": 9.34,
            "roe": 2.94,
            "roe_4q": 14.129999999999999,
            "gross_profit": 923165,
            "gross_margin": 23.4,
            "gross_margin_4q_avg": 24.78,
            "net_income": 326376,
            "net_income_4q": null,
            "revenue": 3945754,
            "revenue_4q": null,
            "common_shares": 4108200,
            "book_valuer_per_share": 27.22,
            "book_valuer_per_share_4q_avg": 25.8,
            "equity": 11271712,
            "current_ratio": 178.36,
            "debt_ratio": 41.72,
            "inventory_turnover_ratio": 0.93,
            "account_receivable_turnover_ratio": 0.79,
            "reinvestment_rate": 52.34,
            "research_to_sale_ratio": 7.07,
            "price_fair": 96.34,
            "eps_avg_yearly": 2.75,
            "eps_latest_yearly": 3.24,
            "eps_growth_yearly": 137.95
        },
        "20121": {
            "year_quarter": 20121,
            "year": 2012,
            "quarter": 1,
            "eps": 0.66,
            "eps_growth_year": -18.52,
            "eps_4q": 3.46,
            "eps_4q_growth_year": 1.42,
            "roe": 2.42,
            "roe_4q": 13.27,
            "gross_profit": 871370,
            "gross_margin": 23.12,
            "gross_margin_4q_avg": 24.22,
            "net_income": 273937,
            "net_income_4q": null,
            "revenue": 3769586,
            "revenue_4q": null,
            "common_shares": 4108200,
            "book_valuer_per_share": 27.41,
            "book_valuer_per_share_4q_avg": 26.3,
            "equity": 11362024,
            "current_ratio": 188.62,
            "debt_ratio": 39.26,
            "inventory_turnover_ratio": 0.92,
            "account_receivable_turnover_ratio": 0.77,
            "reinvestment_rate": 53.05,
            "research_to_sale_ratio": 0.7,
            "price_fair": 99.58,
            "eps_avg_yearly": 2.85,
            "eps_latest_yearly": 2.64,
            "eps_growth_yearly": 37.49
        },
        "20122": {
            "year_quarter": 20122,
            "year": 2012,
            "quarter": 2,
            "eps": 0.9,
            "eps_growth_year": -5.39,
            "eps_4q": 3.41,
            "eps_4q_growth_year": -1.95,
            "roe": 3.32,
            "roe_4q": 12.85,
            "gross_profit": 1236077,
            "gross_margin": 26.69,
            "gross_margin_4q_avg": 24.48,
            "net_income": 369375,
            "net_income_4q": null,
            "revenue": 4631426,
            "revenue_4q": null,
            "common_shares": 4108200,
            "book_valuer_per_share": 26.22,
            "book_valuer_per_share_4q_avg": 26.82,
            "equity": 10864375,
            "current_ratio": 159.36,
            "debt_ratio": 46.12,
            "inventory_turnover_ratio": 1.13,
            "account_receivable_turnover_ratio": 0.9,
            "reinvestment_rate": 54.23,
            "research_to_sale_ratio": 3.18,
            "price_fair": 89.76,
            "eps_avg_yearly": 2.92,
            "eps_latest_yearly": 3.6,
            "eps_growth_yearly": 20.71
        },
        "20123": {
            "year_quarter": 20123,
            "year": 2012,
            "quarter": 3,
            "eps": 1.26,
            "eps_growth_year": 20.25,
            "eps_4q": 3.62,
            "eps_4q_growth_year": 0.66,
            "roe": 4.65,
            "roe_4q": 13.33,
            "gross_profit": 1491363,
            "gross_margin": 25.34,
            "gross_margin_4q_avg": 24.64,
            "net_income": 513215,
            "net_income_4q": null,
            "revenue": 5885172,
            "revenue_4q": null,
            "common_shares": 4108200,
            "book_valuer_per_share": 27.1,
            "book_valuer_per_share_4q_avg": 26.99,
            "equity": 11228624,
            "current_ratio": 163.02,
            "debt_ratio": 45.89,
            "inventory_turnover_ratio": 1.38,
            "account_receivable_turnover_ratio": 1.04,
            "reinvestment_rate": 48.75,
            "research_to_sale_ratio": 1.31,
            "price_fair": 109.81,
            "eps_avg_yearly": 3.14,
            "eps_latest_yearly": 5.04,
            "eps_growth_yearly": 38.76
        },
        "20124": {
            "year_quarter": 20124,
            "year": 2012,
            "quarter": 4,
            "eps": 0.98,
            "eps_growth_year": 21.18,
            "eps_4q": 3.79,
            "eps_4q_growth_year": 5.07,
            "roe": 3.47,
            "roe_4q": 13.860000000000001,
            "gross_profit": 1272942,
            "gross_margin": 28.12,
            "gross_margin_4q_avg": 25.82,
            "net_income": 396219,
            "net_income_4q": null,
            "revenue": 4527299,
            "revenue_4q": null,
            "common_shares": 4108200,
            "book_valuer_per_share": 28.01,
            "book_valuer_per_share_4q_avg": 27.19,
            "equity": 11598415,
            "current_ratio": 169.1,
            "debt_ratio": 44.22,
            "inventory_turnover_ratio": 0.93,
            "account_receivable_turnover_ratio": 0.79,
            "reinvestment_rate": 44.94,
            "research_to_sale_ratio": 3.94,
            "price_fair": 115.59,
            "eps_avg_yearly": 3.3,
            "eps_latest_yearly": 3.92,
            "eps_growth_yearly": 38.21
        },
        "20131": {
            "year_quarter": 20131,
            "year": 2013,
            "quarter": 1,
            "eps": 0.83,
            "eps_growth_year": 25.76,
            "eps_4q": 3.96,
            "eps_4q_growth_year": 14.42,
            "roe": 3.17,
            "roe_4q": 14.610000000000001,
            "gross_profit": 1086685,
            "gross_margin": 26.28,
            "gross_margin_4q_avg": 26.61,
            "net_income": 338042,
            "net_income_4q": null,
            "revenue": 4135404,
            "revenue_4q": null,
            "common_shares": 4108200,
            "book_valuer_per_share": 23.52,
            "book_valuer_per_share_4q_avg": 26.21,
            "equity": 9752422,
            "current_ratio": 121.72,
            "debt_ratio": 61.79,
            "inventory_turnover_ratio": 0.46,
            "account_receivable_turnover_ratio": 0.95,
            "reinvestment_rate": 51.28,
            "research_to_sale_ratio": 2.08,
            "price_fair": 102.63,
            "eps_avg_yearly": 3.39,
            "eps_latest_yearly": 3.32,
            "eps_growth_yearly": 20.32
        },
        "20132": {
            "year_quarter": 20132,
            "year": 2013,
            "quarter": 2,
            "eps": 0.77,
            "eps_growth_year": -14.02,
            "eps_4q": 3.83,
            "eps_4q_growth_year": 12.42,
            "roe": 3.34,
            "roe_4q": 14.63,
            "gross_profit": 1176516,
            "gross_margin": 24.53,
            "gross_margin_4q_avg": 26.07,
            "net_income": 317995,
            "net_income_4q": null,
            "revenue": 4796925,
            "revenue_4q": null,
            "common_shares": 4108200,
            "book_valuer_per_share": 22.38,
            "book_valuer_per_share_4q_avg": 25.25,
            "equity": 9289191,
            "current_ratio": 113.6,
            "debt_ratio": 67.1,
            "inventory_turnover_ratio": 0.36,
            "account_receivable_turnover_ratio": 1.44,
            "reinvestment_rate": 51.54,
            "research_to_sale_ratio": 2.92,
            "price_fair": 78.82,
            "eps_avg_yearly": 3.43,
            "eps_latest_yearly": 3.08,
            "eps_growth_yearly": 13.01
        },
        "20133": {
            "year_quarter": 20133,
            "year": 2013,
            "quarter": 3,
            "eps": 1.19,
            "eps_growth_year": -5.6,
            "eps_4q": 3.76,
            "eps_4q_growth_year": 3.9,
            "roe": 5.19,
            "roe_4q": 15.170000000000002,
            "gross_profit": 1262455,
            "gross_margin": 24.72,
            "gross_margin_4q_avg": 25.91,
            "net_income": 493770,
            "net_income_4q": null,
            "revenue": 5107200,
            "revenue_4q": null,
            "common_shares": 4108200,
            "book_valuer_per_share": 23.45,
            "book_valuer_per_share_4q_avg": 24.34,
            "equity": 9735161,
            "current_ratio": 115.43,
            "debt_ratio": 66.71,
            "inventory_turnover_ratio": 0.35,
            "account_receivable_turnover_ratio": 1.32,
            "reinvestment_rate": 48.5,
            "research_to_sale_ratio": 2.43,
            "price_fair": 124.69,
            "eps_avg_yearly": 3.56,
            "eps_latest_yearly": 4.76,
            "eps_growth_yearly": 25.42
        },
        "20134": {
            "year_quarter": 20134,
            "year": 2013,
            "quarter": 4,
            "eps": 1.41,
            "eps_growth_year": 44.05,
            "eps_4q": 4.19,
            "eps_4q_growth_year": 10.57,
            "roe": 5.76,
            "roe_4q": 17.46,
            "gross_profit": 1566345,
            "gross_margin": 26.66,
            "gross_margin_4q_avg": 25.55,
            "net_income": 579753,
            "net_income_4q": null,
            "revenue": 5874812,
            "revenue_4q": null,
            "common_shares": 4108200,
            "book_valuer_per_share": 25.09,
            "book_valuer_per_share_4q_avg": 23.61,
            "equity": 10409003,
            "current_ratio": 119.15,
            "debt_ratio": 65.17,
            "inventory_turnover_ratio": 0.38,
            "account_receivable_turnover_ratio": 1.42,
            "reinvestment_rate": 31.81,
            "research_to_sale_ratio": 2.17,
            "price_fair": 130.55,
            "eps_avg_yearly": 3.73,
            "eps_latest_yearly": 5.64,
            "eps_growth_yearly": 26.14
        },
        "20141": {
            "year_quarter": 20141,
            "year": 2014,
            "quarter": 1,
            "eps": 1.07,
            "eps_growth_year": 28.92,
            "eps_4q": 4.44,
            "eps_4q_growth_year": 12.11,
            "roe": 4.17,
            "roe_4q": 18.46,
            "gross_profit": 1298910,
            "gross_margin": 26.07,
            "gross_margin_4q_avg": 25.5,
            "net_income": 445609,
            "net_income_4q": null,
            "revenue": 4981765,
            "revenue_4q": null,
            "common_shares": 4108200,
            "book_valuer_per_share": 26.41,
            "book_valuer_per_share_4q_avg": 24.33,
            "equity": 10956970,
            "current_ratio": 123.23,
            "debt_ratio": 62.35,
            "inventory_turnover_ratio": 0.34,
            "account_receivable_turnover_ratio": 1.21,
            "reinvestment_rate": 31.84,
            "research_to_sale_ratio": 2.36,
            "price_fair": 120.25,
            "eps_avg_yearly": 3.82,
            "eps_latest_yearly": 4.28,
            "eps_growth_yearly": 21.46
        },
        "20142": {
            "year_quarter": 20142,
            "year": 2014,
            "quarter": 2,
            "eps": 1.1,
            "eps_growth_year": 42.86,
            "eps_4q": 4.77,
            "eps_4q_growth_year": 24.38,
            "roe": 4.34,
            "roe_4q": 19.46,
            "gross_profit": 1458102,
            "gross_margin": 26.51,
            "gross_margin_4q_avg": 25.99,
            "net_income": 459924,
            "net_income_4q": null,
            "revenue": 5499427,
            "revenue_4q": null,
            "common_shares": 4108200,
            "book_valuer_per_share": 24.65,
            "book_valuer_per_share_4q_avg": 24.9,
            "equity": 10235537,
            "current_ratio": 116.57,
            "debt_ratio": 66.09,
            "inventory_turnover_ratio": 0.37,
            "account_receivable_turnover_ratio": 1.29,
            "reinvestment_rate": 31.33,
            "research_to_sale_ratio": 2.34,
            "price_fair": 99.77,
            "eps_avg_yearly": 3.88,
            "eps_latest_yearly": 4.4,
            "eps_growth_yearly": 15.73
        },
        "20143": {
            "year_quarter": 20143,
            "year": 2014,
            "quarter": 3,
            "eps": 1.72,
            "eps_growth_year": 44.54,
            "eps_4q": 5.29,
            "eps_4q_growth_year": 40.72,
            "roe": 6.68,
            "roe_4q": 20.95,
            "gross_profit": 1722380,
            "gross_margin": 25.67,
            "gross_margin_4q_avg": 26.23,
            "net_income": 712257,
            "net_income_4q": null,
            "revenue": 6708578,
            "revenue_4q": null,
            "common_shares": 4108200,
            "book_valuer_per_share": 26.75,
            "book_valuer_per_share_4q_avg": 25.73,
            "equity": 11103815,
            "current_ratio": 122.61,
            "debt_ratio": 63.78,
            "inventory_turnover_ratio": 0.46,
            "account_receivable_turnover_ratio": 1.48,
            "reinvestment_rate": 27,
            "research_to_sale_ratio": 2.38,
            "price_fair": 142.63,
            "eps_avg_yearly": 4.08,
            "eps_latest_yearly": 6.88,
            "eps_growth_yearly": 28.4
        },
        "20144": {
            "year_quarter": 20144,
            "year": 2014,
            "quarter": 4,
            "eps": 1.06,
            "eps_growth_year": -24.71,
            "eps_4q": 4.95,
            "eps_4q_growth_year": 17.99,
            "roe": 3.81,
            "roe_4q": 19,
            "gross_profit": 1701188,
            "gross_margin": 25.44,
            "gross_margin_4q_avg": 25.92,
            "net_income": 437047,
            "net_income_4q": null,
            "revenue": 6686012,
            "revenue_4q": null,
            "common_shares": 4108200,
            "book_valuer_per_share": 28.58,
            "book_valuer_per_share_4q_avg": 26.6,
            "equity": 11852143,
            "current_ratio": 125.15,
            "debt_ratio": 62.21,
            "inventory_turnover_ratio": 0.46,
            "account_receivable_turnover_ratio": 1.46,
            "reinvestment_rate": 33.52,
            "research_to_sale_ratio": 2.58,
            "price_fair": 134.93,
            "eps_avg_yearly": 4.14,
            "eps_latest_yearly": 4.24,
            "eps_growth_yearly": 22.57
        },
        "20151": {
            "year_quarter": 20151,
            "year": 2015,
            "quarter": 1,
            "eps": 1.21,
            "eps_growth_year": 13.08,
            "eps_4q": 5.08,
            "eps_4q_growth_year": 14.47,
            "roe": 4.17,
            "roe_4q": 19,
            "gross_profit": 1568017,
            "gross_margin": 26.97,
            "gross_margin_4q_avg": 26.15,
            "net_income": 501965,
            "net_income_4q": null,
            "revenue": 5813506,
            "revenue_4q": null,
            "common_shares": 4108200,
            "book_valuer_per_share": 29.47,
            "book_valuer_per_share_4q_avg": 27.36,
            "equity": 12225681,
            "current_ratio": 132.21,
            "debt_ratio": 57.9,
            "inventory_turnover_ratio": 0.42,
            "account_receivable_turnover_ratio": 1.23,
            "reinvestment_rate": 31.44,
            "research_to_sale_ratio": 2.51,
            "price_fair": 148.49,
            "eps_avg_yearly": 4.24,
            "eps_latest_yearly": 4.84,
            "eps_growth_yearly": 25.48
        },
        "20152": {
            "year_quarter": 20152,
            "year": 2015,
            "quarter": 2,
            "eps": 1.1,
            "eps_growth_year": 0,
            "eps_4q": 5.08,
            "eps_4q_growth_year": 6.65,
            "roe": 3.87,
            "roe_4q": 18.53,
            "gross_profit": 1484035,
            "gross_margin": 27.17,
            "gross_margin_4q_avg": 26.31,
            "net_income": 455927,
            "net_income_4q": null,
            "revenue": 5462646,
            "revenue_4q": null,
            "common_shares": 4108200,
            "book_valuer_per_share": 27.33,
            "book_valuer_per_share_4q_avg": 28.03,
            "equity": 11329878,
            "current_ratio": 121.14,
            "debt_ratio": 63.54,
            "inventory_turnover_ratio": 0.41,
            "account_receivable_turnover_ratio": 1.06,
            "reinvestment_rate": 30.05,
            "research_to_sale_ratio": 2.9,
            "price_fair": 123.62,
            "eps_avg_yearly": 4.28,
            "eps_latest_yearly": 4.4,
            "eps_growth_yearly": 18.88
        },
        "20153": {
            "year_quarter": 20153,
            "year": 2015,
            "quarter": 3,
            "eps": 1.31,
            "eps_growth_year": -23.84,
            "eps_4q": 4.68,
            "eps_4q_growth_year": -11.65,
            "roe": 4.68,
            "roe_4q": 16.53,
            "gross_profit": 1707567,
            "gross_margin": 26.66,
            "gross_margin_4q_avg": 26.56,
            "net_income": 548953,
            "net_income_4q": null,
            "revenue": 6405606,
            "revenue_4q": null,
            "common_shares": 4108200,
            "book_valuer_per_share": 29.24,
            "book_valuer_per_share_4q_avg": 28.66,
            "equity": 12122230,
            "current_ratio": 125.49,
            "debt_ratio": 61.22,
            "inventory_turnover_ratio": 0.48,
            "account_receivable_turnover_ratio": 1.11,
            "reinvestment_rate": 25.94,
            "research_to_sale_ratio": 2.65,
            "price_fair": 134.8,
            "eps_avg_yearly": 4.35,
            "eps_latest_yearly": 5.24,
            "eps_growth_yearly": 21.02
        },
        "20154": {
            "year_quarter": 20154,
            "year": 2015,
            "quarter": 4,
            "eps": 0.91,
            "eps_growth_year": -14.31,
            "eps_4q": 4.53,
            "eps_4q_growth_year": -8.51,
            "roe": 3.06,
            "roe_4q": 15.78,
            "gross_profit": 1439781,
            "gross_margin": 26.58,
            "gross_margin_4q_avg": 26.85,
            "net_income": 371945,
            "net_income_4q": null,
            "revenue": 5416982,
            "revenue_4q": null,
            "common_shares": 4108200,
            "book_valuer_per_share": 29.45,
            "book_valuer_per_share_4q_avg": 28.87,
            "equity": 12209290,
            "current_ratio": 126.95,
            "debt_ratio": 59.97,
            "inventory_turnover_ratio": 0.41,
            "account_receivable_turnover_ratio": 0.93,
            "reinvestment_rate": 24.48,
            "research_to_sale_ratio": 3.2,
            "price_fair": 127.19,
            "eps_avg_yearly": 4.37,
            "eps_latest_yearly": 3.64,
            "eps_growth_yearly": 19.1
        },
        "20161": {
            "year_quarter": 20161,
            "year": 2016,
            "quarter": 1,
            "eps": 1.17,
            "eps_growth_year": -3.31,
            "eps_4q": 4.49,
            "eps_4q_growth_year": -11.62,
            "roe": 3.95,
            "roe_4q": 15.559999999999999,
            "gross_profit": 1401360,
            "gross_margin": 27.57,
            "gross_margin_4q_avg": 27,
            "net_income": 488863,
            "net_income_4q": null,
            "revenue": 5082552,
            "revenue_4q": null,
            "common_shares": 4108200,
            "book_valuer_per_share": 30.28,
            "book_valuer_per_share_4q_avg": 29.08,
            "equity": 12559131,
            "current_ratio": 131.9,
            "debt_ratio": 56.37,
            "inventory_turnover_ratio": 0.41,
            "account_receivable_turnover_ratio": 0.95,
            "reinvestment_rate": 22.89,
            "research_to_sale_ratio": 2.88,
            "price_fair": 157.41,
            "eps_avg_yearly": 4.5,
            "eps_latest_yearly": 4.68,
            "eps_growth_yearly": 30.88
        },
        "20162": {
            "year_quarter": 20162,
            "year": 2016,
            "quarter": 2,
            "eps": 0.91,
            "eps_growth_year": -17.27,
            "eps_4q": 4.3,
            "eps_4q_growth_year": -15.48,
            "roe": 3.13,
            "roe_4q": 14.82,
            "gross_profit": 1516413,
            "gross_margin": 30.31,
            "gross_margin_4q_avg": 27.78,
            "net_income": 377974,
            "net_income_4q": null,
            "revenue": 5002622,
            "revenue_4q": null,
            "common_shares": 4108200,
            "book_valuer_per_share": 27.98,
            "book_valuer_per_share_4q_avg": 29.24,
            "equity": 11603924,
            "current_ratio": 122.18,
            "debt_ratio": 60.74,
            "inventory_turnover_ratio": 0.41,
            "account_receivable_turnover_ratio": 0.97,
            "reinvestment_rate": 22.94,
            "research_to_sale_ratio": 3.11,
            "price_fair": 118.04,
            "eps_avg_yearly": 4.5,
            "eps_latest_yearly": 3.64,
            "eps_growth_yearly": 16.23
        },
        "20163": {
            "year_quarter": 20163,
            "year": 2016,
            "quarter": 3,
            "eps": 1.1,
            "eps_growth_year": -16.03,
            "eps_4q": 4.09,
            "eps_4q_growth_year": -12.52,
            "roe": 3.91,
            "roe_4q": 14.05,
            "gross_profit": 1358772,
            "gross_margin": 29.1,
            "gross_margin_4q_avg": 28.39,
            "net_income": 456767,
            "net_income_4q": null,
            "revenue": 4668513,
            "revenue_4q": null,
            "common_shares": 4108200,
            "book_valuer_per_share": 28.31,
            "book_valuer_per_share_4q_avg": 29.01,
            "equity": 11741957,
            "current_ratio": 127.31,
            "debt_ratio": 58.47,
            "inventory_turnover_ratio": 0.4,
            "account_receivable_turnover_ratio": 0.93,
            "reinvestment_rate": 23.72,
            "research_to_sale_ratio": 3.08,
            "price_fair": 95.67,
            "eps_avg_yearly": 4.46,
            "eps_latest_yearly": 4.4,
            "eps_growth_yearly": 11.45
        },
        "20164": {
            "year_quarter": 20164,
            "year": 2016,
            "quarter": 4,
            "eps": 0.62,
            "eps_growth_year": -31.61,
            "eps_4q": 3.8,
            "eps_4q_growth_year": -15.93,
            "roe": 2.21,
            "roe_4q": 13.2,
            "gross_profit": 1371096,
            "gross_margin": 28.4,
            "gross_margin_4q_avg": 28.85,
            "net_income": 260885,
            "net_income_4q": null,
            "revenue": 4827965,
            "revenue_4q": null,
            "common_shares": 4108200,
            "book_valuer_per_share": 28.71,
            "book_valuer_per_share_4q_avg": 28.82,
            "equity": 11910505,
            "current_ratio": 129.95,
            "debt_ratio": 57.3,
            "inventory_turnover_ratio": 0.43,
            "account_receivable_turnover_ratio": 1.02,
            "reinvestment_rate": 22.51,
            "research_to_sale_ratio": 3.14,
            "price_fair": 70.34,
            "eps_avg_yearly": 4.37,
            "eps_latest_yearly": 2.48,
            "eps_growth_yearly": 6.1
        },
        "20171": {
            "year_quarter": 20171,
            "year": 2017,
            "quarter": 1,
            "eps": 0.92,
            "eps_growth_year": -21.37,
            "eps_4q": 3.55,
            "eps_4q_growth_year": -20.89,
            "roe": 3.19,
            "roe_4q": 12.440000000000001,
            "gross_profit": 1216705,
            "gross_margin": 29.32,
            "gross_margin_4q_avg": 29.28,
            "net_income": 377976,
            "net_income_4q": null,
            "revenue": 4149684,
            "revenue_4q": null,
            "common_shares": 4108200,
            "book_valuer_per_share": 28.43,
            "book_valuer_per_share_4q_avg": 28.36,
            "equity": 11800590,
            "current_ratio": 136.1,
            "debt_ratio": 53.62,
            "inventory_turnover_ratio": 0.39,
            "account_receivable_turnover_ratio": 0.95,
            "reinvestment_rate": 10.65,
            "research_to_sale_ratio": 2.8,
            "price_fair": 140.65,
            "eps_avg_yearly": 4.39,
            "eps_latest_yearly": 3.68,
            "eps_growth_yearly": 22.02
        },
        "20172": {
            "year_quarter": 20172,
            "year": 2017,
            "quarter": 2,
            "eps": 0.82,
            "eps_growth_year": -9.89,
            "eps_4q": 3.47,
            "eps_4q_growth_year": -19.28,
            "roe": 2.98,
            "roe_4q": 12.29,
            "gross_profit": 1254760,
            "gross_margin": 27.16,
            "gross_margin_4q_avg": 28.5,
            "net_income": 344449,
            "net_income_4q": null,
            "revenue": 4619654,
            "revenue_4q": null,
            "common_shares": 4108200,
            "book_valuer_per_share": 27.25,
            "book_valuer_per_share_4q_avg": 28.18,
            "equity": 11299616,
            "current_ratio": 128.02,
            "debt_ratio": 54.72,
            "inventory_turnover_ratio": 0.48,
            "account_receivable_turnover_ratio": 1.12,
            "reinvestment_rate": 6.64,
            "research_to_sale_ratio": 2.71,
            "price_fair": 137.04,
            "eps_avg_yearly": 4.41,
            "eps_latest_yearly": 3.28,
            "eps_growth_yearly": 21.11
        },
        "20173": {
            "year_quarter": 20173,
            "year": 2017,
            "quarter": 3,
            "eps": 0.64,
            "eps_growth_year": -41.82,
            "eps_4q": 3.01,
            "eps_4q_growth_year": -26.56,
            "roe": 2.38,
            "roe_4q": 10.759999999999998,
            "gross_profit": 1109152,
            "gross_margin": 25.82,
            "gross_margin_4q_avg": 27.68,
            "net_income": 273098,
            "net_income_4q": null,
            "revenue": 4296098,
            "revenue_4q": null,
            "common_shares": 4108200,
            "book_valuer_per_share": 28.19,
            "book_valuer_per_share_4q_avg": 28.15,
            "equity": 11693496,
            "current_ratio": 135.85,
            "debt_ratio": 51.44,
            "inventory_turnover_ratio": 0.47,
            "account_receivable_turnover_ratio": 1.08,
            "reinvestment_rate": 7.64,
            "research_to_sale_ratio": 2.82,
            "price_fair": 51.15,
            "eps_avg_yearly": 4.27,
            "eps_latest_yearly": 2.56,
            "eps_growth_yearly": 1.99
        },
        "20174": {
            "year_quarter": 20174,
            "year": 2017,
            "quarter": 4,
            "eps": 0.38,
            "eps_growth_year": -39.54,
            "eps_4q": 2.76,
            "eps_4q_growth_year": -27.47,
            "roe": 1.38,
            "roe_4q": 9.93,
            "gross_profit": 874246,
            "gross_margin": 23.71,
            "gross_margin_4q_avg": 26.5,
            "net_income": 161646,
            "net_income_4q": null,
            "revenue": 3686781,
            "revenue_4q": null,
            "common_shares": 4108200,
            "book_valuer_per_share": 28.34,
            "book_valuer_per_share_4q_avg": 28.05,
            "equity": 11764936,
            "current_ratio": 138.6,
            "debt_ratio": 50.83,
            "inventory_turnover_ratio": 0.43,
            "account_receivable_turnover_ratio": 0.98,
            "reinvestment_rate": 6.34,
            "research_to_sale_ratio": 3.26,
            "price_fair": 12.03,
            "eps_avg_yearly": 4.01,
            "eps_latest_yearly": 1.52,
            "eps_growth_yearly": -12.79
        },
        "20181": {
            "year_quarter": 20181,
            "year": 2018,
            "quarter": 1,
            "eps": 0.88,
            "eps_growth_year": -4.35,
            "eps_4q": 2.72,
            "eps_4q_growth_year": -23.29,
            "roe": 3.05,
            "roe_4q": 9.79,
            "gross_profit": 985239,
            "gross_margin": 23.74,
            "gross_margin_4q_avg": 25.11,
            "net_income": 366128,
            "net_income_4q": null,
            "revenue": 4150250,
            "revenue_4q": null,
            "common_shares": 4108200,
            "book_valuer_per_share": 29.54,
            "book_valuer_per_share_4q_avg": 28.33,
            "equity": 12261889,
            "current_ratio": 149.5,
            "debt_ratio": 45.51,
            "inventory_turnover_ratio": 0.51,
            "account_receivable_turnover_ratio": 1.13,
            "reinvestment_rate": 1.88,
            "research_to_sale_ratio": 0.94,
            "price_fair": 138.69,
            "eps_avg_yearly": 3.96,
            "eps_latest_yearly": 3.52,
            "eps_growth_yearly": 26.13
        },
        "20182": {
            "year_quarter": 20182,
            "year": 2018,
            "quarter": 2,
            "eps": 0.17,
            "eps_growth_year": -79.27,
            "eps_4q": 2.07,
            "eps_4q_growth_year": -40.25,
            "roe": 0.7,
            "roe_4q": 7.51,
            "gross_profit": 900265,
            "gross_margin": 23.99,
            "gross_margin_4q_avg": 24.32,
            "net_income": 82668,
            "net_income_4q": null,
            "revenue": 3752852,
            "revenue_4q": null,
            "common_shares": 4108200,
            "book_valuer_per_share": 27.61,
            "book_valuer_per_share_4q_avg": 28.42,
            "equity": 11421722,
            "current_ratio": 139.15,
            "debt_ratio": 49.63,
            "inventory_turnover_ratio": 0.5,
            "account_receivable_turnover_ratio": 1.01,
            "reinvestment_rate": 1.7,
            "research_to_sale_ratio": 5.17,
            "price_fair": 56.92,
            "eps_avg_yearly": 3.73,
            "eps_latest_yearly": 0.68,
            "eps_growth_yearly": 5.26
        },
        "20183": {
            "year_quarter": 20183,
            "year": 2018,
            "quarter": 3,
            "eps": 0.39,
            "eps_growth_year": -39.06,
            "eps_4q": 1.82,
            "eps_4q_growth_year": -39.47,
            "roe": 1.57,
            "roe_4q": 6.7,
            "gross_profit": 809752,
            "gross_margin": 23.28,
            "gross_margin_4q_avg": 23.68,
            "net_income": 178277,
            "net_income_4q": null,
            "revenue": 3478074,
            "revenue_4q": null,
            "common_shares": 4108200,
            "book_valuer_per_share": 27.27,
            "book_valuer_per_share_4q_avg": 28.19,
            "equity": 11299652,
            "current_ratio": 143.86,
            "debt_ratio": 48.02,
            "inventory_turnover_ratio": 0.48,
            "account_receivable_turnover_ratio": 0.91,
            "reinvestment_rate": -1.79,
            "research_to_sale_ratio": 3.43,
            "price_fair": 113.89,
            "eps_avg_yearly": 3.4,
            "eps_latest_yearly": 1.56,
            "eps_growth_yearly": 23.52
        },
        "20184": {
            "year_quarter": 20184,
            "year": 2018,
            "quarter": 4,
            "eps": 0.21,
            "eps_growth_year": -44.79,
            "eps_4q": 1.65,
            "eps_4q_growth_year": -40.18,
            "roe": 0.92,
            "roe_4q": 6.24,
            "gross_profit": 740482,
            "gross_margin": 21.29,
            "gross_margin_4q_avg": 23.08,
            "net_income": 104670,
            "net_income_4q": null,
            "revenue": 3477452,
            "revenue_4q": null,
            "common_shares": 4108200,
            "book_valuer_per_share": 27.64,
            "book_valuer_per_share_4q_avg": 28.02,
            "equity": 11471589,
            "current_ratio": 147.15,
            "debt_ratio": 47.01,
            "inventory_turnover_ratio": 0.51,
            "account_receivable_turnover_ratio": 0.92,
            "reinvestment_rate": -8.98,
            "research_to_sale_ratio": 3.33,
            "price_fair": 100.57,
            "eps_avg_yearly": 3.19,
            "eps_latest_yearly": 0.84,
            "eps_growth_yearly": 21.58
        },
        "20191": {
            "year_quarter": 20191,
            "year": 2019,
            "quarter": 1,
            "eps": 0.33,
            "eps_growth_year": -62.5,
            "eps_4q": 1.1,
            "eps_4q_growth_year": -59.53,
            "roe": 1.23,
            "roe_4q": 4.42,
            "gross_profit": 768264,
            "gross_margin": 24.19,
            "gross_margin_4q_avg": 23.19,
            "net_income": 143555,
            "net_income_4q": null,
            "revenue": 3175632,
            "revenue_4q": null,
            "common_shares": 4108200,
            "book_valuer_per_share": 28.41,
            "book_valuer_per_share_4q_avg": 27.73,
            "equity": 11792687,
            "current_ratio": 152.23,
            "debt_ratio": 45,
            "inventory_turnover_ratio": 0.47,
            "account_receivable_turnover_ratio": 0.86,
            "reinvestment_rate": -11.64,
            "research_to_sale_ratio": 3.58,
            "price_fair": 103.78,
            "eps_avg_yearly": 2.97,
            "eps_latest_yearly": 1.32,
            "eps_growth_yearly": 32.32
        },
        "20192": {
            "year_quarter": 20192,
            "year": 2019,
            "quarter": 2,
            "eps": 0.24,
            "eps_growth_year": 41.18,
            "eps_4q": 1.17,
            "eps_4q_growth_year": -43.55,
            "roe": 0.95,
            "roe_4q": 4.67,
            "gross_profit": 747768,
            "gross_margin": 23.12,
            "gross_margin_4q_avg": 22.97,
            "net_income": 108100,
            "net_income_4q": null,
            "revenue": 3234245,
            "revenue_4q": null,
            "common_shares": 4108200,
            "book_valuer_per_share": 26.59,
            "book_valuer_per_share_4q_avg": 27.48,
            "equity": 11035020,
            "current_ratio": 139.45,
            "debt_ratio": 50.19,
            "inventory_turnover_ratio": 0.48,
            "account_receivable_turnover_ratio": 0.88,
            "reinvestment_rate": -17.26,
            "research_to_sale_ratio": 3.71,
            "price_fair": 96.25,
            "eps_avg_yearly": 2.75,
            "eps_latest_yearly": 0.96,
            "eps_growth_yearly": 27.78
        },
        "20193": {
            "year_quarter": 20193,
            "year": 2019,
            "quarter": 3,
            "eps": 1.22,
            "eps_growth_year": 212.82,
            "eps_4q": 2,
            "eps_4q_growth_year": 9.81,
            "roe": 4.55,
            "roe_4q": 7.65,
            "gross_profit": 876083,
            "gross_margin": 24.54,
            "gross_margin_4q_avg": 23.29,
            "net_income": 509036,
            "net_income_4q": null,
            "revenue": 3570751,
            "revenue_4q": null,
            "common_shares": 4108200,
            "book_valuer_per_share": 27.25,
            "book_valuer_per_share_4q_avg": 27.47,
            "equity": 11316641,
            "current_ratio": 147.05,
            "debt_ratio": 48.26,
            "inventory_turnover_ratio": 0.5,
            "account_receivable_turnover_ratio": 0.97,
            "reinvestment_rate": -24.65,
            "research_to_sale_ratio": 3.3,
            "price_fair": 95.46,
            "eps_avg_yearly": 2.73,
            "eps_latest_yearly": 4.88,
            "eps_growth_yearly": 125.09
        },
        "20194": {
            "year_quarter": 20194,
            "year": 2019,
            "quarter": 4,
            "eps": 0.51,
            "eps_growth_year": 145.61,
            "eps_4q": 2.3,
            "eps_4q_growth_year": 39.26,
            "roe": 1.92,
            "roe_4q": 8.65,
            "gross_profit": 875263,
            "gross_margin": 23.42,
            "gross_margin_4q_avg": 23.82,
            "net_income": 218758,
            "net_income_4q": null,
            "revenue": 3737720,
            "revenue_4q": null,
            "common_shares": 4108200,
            "book_valuer_per_share": 27.49,
            "book_valuer_per_share_4q_avg": 27.44,
            "equity": 11425345,
            "current_ratio": 149.71,
            "debt_ratio": 47.27,
            "inventory_turnover_ratio": 0.54,
            "account_receivable_turnover_ratio": 1.02,
            "reinvestment_rate": -30.02,
            "research_to_sale_ratio": 3.28,
            "price_fair": 91.96,
            "eps_avg_yearly": 2.63,
            "eps_latest_yearly": 2.04,
            "eps_growth_yearly": 118.17
        },
        "20201": {
            "year_quarter": 20201,
            "year": 2020,
            "quarter": 1,
            "eps": 0.36,
            "eps_growth_year": 9.09,
            "eps_4q": 2.32,
            "eps_4q_growth_year": 110.65,
            "roe": 1.33,
            "roe_4q": 8.75,
            "gross_profit": 766156,
            "gross_margin": 26.85,
            "gross_margin_4q_avg": 24.48,
            "net_income": 152887,
            "net_income_4q": null,
            "revenue": 2853174,
            "revenue_4q": null,
            "common_shares": 4108200,
            "book_valuer_per_share": 27.66,
            "book_valuer_per_share_4q_avg": 27.25,
            "equity": 11502099,
            "current_ratio": 151.73,
            "debt_ratio": 45.92,
            "inventory_turnover_ratio": 0.4,
            "account_receivable_turnover_ratio": 0.78,
            "reinvestment_rate": -34.95,
            "research_to_sale_ratio": 3.69,
            "price_fair": 84.88,
            "eps_avg_yearly": 2.43,
            "eps_latest_yearly": 1.44,
            "eps_growth_yearly": 103.68
        },
        "20202": {
            "year_quarter": 20202,
            "year": 2020,
            "quarter": 2,
            "eps": 0.95,
            "eps_growth_year": 295.83,
            "eps_4q": 3.04,
            "eps_4q_growth_year": 159.79,
            "roe": 3.56,
            "roe_4q": 11.36,
            "gross_profit": 943222,
            "gross_margin": 25.22,
            "gross_margin_4q_avg": 25.01,
            "net_income": 399266,
            "net_income_4q": null,
            "revenue": 3739827,
            "revenue_4q": null,
            "common_shares": 4108200,
            "book_valuer_per_share": 26.24,
            "book_valuer_per_share_4q_avg": 27.16,
            "equity": 10913292,
            "current_ratio": 137.53,
            "debt_ratio": 52.23,
            "inventory_turnover_ratio": 0.51,
            "account_receivable_turnover_ratio": 0.98,
            "reinvestment_rate": -48.41,
            "research_to_sale_ratio": 2.9,
            "price_fair": 85.23,
            "eps_avg_yearly": 2.44,
            "eps_latest_yearly": 3.8,
            "eps_growth_yearly": 150.21
        },
        "20203": {
            "year_quarter": 20203,
            "year": 2020,
            "quarter": 3,
            "eps": 1.08,
            "eps_growth_year": -11.48,
            "eps_4q": 2.9,
            "eps_4q_growth_year": 45.2,
            "roe": 4,
            "roe_4q": 10.81,
            "gross_profit": 1064375,
            "gross_margin": 25.14,
            "gross_margin_4q_avg": 25.16,
            "net_income": 452776,
            "net_income_4q": null,
            "revenue": 4233729,
            "revenue_4q": null,
            "common_shares": 4108200,
            "book_valuer_per_share": 28.18,
            "book_valuer_per_share_4q_avg": 27.39,
            "equity": 11714848,
            "current_ratio": 145.29,
            "debt_ratio": 48.87,
            "inventory_turnover_ratio": 0.56,
            "account_receivable_turnover_ratio": 1.04,
            "reinvestment_rate": -47.07,
            "research_to_sale_ratio": 2.86,
            "price_fair": 85.05,
            "eps_avg_yearly": 2.43,
            "eps_latest_yearly": 4.32,
            "eps_growth_yearly": 148.41
        },
        "20204": {
            "year_quarter": 20204,
            "year": 2020,
            "quarter": 4,
            "eps": 0.81,
            "eps_growth_year": 59.49,
            "eps_4q": 3.2,
            "eps_4q_growth_year": 39.32,
            "roe": 2.87,
            "roe_4q": 11.76,
            "gross_profit": 1058754,
            "gross_margin": 23.57,
            "gross_margin_4q_avg": 25.2,
            "net_income": 340418,
            "net_income_4q": null,
            "revenue": 4492021,
            "revenue_4q": null,
            "common_shares": 4108200,
            "book_valuer_per_share": 28.96,
            "book_valuer_per_share_4q_avg": 27.76,
            "equity": 12042300,
            "current_ratio": 145.17,
            "debt_ratio": 49.65,
            "inventory_turnover_ratio": 0.59,
            "account_receivable_turnover_ratio": 1.07,
            "reinvestment_rate": -45.41,
            "research_to_sale_ratio": 2.87,
            "price_fair": 86.71,
            "eps_avg_yearly": 2.48,
            "eps_latest_yearly": 3.24,
            "eps_growth_yearly": 153.07
        },
        "20211": {
            "year_quarter": 20211,
            "year": 2021,
            "quarter": 1,
            "eps": 0.53,
            "eps_growth_year": 47.22,
            "eps_4q": 3.38,
            "eps_4q_growth_year": 45.52,
            "roe": 1.88,
            "roe_4q": 12.31,
            "gross_profit": 982729,
            "gross_margin": 26.07,
            "gross_margin_4q_avg": 25,
            "net_income": 228728,
            "net_income_4q": null,
            "revenue": 3769023,
            "revenue_4q": null,
            "common_shares": 4108200,
            "book_valuer_per_share": 29.43,
            "book_valuer_per_share_4q_avg": 28.2,
            "equity": 12246509,
            "current_ratio": 147.45,
            "debt_ratio": 48.56,
            "inventory_turnover_ratio": 0.45,
            "account_receivable_turnover_ratio": 0.84,
            "reinvestment_rate": -39.44,
            "research_to_sale_ratio": 3.18,
            "price_fair": 83.3,
            "eps_avg_yearly": 2.38,
            "eps_latest_yearly": 2.12,
            "eps_growth_yearly": 132.33
        },
        "20212": {
            "year_quarter": 20212,
            "year": 2021,
            "quarter": 2,
            "eps": 0.67,
            "eps_growth_year": -29.47,
            "eps_4q": 3.09,
            "eps_4q_growth_year": 1.77,
            "roe": 2.33,
            "roe_4q": 11.08,
            "gross_profit": 1008151,
            "gross_margin": 21.86,
            "gross_margin_4q_avg": 24.16,
            "net_income": 287539,
            "net_income_4q": null,
            "revenue": 4612829,
            "revenue_4q": null,
            "common_shares": 4108200,
            "book_valuer_per_share": 29.95,
            "book_valuer_per_share_4q_avg": 29.13,
            "equity": 12457362,
            "current_ratio": 146.82,
            "debt_ratio": 49.92,
            "inventory_turnover_ratio": 0.56,
            "account_receivable_turnover_ratio": 0.92,
            "reinvestment_rate": -36.23,
            "research_to_sale_ratio": 2.58,
            "price_fair": 81.99,
            "eps_avg_yearly": 2.34,
            "eps_latest_yearly": 2.68,
            "eps_growth_yearly": 141.65
        },
        "20213": {
            "year_quarter": 20213,
            "year": 2021,
            "quarter": 3,
            "eps": 0.53,
            "eps_growth_year": -50.93,
            "eps_4q": 2.54,
            "eps_4q_growth_year": -12.51,
            "roe": 1.87,
            "roe_4q": 8.95,
            "gross_profit": 999673,
            "gross_margin": 21.43,
            "gross_margin_4q_avg": 23.23,
            "net_income": 228074,
            "net_income_4q": null,
            "revenue": 4665650,
            "revenue_4q": null,
            "common_shares": 4108200,
            "book_valuer_per_share": 28.5,
            "book_valuer_per_share_4q_avg": 29.21,
            "equity": 11878263,
            "current_ratio": 138.53,
            "debt_ratio": 54.06,
            "inventory_turnover_ratio": 0.52,
            "account_receivable_turnover_ratio": 0.88,
            "reinvestment_rate": -37.9,
            "research_to_sale_ratio": 2.58,
            "price_fair": 81.03,
            "eps_avg_yearly": 2.32,
            "eps_latest_yearly": 2.12,
            "eps_growth_yearly": 141.91
        },
        "20214": {
            "year_quarter": 20214,
            "year": 2021,
            "quarter": 4,
            "eps": 0.17,
            "eps_growth_year": -79.18,
            "eps_4q": 1.89,
            "eps_4q_growth_year": -40.84,
            "roe": 0.68,
            "roe_4q": 6.760000000000001,
            "gross_profit": 827440,
            "gross_margin": 17.75,
            "gross_margin_4q_avg": 21.78,
            "net_income": 81263,
            "net_income_4q": null,
            "revenue": 4661737,
            "revenue_4q": null,
            "common_shares": 4108200,
            "book_valuer_per_share": 29,
            "book_valuer_per_share_4q_avg": 29.22,
            "equity": 12096821,
            "current_ratio": 138.89,
            "debt_ratio": 53.25,
            "inventory_turnover_ratio": 0.51,
            "account_receivable_turnover_ratio": 0.89,
            "reinvestment_rate": -35.53,
            "research_to_sale_ratio": 2.4,
            "price_fair": 79.19,
            "eps_avg_yearly": 2.26,
            "eps_latest_yearly": 0.68,
            "eps_growth_yearly": 135.09
        }
    },
    "months": {
        "2001-06": {
            "month": "2001-06",
            "price": "12.24",
            "revenue": 249165
        },
        "2001-07": {
            "month": "2001-07",
            "price": "12.98",
            "revenue": 225738
        },
        "2001-08": {
            "month": "2001-08",
            "price": "14.13",
            "revenue": 280323
        },
        "2001-09": {
            "month": "2001-09",
            "price": "12.95",
            "revenue": 201770
        },
        "2001-10": {
            "month": "2001-10",
            "price": "11.64",
            "revenue": 208503
        },
        "2001-11": {
            "month": "2001-11",
            "price": "12.13",
            "revenue": 245751
        },
        "2001-12": {
            "month": "2001-12",
            "price": "12.61",
            "revenue": 368511
        },
        "2002-01": {
            "month": "2002-01",
            "price": "13.20",
            "revenue": 224095
        },
        "2002-02": {
            "month": "2002-02",
            "price": "13.00",
            "revenue": 234811
        },
        "2002-03": {
            "month": "2002-03",
            "price": "13.42",
            "revenue": 250540
        },
        "2002-04": {
            "month": "2002-04",
            "price": "14.31",
            "revenue": 236027
        },
        "2002-05": {
            "month": "2002-05",
            "price": "17.16",
            "revenue": 246209
        },
        "2002-06": {
            "month": "2002-06",
            "price": "17.76",
            "revenue": 260207
        },
        "2002-07": {
            "month": "2002-07",
            "price": "17.90",
            "revenue": 250679
        },
        "2002-08": {
            "month": "2002-08",
            "price": "18.38",
            "revenue": 236120
        },
        "2002-09": {
            "month": "2002-09",
            "price": "16.46",
            "revenue": 236208
        },
        "2002-10": {
            "month": "2002-10",
            "price": "17.02",
            "revenue": 249003
        },
        "2002-11": {
            "month": "2002-11",
            "price": "20.41",
            "revenue": 253376
        },
        "2002-12": {
            "month": "2002-12",
            "price": "25.44",
            "revenue": 272266
        },
        "2003-01": {
            "month": "2003-01",
            "price": "27.23",
            "revenue": 210322
        },
        "2003-02": {
            "month": "2003-02",
            "price": "25.18",
            "revenue": 204122
        },
        "2003-03": {
            "month": "2003-03",
            "price": "24.91",
            "revenue": 210004
        },
        "2003-04": {
            "month": "2003-04",
            "price": "21.32",
            "revenue": 237956
        },
        "2003-05": {
            "month": "2003-05",
            "price": "18.80",
            "revenue": 239172
        },
        "2003-06": {
            "month": "2003-06",
            "price": "20.32",
            "revenue": 286652
        },
        "2003-07": {
            "month": "2003-07",
            "price": "19.27",
            "revenue": 250180
        },
        "2003-08": {
            "month": "2003-08",
            "price": "19.28",
            "revenue": 261763
        },
        "2003-09": {
            "month": "2003-09",
            "price": "18.84",
            "revenue": 240209
        },
        "2003-10": {
            "month": "2003-10",
            "price": "20.05",
            "revenue": 241586
        },
        "2003-11": {
            "month": "2003-11",
            "price": "21.48",
            "revenue": 270357
        },
        "2003-12": {
            "month": "2003-12",
            "price": "21.00",
            "revenue": 289562
        },
        "2004-01": {
            "month": "2004-01",
            "price": "21.81",
            "revenue": 231893
        },
        "2004-02": {
            "month": "2004-02",
            "price": "24.54",
            "revenue": 211202
        },
        "2004-03": {
            "month": "2004-03",
            "price": "25.84",
            "revenue": 223665
        },
        "2004-04": {
            "month": "2004-04",
            "price": "23.30",
            "revenue": 253234
        },
        "2004-05": {
            "month": "2004-05",
            "price": "18.74",
            "revenue": 249163
        },
        "2004-06": {
            "month": "2004-06",
            "price": "18.25",
            "revenue": 265111
        },
        "2004-07": {
            "month": "2004-07",
            "price": "17.06",
            "revenue": 267875
        },
        "2004-08": {
            "month": "2004-08",
            "price": "17.22",
            "revenue": 277524
        },
        "2004-09": {
            "month": "2004-09",
            "price": "17.94",
            "revenue": 278091
        },
        "2004-10": {
            "month": "2004-10",
            "price": "17.72",
            "revenue": 281530
        },
        "2004-11": {
            "month": "2004-11",
            "price": "17.20",
            "revenue": 244227
        },
        "2004-12": {
            "month": "2004-12",
            "price": "18.25",
            "revenue": 287714
        },
        "2005-01": {
            "month": "2005-01",
            "price": "19.77",
            "revenue": 271435
        },
        "2005-02": {
            "month": "2005-02",
            "price": "19.61",
            "revenue": 285057
        },
        "2005-03": {
            "month": "2005-03",
            "price": "18.58",
            "revenue": 277309
        },
        "2005-04": {
            "month": "2005-04",
            "price": "17.26",
            "revenue": 285678
        },
        "2005-05": {
            "month": "2005-05",
            "price": "16.94",
            "revenue": 281898
        },
        "2005-06": {
            "month": "2005-06",
            "price": "17.30",
            "revenue": 296213
        },
        "2005-07": {
            "month": "2005-07",
            "price": "17.85",
            "revenue": 301371
        },
        "2005-08": {
            "month": "2005-08",
            "price": "20.63",
            "revenue": 319782
        },
        "2005-09": {
            "month": "2005-09",
            "price": "22.44",
            "revenue": 303306
        },
        "2005-10": {
            "month": "2005-10",
            "price": "20.46",
            "revenue": 297602
        },
        "2005-11": {
            "month": "2005-11",
            "price": "20.23",
            "revenue": 280665
        },
        "2005-12": {
            "month": "2005-12",
            "price": "20.87",
            "revenue": 281416
        },
        "2006-01": {
            "month": "2006-01",
            "price": "19.35",
            "revenue": 272102
        },
        "2006-02": {
            "month": "2006-02",
            "price": "18.76",
            "revenue": 258920
        },
        "2006-03": {
            "month": "2006-03",
            "price": "17.64",
            "revenue": 252860
        },
        "2006-04": {
            "month": "2006-04",
            "price": "18.21",
            "revenue": 280507
        },
        "2006-05": {
            "month": "2006-05",
            "price": "19.47",
            "revenue": 253210
        },
        "2006-06": {
            "month": "2006-06",
            "price": "18.10",
            "revenue": 268923
        },
        "2006-07": {
            "month": "2006-07",
            "price": "17.25",
            "revenue": 289287
        },
        "2006-08": {
            "month": "2006-08",
            "price": "16.49",
            "revenue": 280841
        },
        "2006-09": {
            "month": "2006-09",
            "price": "16.45",
            "revenue": 291302
        },
        "2006-10": {
            "month": "2006-10",
            "price": "17.76",
            "revenue": 270513
        },
        "2006-11": {
            "month": "2006-11",
            "price": "18.22",
            "revenue": 325161
        },
        "2006-12": {
            "month": "2006-12",
            "price": "19.17",
            "revenue": 331745
        },
        "2007-01": {
            "month": "2007-01",
            "price": "19.58",
            "revenue": 277882
        },
        "2007-02": {
            "month": "2007-02",
            "price": "19.14",
            "revenue": 280210
        },
        "2007-03": {
            "month": "2007-03",
            "price": "18.38",
            "revenue": 310587
        },
        "2007-04": {
            "month": "2007-04",
            "price": "19.10",
            "revenue": 321410
        },
        "2007-05": {
            "month": "2007-05",
            "price": "20.21",
            "revenue": 315253
        },
        "2007-06": {
            "month": "2007-06",
            "price": "20.44",
            "revenue": 336939
        },
        "2007-07": {
            "month": "2007-07",
            "price": "23.18",
            "revenue": 307076
        },
        "2007-08": {
            "month": "2007-08",
            "price": "22.51",
            "revenue": 301218
        },
        "2007-09": {
            "month": "2007-09",
            "price": "25.89",
            "revenue": 331125
        },
        "2007-10": {
            "month": "2007-10",
            "price": "30.16",
            "revenue": 333712
        },
        "2007-11": {
            "month": "2007-11",
            "price": "25.79",
            "revenue": 363542
        },
        "2007-12": {
            "month": "2007-12",
            "price": "24.10",
            "revenue": 376373
        },
        "2008-01": {
            "month": "2008-01",
            "price": "24.53",
            "revenue": 343540
        },
        "2008-02": {
            "month": "2008-02",
            "price": "24.63",
            "revenue": 286854
        },
        "2008-03": {
            "month": "2008-03",
            "price": "26.43",
            "revenue": 359981
        },
        "2008-04": {
            "month": "2008-04",
            "price": "27.95",
            "revenue": 320727
        },
        "2008-05": {
            "month": "2008-05",
            "price": "25.32",
            "revenue": 349881
        },
        "2008-06": {
            "month": "2008-06",
            "price": "21.47",
            "revenue": 423700
        },
        "2008-07": {
            "month": "2008-07",
            "price": "17.80",
            "revenue": 357567
        },
        "2008-08": {
            "month": "2008-08",
            "price": "17.13",
            "revenue": 310453
        },
        "2008-09": {
            "month": "2008-09",
            "price": "14.29",
            "revenue": 367164
        },
        "2008-10": {
            "month": "2008-10",
            "price": "12.36",
            "revenue": 350563
        },
        "2008-11": {
            "month": "2008-11",
            "price": "12.60",
            "revenue": 315183
        },
        "2008-12": {
            "month": "2008-12",
            "price": "12.80",
            "revenue": 320722
        },
        "2009-01": {
            "month": "2009-01",
            "price": "12.69",
            "revenue": 269853
        },
        "2009-02": {
            "month": "2009-02",
            "price": "12.92",
            "revenue": 295875
        },
        "2009-03": {
            "month": "2009-03",
            "price": "14.32",
            "revenue": 336920
        },
        "2009-04": {
            "month": "2009-04",
            "price": "16.22",
            "revenue": 291586
        },
        "2009-05": {
            "month": "2009-05",
            "price": "18.15",
            "revenue": 302015
        },
        "2009-06": {
            "month": "2009-06",
            "price": "18.11",
            "revenue": 322296
        },
        "2009-07": {
            "month": "2009-07",
            "price": "20.04",
            "revenue": 316290
        },
        "2009-08": {
            "month": "2009-08",
            "price": "20.61",
            "revenue": 290470
        },
        "2009-09": {
            "month": "2009-09",
            "price": "21.88",
            "revenue": 290613
        },
        "2009-10": {
            "month": "2009-10",
            "price": "23.28",
            "revenue": 296466
        },
        "2009-11": {
            "month": "2009-11",
            "price": "25.91",
            "revenue": 307094
        },
        "2009-12": {
            "month": "2009-12",
            "price": "25.29",
            "revenue": 319454
        },
        "2010-01": {
            "month": "2010-01",
            "price": "24.80",
            "revenue": 270839
        },
        "2010-02": {
            "month": "2010-02",
            "price": "23.56",
            "revenue": 250800
        },
        "2010-03": {
            "month": "2010-03",
            "price": "25.31",
            "revenue": 1153373
        },
        "2010-04": {
            "month": "2010-04",
            "price": "28.88",
            "revenue": 1182210
        },
        "2010-05": {
            "month": "2010-05",
            "price": "28.12",
            "revenue": 1176551
        },
        "2010-06": {
            "month": "2010-06",
            "price": "28.51",
            "revenue": 1264113
        },
        "2010-07": {
            "month": "2010-07",
            "price": "30.30",
            "revenue": 1205200
        },
        "2010-08": {
            "month": "2010-08",
            "price": "36.66",
            "revenue": 1326321
        },
        "2010-09": {
            "month": "2010-09",
            "price": "40.42",
            "revenue": 1200304
        },
        "2010-10": {
            "month": "2010-10",
            "price": "39.61",
            "revenue": 1118117
        },
        "2010-11": {
            "month": "2010-11",
            "price": "42.13",
            "revenue": 1136186
        },
        "2010-12": {
            "month": "2010-12",
            "price": "44.43",
            "revenue": 1119738
        },
        "2011-01": {
            "month": "2011-01",
            "price": "42.76",
            "revenue": 917175
        },
        "2011-02": {
            "month": "2011-02",
            "price": "40.01",
            "revenue": 954472
        },
        "2011-03": {
            "month": "2011-03",
            "price": "43.30",
            "revenue": 1221077
        },
        "2011-04": {
            "month": "2011-04",
            "price": "52.26",
            "revenue": 1142436
        },
        "2011-05": {
            "month": "2011-05",
            "price": "53.94",
            "revenue": 1289830
        },
        "2011-06": {
            "month": "2011-06",
            "price": "53.81",
            "revenue": 1381334
        },
        "2011-07": {
            "month": "2011-07",
            "price": "54.84",
            "revenue": 1409103
        },
        "2011-08": {
            "month": "2011-08",
            "price": "52.08",
            "revenue": 1605752
        },
        "2011-09": {
            "month": "2011-09",
            "price": "50.77",
            "revenue": 1693894
        },
        "2011-10": {
            "month": "2011-10",
            "price": "47.22",
            "revenue": 1293939
        },
        "2011-11": {
            "month": "2011-11",
            "price": "47.45",
            "revenue": 1451316
        },
        "2011-12": {
            "month": "2011-12",
            "price": "45.41",
            "revenue": 1198474
        },
        "2012-01": {
            "month": "2012-01",
            "price": "47.03",
            "revenue": 784636
        },
        "2012-02": {
            "month": "2012-02",
            "price": "46.64",
            "revenue": 1268863
        },
        "2012-03": {
            "month": "2012-03",
            "price": "48.20",
            "revenue": 1573166
        },
        "2012-04": {
            "month": "2012-04",
            "price": "47.49",
            "revenue": 1458243
        },
        "2012-05": {
            "month": "2012-05",
            "price": "47.76",
            "revenue": 1552502
        },
        "2012-06": {
            "month": "2012-06",
            "price": "47.72",
            "revenue": 1734728
        },
        "2012-07": {
            "month": "2012-07",
            "price": "47.97",
            "revenue": 1896259
        },
        "2012-08": {
            "month": "2012-08",
            "price": "51.81",
            "revenue": 1933532
        },
        "2012-09": {
            "month": "2012-09",
            "price": "56.32",
            "revenue": 1855617
        },
        "2012-10": {
            "month": "2012-10",
            "price": "58.06",
            "revenue": 1714210
        },
        "2012-11": {
            "month": "2012-11",
            "price": "57.16",
            "revenue": 1613716
        },
        "2012-12": {
            "month": "2012-12",
            "price": "52.67",
            "revenue": 1534405
        },
        "2013-01": {
            "month": "2013-01",
            "price": "55.05",
            "revenue": 1490101
        },
        "2013-02": {
            "month": "2013-02",
            "price": "57.98",
            "revenue": 1293576
        },
        "2013-03": {
            "month": "2013-03",
            "price": "57.69",
            "revenue": 1356704
        },
        "2013-04": {
            "month": "2013-04",
            "price": "64.56",
            "revenue": 1546043
        },
        "2013-05": {
            "month": "2013-05",
            "price": "68.05",
            "revenue": 1681994
        },
        "2013-06": {
            "month": "2013-06",
            "price": "61.45",
            "revenue": 1635458
        },
        "2013-07": {
            "month": "2013-07",
            "price": "66.88",
            "revenue": 1754456
        },
        "2013-08": {
            "month": "2013-08",
            "price": "70.28",
            "revenue": 1679437
        },
        "2013-09": {
            "month": "2013-09",
            "price": "75.39",
            "revenue": 1651683
        },
        "2013-10": {
            "month": "2013-10",
            "price": "82.03",
            "revenue": 1721635
        },
        "2013-11": {
            "month": "2013-11",
            "price": "86.33",
            "revenue": 1954011
        },
        "2013-12": {
            "month": "2013-12",
            "price": "88.88",
            "revenue": 2185541
        },
        "2014-01": {
            "month": "2014-01",
            "price": "83.36",
            "revenue": 1789206
        },
        "2014-02": {
            "month": "2014-02",
            "price": "86.79",
            "revenue": 1439464
        },
        "2014-03": {
            "month": "2014-03",
            "price": "87.04",
            "revenue": 1776577
        },
        "2014-04": {
            "month": "2014-04",
            "price": "88.84",
            "revenue": 1772957
        },
        "2014-05": {
            "month": "2014-05",
            "price": "80.17",
            "revenue": 1746014
        },
        "2014-06": {
            "month": "2014-06",
            "price": "71.02",
            "revenue": 1963554
        },
        "2014-07": {
            "month": "2014-07",
            "price": "68.60",
            "revenue": 2122749
        },
        "2014-08": {
            "month": "2014-08",
            "price": "74.11",
            "revenue": 2180880
        },
        "2014-09": {
            "month": "2014-09",
            "price": "68.06",
            "revenue": 2372692
        },
        "2014-10": {
            "month": "2014-10",
            "price": "67.51",
            "revenue": 2034681
        },
        "2014-11": {
            "month": "2014-11",
            "price": "68.90",
            "revenue": 2357059
        },
        "2014-12": {
            "month": "2014-12",
            "price": "72.92",
            "revenue": 2386560
        },
        "2015-01": {
            "month": "2015-01",
            "price": "74.43",
            "revenue": 2418720
        },
        "2015-02": {
            "month": "2015-02",
            "price": "72.82",
            "revenue": 1592700
        },
        "2015-03": {
            "month": "2015-03",
            "price": "73.39",
            "revenue": 1830200
        },
        "2015-04": {
            "month": "2015-04",
            "price": "69.54",
            "revenue": 1726082
        },
        "2015-05": {
            "month": "2015-05",
            "price": "67.68",
            "revenue": 1811750
        },
        "2015-06": {
            "month": "2015-06",
            "price": "61.32",
            "revenue": 1909371
        },
        "2015-07": {
            "month": "2015-07",
            "price": "54.61",
            "revenue": 2105205
        },
        "2015-08": {
            "month": "2015-08",
            "price": "46.45",
            "revenue": 2084281
        },
        "2015-09": {
            "month": "2015-09",
            "price": "52.16",
            "revenue": 2222373
        },
        "2015-10": {
            "month": "2015-10",
            "price": "53.41",
            "revenue": 1791678
        },
        "2015-11": {
            "month": "2015-11",
            "price": "52.19",
            "revenue": 1906937
        },
        "2015-12": {
            "month": "2015-12",
            "price": "47.68",
            "revenue": 1704936
        },
        "2016-01": {
            "month": "2016-01",
            "price": "44.43",
            "revenue": 1843760
        },
        "2016-02": {
            "month": "2016-02",
            "price": "44.54",
            "revenue": 1442847
        },
        "2016-03": {
            "month": "2016-03",
            "price": "47.62",
            "revenue": 1790701
        },
        "2016-04": {
            "month": "2016-04",
            "price": "46.15",
            "revenue": 1762182
        },
        "2016-05": {
            "month": "2016-05",
            "price": "47.44",
            "revenue": 1685019
        },
        "2016-06": {
            "month": "2016-06",
            "price": "46.68",
            "revenue": 1564801
        },
        "2016-07": {
            "month": "2016-07",
            "price": "44.58",
            "revenue": 1611280
        },
        "2016-08": {
            "month": "2016-08",
            "price": "44.54",
            "revenue": 1581236
        },
        "2016-09": {
            "month": "2016-09",
            "price": "46.22",
            "revenue": 1471991
        },
        "2016-10": {
            "month": "2016-10",
            "price": "46.42",
            "revenue": 1450943
        },
        "2016-11": {
            "month": "2016-11",
            "price": "44.03",
            "revenue": 1564130
        },
        "2016-12": {
            "month": "2016-12",
            "price": "45.20",
            "revenue": 1788930
        },
        "2017-01": {
            "month": "2017-01",
            "price": "44.63",
            "revenue": 1416536
        },
        "2017-02": {
            "month": "2017-02",
            "price": "47.21",
            "revenue": 1429428
        },
        "2017-03": {
            "month": "2017-03",
            "price": "50.63",
            "revenue": 1304168
        },
        "2017-04": {
            "month": "2017-04",
            "price": "50.06",
            "revenue": 1453867
        },
        "2017-05": {
            "month": "2017-05",
            "price": "49.45",
            "revenue": 1635033
        },
        "2017-06": {
            "month": "2017-06",
            "price": "52.27",
            "revenue": 1551020
        },
        "2017-07": {
            "month": "2017-07",
            "price": "49.82",
            "revenue": 1378461
        },
        "2017-08": {
            "month": "2017-08",
            "price": "51.36",
            "revenue": 1552070
        },
        "2017-09": {
            "month": "2017-09",
            "price": "57.07",
            "revenue": 1339893
        },
        "2017-10": {
            "month": "2017-10",
            "price": "58.48",
            "revenue": 1240794
        },
        "2017-11": {
            "month": "2017-11",
            "price": "57.54",
            "revenue": 1138624
        },
        "2017-12": {
            "month": "2017-12",
            "price": "49.99",
            "revenue": 1304988
        },
        "2018-01": {
            "month": "2018-01",
            "price": "51.49",
            "revenue": 1499917
        },
        "2018-02": {
            "month": "2018-02",
            "price": "56.22",
            "revenue": 1258408
        },
        "2018-03": {
            "month": "2018-03",
            "price": "58.19",
            "revenue": 1391802
        },
        "2018-04": {
            "month": "2018-04",
            "price": "53.22",
            "revenue": 1269902
        },
        "2018-05": {
            "month": "2018-05",
            "price": "50.21",
            "revenue": 1316559
        },
        "2018-06": {
            "month": "2018-06",
            "price": "49.32",
            "revenue": 1205201
        },
        "2018-07": {
            "month": "2018-07",
            "price": "48.15",
            "revenue": 1178730
        },
        "2018-08": {
            "month": "2018-08",
            "price": "46.75",
            "revenue": 1073918
        },
        "2018-09": {
            "month": "2018-09",
            "price": "48.82",
            "revenue": 1243219
        },
        "2018-10": {
            "month": "2018-10",
            "price": "49.80",
            "revenue": 1203253
        },
        "2018-11": {
            "month": "2018-11",
            "price": "58.27",
            "revenue": 1122018
        },
        "2018-12": {
            "month": "2018-12",
            "price": "58.90",
            "revenue": 1161807
        },
        "2019-01": {
            "month": "2019-01",
            "price": "59.70",
            "revenue": 1121406
        },
        "2019-02": {
            "month": "2019-02",
            "price": "59.62",
            "revenue": 973781
        },
        "2019-03": {
            "month": "2019-03",
            "price": "60.90",
            "revenue": 1061747
        },
        "2019-04": {
            "month": "2019-04",
            "price": "63.82",
            "revenue": 1035330
        },
        "2019-05": {
            "month": "2019-05",
            "price": "64.71",
            "revenue": 1076722
        },
        "2019-06": {
            "month": "2019-06",
            "price": "68.41",
            "revenue": 1171205
        },
        "2019-07": {
            "month": "2019-07",
            "price": "66.64",
            "revenue": 1221893
        },
        "2019-08": {
            "month": "2019-08",
            "price": "64.37",
            "revenue": 1170612
        },
        "2019-09": {
            "month": "2019-09",
            "price": "64.63",
            "revenue": 1170002
        },
        "2019-10": {
            "month": "2019-10",
            "price": "64.35",
            "revenue": 1097575
        },
        "2019-11": {
            "month": "2019-11",
            "price": "63.47",
            "revenue": 1295525
        },
        "2019-12": {
            "month": "2019-12",
            "price": "62.89",
            "revenue": 1343396
        },
        "2020-01": {
            "month": "2020-01",
            "price": "63.83",
            "revenue": 985190
        },
        "2020-02": {
            "month": "2020-02",
            "price": "61.66",
            "revenue": 778897
        },
        "2020-03": {
            "month": "2020-03",
            "price": "57.26",
            "revenue": 1087203
        },
        "2020-04": {
            "month": "2020-04",
            "price": "59.20",
            "revenue": 1192266
        },
        "2020-05": {
            "month": "2020-05",
            "price": "57.40",
            "revenue": 1179794
        },
        "2020-06": {
            "month": "2020-06",
            "price": "56.95",
            "revenue": 1367701
        },
        "2020-07": {
            "month": "2020-07",
            "price": "55.91",
            "revenue": 1374677
        },
        "2020-08": {
            "month": "2020-08",
            "price": "55.33",
            "revenue": 1443483
        },
        "2020-09": {
            "month": "2020-09",
            "price": "54.69",
            "revenue": 1427171
        },
        "2020-10": {
            "month": "2020-10",
            "price": "64.22",
            "revenue": 1475590
        },
        "2020-11": {
            "month": "2020-11",
            "price": "65.22",
            "revenue": 1513203
        },
        "2020-12": {
            "month": "2020-12",
            "price": "61.51",
            "revenue": 1483377
        },
        "2021-01": {
            "month": "2021-01",
            "price": "60.42",
            "revenue": 1282216
        },
        "2021-02": {
            "month": "2021-02",
            "price": "58.92",
            "revenue": 994823
        },
        "2021-03": {
            "month": "2021-03",
            "price": "58.94",
            "revenue": 1507597
        },
        "2021-04": {
            "month": "2021-04",
            "price": "63.78",
            "revenue": 1494053
        },
        "2021-05": {
            "month": "2021-05",
            "price": "61.95",
            "revenue": 1640398
        },
        "2021-06": {
            "month": "2021-06",
            "price": "61.98",
            "revenue": 1510028
        },
        "2021-07": {
            "month": "2021-07",
            "price": "61.30",
            "revenue": 1529626
        },
        "2021-08": {
            "month": "2021-08",
            "price": "59.38",
            "revenue": 1585056
        },
        "2021-09": {
            "month": "2021-09",
            "price": "59.27",
            "revenue": 1547440
        },
        "2021-10": {
            "month": "2021-10",
            "price": "64.52",
            "revenue": 1441790
        },
        "2021-11": {
            "month": "2021-11",
            "price": "64.51",
            "revenue": 1626801
        },
        "2021-12": {
            "month": "2021-12",
            "price": "64.39",
            "revenue": 1615319
        },
        "2022-01": {
            "month": "2022-01",
            "price": "64.49",
            "revenue": 1549982
        },
        "2022-02": {
            "month": "2022-02",
            "price": "64.49",
            "revenue": 1155520
        },
        "2022-03": {
            "month": "2022-03",
            "price": "64.60",
            "revenue": 1317790
        }
    }
}
