{
    "summary": {
        "stock_name": "瑞利",
        "stock_id": "1512",
        "category": "汽車",
        "main_business": "一、電氣、機械、五金、工具及農機、車輛配件製造銷售。二、機車<br>裝配組立及其內外銷。三、家具及其配件之製造銷售。四、模具、治<br>具及飛機零配件之製造銷售。五、軌道車輛零配件之製造銷售。",
        "website_url": "http://www.juili.com.tw",
        "ceo": "林維輝",
        "pe_ratio": -22,
        "report_year_from": 2001,
        "report_year_to": 2023,
        "age": 22,
        "eps_negative_percentage": 52,
        "eps_growth_avg": {
            "last_all": -7.03,
            "last_2y": null,
            "last_4y": null,
            "last_8y": null,
            "last_12y": -64.76,
            "last_16y": -43.95,
            "last_20y": -7.03,
            "at_2006_last_3y": 32.26,
            "at_2007_last_3y": 26.01,
            "at_2008_last_3y": -23.99,
            "at_2009_last_3y": -23.15,
            "at_2010_last_3y": -12.5,
            "at_2011_last_3y": -71.53,
            "at_2012_last_3y": -47.14,
            "at_2013_last_3y": -64.76,
            "at_2014_last_3y": -64.76,
            "at_2015_last_3y": -75.61,
            "at_2016_last_3y": -100,
            "at_2017_last_3y": null,
            "at_2018_last_3y": null,
            "at_2019_last_3y": null,
            "at_2020_last_3y": null,
            "at_2021_last_3y": null,
            "at_2022_last_3y": null,
            "at_2023_last_3y": null,
            "at_2006_last_all": 29.8,
            "at_2007_last_all": 37.34,
            "at_2008_last_all": 17.72,
            "at_2009_last_all": 17.72,
            "at_2010_last_all": 17.72,
            "at_2011_last_all": 10.12,
            "at_2012_last_all": 3.31,
            "at_2013_last_all": -7.03,
            "at_2014_last_all": -7.03,
            "at_2015_last_all": -7.03,
            "at_2016_last_all": -7.03,
            "at_2017_last_all": -7.03,
            "at_2018_last_all": -7.03,
            "at_2019_last_all": -7.03,
            "at_2020_last_all": -7.03,
            "at_2021_last_all": -7.03,
            "at_2022_last_all": -7.03,
            "at_2023_last_all": -7.03
        },
        "latest_eps": -0.59,
        "latest_price": 12.85,
        "latest_roe": -18.24,
        "latest_gross_margin": 17.48,
        "latest_equity": 367632,
        "latest_revenue": 285035,
        "latest_gross_profit": 49819,
        "latest_net_income": 1181,
        "latest_debt_ratio": 83.25,
        "latest_current_ratio": 155.84,
        "latest_account_receivable_turnover_ratio": 1.62,
        "latest_inventory_turnover_ratio": 0.66,
        "latest_reinvestment_rate": null,
        "latest_research_to_sale_ratio": 1.06
    },
    "eps_dividends": {
        "1990": {
            "cash": 0,
            "stock": 0.77,
            "eps": 0
        },
        "1991": {
            "cash": 0,
            "stock": 0.84,
            "eps": 0
        },
        "1992": {
            "cash": 0,
            "stock": 1.3,
            "eps": 0
        },
        "1993": {
            "cash": 0,
            "stock": 1.8,
            "eps": 0
        },
        "1994": {
            "cash": 0,
            "stock": 2,
            "eps": 0
        },
        "1995": {
            "cash": 0,
            "stock": 1.5,
            "eps": 0
        },
        "1996": {
            "cash": 0,
            "stock": 1,
            "eps": 0
        },
        "1997": {
            "cash": 0,
            "stock": 1,
            "eps": 0
        },
        "1998": {
            "cash": 0,
            "stock": 1,
            "eps": 0
        },
        "1999": {
            "cash": 0,
            "stock": 1,
            "eps": 0
        },
        "2001": {
            "cash": 0,
            "stock": 0,
            "eps": 0.05
        },
        "2002": {
            "cash": 0,
            "stock": 0,
            "eps": 0.06
        },
        "2003": {
            "cash": 0,
            "stock": 0,
            "eps": 0.38
        },
        "2004": {
            "cash": 0.35,
            "stock": 0,
            "eps": 0.98
        },
        "2005": {
            "cash": 0.7,
            "stock": 0,
            "eps": 0.72
        },
        "2006": {
            "cash": 0.7,
            "stock": 0,
            "eps": 0.4
        },
        "2007": {
            "cash": 0.5,
            "stock": 0,
            "eps": 0.7
        },
        "2008": {
            "cash": 0.3,
            "stock": 0.3,
            "eps": -0.22
        },
        "2009": {
            "cash": 0,
            "stock": 0,
            "eps": -0.31
        },
        "2010": {
            "cash": 0,
            "stock": 0,
            "eps": 0.72
        },
        "2011": {
            "cash": 1,
            "stock": 0,
            "eps": 0.41
        },
        "2012": {
            "cash": 0,
            "stock": 0,
            "eps": 0.2
        },
        "2013": {
            "cash": 0,
            "stock": 0,
            "eps": -0.68
        },
        "2014": {
            "cash": 0,
            "stock": 0,
            "eps": -1.3
        },
        "2015": {
            "cash": 0,
            "stock": 0,
            "eps": -0.84
        },
        "2016": {
            "cash": 0,
            "stock": 0,
            "eps": -0.68
        },
        "2017": {
            "cash": 0,
            "stock": 0,
            "eps": -3.09
        },
        "2018": {
            "cash": 0,
            "stock": 0,
            "eps": -0.91
        },
        "2019": {
            "cash": 0,
            "stock": 0,
            "eps": -2.13
        },
        "2020": {
            "cash": 0,
            "stock": 0,
            "eps": -0.54
        },
        "2021": {
            "cash": 0,
            "stock": 0,
            "eps": -0.64
        },
        "2022": {
            "cash": 0,
            "stock": 0,
            "eps": -1.05
        },
        "2023": {
            "cash": 0,
            "stock": 0,
            "eps": 0.01
        }
    },
    "dividends": {
        "1990-03-04": {
            "cash": 0,
            "stock": 0.77
        },
        "1991-06-02": {
            "cash": 0,
            "stock": 0.84
        },
        "1992-05-31": {
            "cash": 0,
            "stock": 1.3
        },
        "1993-05-18": {
            "cash": 0,
            "stock": 1.8
        },
        "1994-05-18": {
            "cash": 0,
            "stock": 2
        },
        "1995-05-24": {
            "cash": 0,
            "stock": 1.5
        },
        "1996-05-24": {
            "cash": 0,
            "stock": 1
        },
        "1997-06-03": {
            "cash": 0,
            "stock": 1
        },
        "1998-05-28": {
            "cash": 0,
            "stock": 1
        },
        "1999-06-01": {
            "cash": 0,
            "stock": 1
        },
        "2004-03-23": {
            "cash": 0.35,
            "stock": 0
        },
        "2005-06-17": {
            "cash": 0.7,
            "stock": 0
        },
        "2006-03-29": {
            "cash": 0.7,
            "stock": 0
        },
        "2007-03-30": {
            "cash": 0.5,
            "stock": 0
        },
        "2008-04-09": {
            "cash": 0.3,
            "stock": 0.3
        },
        "2011-01-01": {
            "cash": 0.5,
            "stock": 0
        },
        "2011-03-31": {
            "cash": 0.5,
            "stock": 0
        }
    },
    "prices": {
        "200101": "3.90",
        "200102": "4.43",
        "200103": "4.35",
        "200104": "3.91",
        "200105": "3.98",
        "200106": "3.83",
        "200107": "3.16",
        "200108": "3.28",
        "200109": "3.07",
        "200110": "3.03",
        "200111": "3.24",
        "200112": "4.02",
        "200201": "3.73",
        "200202": "3.73",
        "200203": "4.11",
        "200204": "5.26",
        "200205": "4.72",
        "200206": "4.90",
        "200207": "7.16",
        "200208": "6.13",
        "200209": "5.11",
        "200210": "4.86",
        "200211": "6.58",
        "200212": "7.50",
        "200301": "8.80",
        "200302": "8.12",
        "200303": "8.23",
        "200304": "8.31",
        "200305": "7.29",
        "200306": "8.08",
        "200307": "8.02",
        "200308": "8.06",
        "200309": "6.88",
        "200310": "8.14",
        "200311": "8.21",
        "200312": "7.97",
        "200401": "8.30",
        "200402": "9.75",
        "200403": "9.74",
        "200404": "9.40",
        "200405": "8.94",
        "200406": "8.97",
        "200407": "8.55",
        "200408": "8.38",
        "200409": "9.63",
        "200410": "10.41",
        "200411": "10.42",
        "200412": "10.44",
        "200501": "9.84",
        "200502": "9.28",
        "200503": "9.42",
        "200504": "9.30",
        "200505": "7.79",
        "200506": "8.42",
        "200507": "8.56",
        "200508": "8.86",
        "200509": "9.34",
        "200510": "10.58",
        "200511": "10.86",
        "200512": "10.85",
        "200601": "10.58",
        "200602": "9.93",
        "200603": "9.91",
        "200604": "11.08",
        "200605": "11.57",
        "200606": "10.54",
        "200607": "9.60",
        "200608": "9.00",
        "200609": "8.78",
        "200610": "9.61",
        "200611": "9.22",
        "200612": "9.65",
        "200701": "9.66",
        "200702": "9.06",
        "200703": "9.39",
        "200704": "10.48",
        "200705": "10.56",
        "200706": "12.24",
        "200707": "14.76",
        "200708": "13.35",
        "200709": "14.03",
        "200710": "13.66",
        "200711": "11.82",
        "200712": "9.97",
        "200801": "10.26",
        "200802": "11.03",
        "200803": "11.45",
        "200804": "11.68",
        "200805": "11.16",
        "200806": "9.62",
        "200807": "8.45",
        "200808": "8.28",
        "200809": "6.71",
        "200810": "5.96",
        "200811": "5.77",
        "200812": "5.44",
        "200901": "5.02",
        "200902": "4.72",
        "200903": "5.81",
        "200904": "7.73",
        "200905": "8.14",
        "200906": "8.37",
        "200907": "8.75",
        "200908": "8.70",
        "200909": "8.41",
        "200910": "9.07",
        "200911": "10.26",
        "200912": "10.69",
        "201001": "10.26",
        "201002": "8.35",
        "201003": "8.75",
        "201004": "9.89",
        "201005": "8.16",
        "201006": "7.96",
        "201007": "8.48",
        "201008": "8.94",
        "201009": "8.33",
        "201010": "8.27",
        "201011": "8.71",
        "201012": "8.99",
        "201101": "9.90",
        "201102": "9.50",
        "201103": "8.74",
        "201104": "9.75",
        "201105": "9.99",
        "201106": "9.73",
        "201107": "11.14",
        "201108": "9.79",
        "201109": "7.95",
        "201110": "7.83",
        "201111": "7.81",
        "201112": "6.99",
        "201201": "7.06",
        "201202": "8.12",
        "201203": "8.48",
        "201204": "8.14",
        "201205": "7.58",
        "201206": "7.35",
        "201207": "7.43",
        "201208": "7.78",
        "201209": "8.36",
        "201210": "8.46",
        "201211": "7.33",
        "201212": "7.42",
        "201301": "7.85",
        "201302": "7.89",
        "201303": "7.86",
        "201304": "7.82",
        "201305": "7.77",
        "201306": "7.47",
        "201307": "7.27",
        "201308": "7.44",
        "201309": "7.79",
        "201310": "8.05",
        "201311": "7.86",
        "201312": "8.50",
        "201401": "10.21",
        "201402": "10.99",
        "201403": "10.48",
        "201404": "10.40",
        "201405": "9.05",
        "201406": "8.75",
        "201407": "8.60",
        "201408": "7.62",
        "201409": "7.13",
        "201410": "6.13",
        "201411": "5.90",
        "201412": "6.14",
        "201501": "6.50",
        "201502": "6.48",
        "201503": "6.19",
        "201504": "6.06",
        "201505": "5.77",
        "201506": "4.86",
        "201507": "4.12",
        "201508": "3.69",
        "201509": "3.55",
        "201510": "4.15",
        "201511": "4.81",
        "201512": "5.01",
        "201601": "5.72",
        "201602": "5.08",
        "201603": "5.62",
        "201604": "5.13",
        "201605": "4.37",
        "201606": "4.51",
        "201607": "4.72",
        "201608": "4.96",
        "201609": "5.25",
        "201610": "4.94",
        "201611": "4.62",
        "201612": "5.12",
        "201701": "6.31",
        "201702": "6.31",
        "201703": "7.69",
        "201704": "7.87",
        "201705": "7.60",
        "201706": "10.85",
        "201707": "12.89",
        "201708": "11.63",
        "201709": "13.28",
        "201710": "13.09",
        "201711": "12.63",
        "201712": "12.42",
        "201801": "11.52",
        "201802": "11.43",
        "201803": "12.62",
        "201804": "11.32",
        "201805": "10.61",
        "201806": "10.67",
        "201807": "10.54",
        "201808": "10.17",
        "201809": "9.97",
        "201810": "9.29",
        "201811": "8.63",
        "201812": "7.98",
        "201901": "8.04",
        "201902": "7.26",
        "201903": "7.00",
        "201904": "6.11",
        "201905": "5.37",
        "201906": "5.18",
        "201907": "5.71",
        "201908": "5.47",
        "201909": "5.12",
        "201910": "5.19",
        "201911": "4.74",
        "201912": "3.90",
        "202001": "3.89",
        "202002": "3.95",
        "202003": "3.41",
        "202004": "3.31",
        "202005": "4.50",
        "202006": "5.47",
        "202007": "4.71",
        "202008": "4.15",
        "202009": "4.56",
        "202010": "4.67",
        "202011": "4.56",
        "202012": "4.25",
        "202101": "4.66",
        "202102": "4.41",
        "202103": "4.58",
        "202104": "5.01",
        "202105": "4.63",
        "202106": "4.47",
        "202107": "4.51",
        "202108": "4.35",
        "202109": "4.08",
        "202110": "3.73",
        "202111": "3.78",
        "202112": "3.77",
        "202201": "5.00",
        "202202": "4.75",
        "202203": "4.31",
        "202204": "3.99",
        "202205": "3.54",
        "202206": "3.63",
        "202207": "3.09",
        "202208": "3.55",
        "202209": "3.35",
        "202210": "3.60",
        "202211": "3.45",
        "202212": "4.26",
        "202301": "4.88",
        "202302": "5.79",
        "202303": "13.87",
        "202304": "14.05",
        "202305": "13.27",
        "202306": "14.23",
        "202307": "13.52",
        "202308": "12.72",
        "202309": "12.24",
        "202310": "12.30"
    },
    "quarters": {
        "20011": {
            "year_quarter": 20011,
            "year": 2001,
            "quarter": 1,
            "eps": 0.05,
            "eps_growth_year": null,
            "eps_4q": 0.18,
            "eps_4q_growth_year": null,
            "roe": 0.43,
            "roe_4q": 0.43,
            "gross_profit": 97437,
            "gross_margin": 17.18,
            "gross_margin_4q_avg": 17.18,
            "net_income": 8452,
            "net_income_4q": null,
            "revenue": 567249,
            "revenue_4q": null,
            "common_shares": 1765073,
            "book_valuer_per_share": 11.17,
            "book_valuer_per_share_4q_avg": 11.17,
            "equity": 1972193,
            "current_ratio": 71.55,
            "debt_ratio": 48.2,
            "inventory_turnover_ratio": 1.05,
            "account_receivable_turnover_ratio": null,
            "reinvestment_rate": null,
            "research_to_sale_ratio": null,
            "price_fair": 0,
            "eps_avg_yearly": 0,
            "eps_latest_yearly": 0,
            "eps_growth_yearly": 0
        },
        "20012": {
            "year_quarter": 20012,
            "year": 2001,
            "quarter": 2,
            "eps": 0.01,
            "eps_growth_year": null,
            "eps_4q": 0.33,
            "eps_4q_growth_year": null,
            "roe": 0.13,
            "roe_4q": 0.56,
            "gross_profit": 85272,
            "gross_margin": 15.63,
            "gross_margin_4q_avg": 16.41,
            "net_income": 2631,
            "net_income_4q": null,
            "revenue": 545729,
            "revenue_4q": null,
            "common_shares": 1765073,
            "book_valuer_per_share": 11.11,
            "book_valuer_per_share_4q_avg": 11.14,
            "equity": 1961333,
            "current_ratio": 73.17,
            "debt_ratio": 47.96,
            "inventory_turnover_ratio": 0.92,
            "account_receivable_turnover_ratio": null,
            "reinvestment_rate": null,
            "research_to_sale_ratio": null,
            "price_fair": 0,
            "eps_avg_yearly": 0,
            "eps_latest_yearly": 0,
            "eps_growth_yearly": 0
        },
        "20013": {
            "year_quarter": 20013,
            "year": 2001,
            "quarter": 3,
            "eps": 0.03,
            "eps_growth_year": null,
            "eps_4q": 0.34,
            "eps_4q_growth_year": null,
            "roe": 0.3,
            "roe_4q": 0.86,
            "gross_profit": 96098,
            "gross_margin": 14.55,
            "gross_margin_4q_avg": 15.79,
            "net_income": 5998,
            "net_income_4q": null,
            "revenue": 660666,
            "revenue_4q": null,
            "common_shares": 1765073,
            "book_valuer_per_share": 11.22,
            "book_valuer_per_share_4q_avg": 11.17,
            "equity": 1980740,
            "current_ratio": 80.66,
            "debt_ratio": 47.66,
            "inventory_turnover_ratio": 1.06,
            "account_receivable_turnover_ratio": null,
            "reinvestment_rate": null,
            "research_to_sale_ratio": null,
            "price_fair": 0,
            "eps_avg_yearly": 0,
            "eps_latest_yearly": 0,
            "eps_growth_yearly": 0
        },
        "20014": {
            "year_quarter": 20014,
            "year": 2001,
            "quarter": 4,
            "eps": -0.04,
            "eps_growth_year": -113.79,
            "eps_4q": 0.06,
            "eps_4q_growth_year": null,
            "roe": -0.32,
            "roe_4q": 0.54,
            "gross_profit": 96960,
            "gross_margin": 13.29,
            "gross_margin_4q_avg": 15.16,
            "net_income": -6403,
            "net_income_4q": null,
            "revenue": 729628,
            "revenue_4q": null,
            "common_shares": 1765073,
            "book_valuer_per_share": 11.21,
            "book_valuer_per_share_4q_avg": 11.18,
            "equity": 1977862,
            "current_ratio": 146.42,
            "debt_ratio": 45.02,
            "inventory_turnover_ratio": 1.39,
            "account_receivable_turnover_ratio": null,
            "reinvestment_rate": null,
            "research_to_sale_ratio": null,
            "price_fair": 0,
            "eps_avg_yearly": 0,
            "eps_latest_yearly": 0,
            "eps_growth_yearly": 0
        },
        "20021": {
            "year_quarter": 20021,
            "year": 2002,
            "quarter": 1,
            "eps": 0,
            "eps_growth_year": -100,
            "eps_4q": 0.02,
            "eps_4q_growth_year": -91.08,
            "roe": 0.03,
            "roe_4q": 0.13999999999999996,
            "gross_profit": 102647,
            "gross_margin": 19.08,
            "gross_margin_4q_avg": 15.64,
            "net_income": 547,
            "net_income_4q": null,
            "revenue": 538074,
            "revenue_4q": null,
            "common_shares": 1765073,
            "book_valuer_per_share": 11.21,
            "book_valuer_per_share_4q_avg": 11.19,
            "equity": 1978420,
            "current_ratio": 149.29,
            "debt_ratio": 44.42,
            "inventory_turnover_ratio": 1.03,
            "account_receivable_turnover_ratio": null,
            "reinvestment_rate": null,
            "research_to_sale_ratio": null,
            "price_fair": 0,
            "eps_avg_yearly": 0,
            "eps_latest_yearly": 0,
            "eps_growth_yearly": 0
        },
        "20022": {
            "year_quarter": 20022,
            "year": 2002,
            "quarter": 2,
            "eps": 0.02,
            "eps_growth_year": 100,
            "eps_4q": 0.02,
            "eps_4q_growth_year": -93.62,
            "roe": 0.17,
            "roe_4q": 0.18,
            "gross_profit": 122339,
            "gross_margin": 18.32,
            "gross_margin_4q_avg": 16.31,
            "net_income": 3311,
            "net_income_4q": null,
            "revenue": 667637,
            "revenue_4q": null,
            "common_shares": 1765073,
            "book_valuer_per_share": 11.23,
            "book_valuer_per_share_4q_avg": 11.22,
            "equity": 1981299,
            "current_ratio": 147.61,
            "debt_ratio": 46.32,
            "inventory_turnover_ratio": 1.11,
            "account_receivable_turnover_ratio": null,
            "reinvestment_rate": null,
            "research_to_sale_ratio": null,
            "price_fair": 0,
            "eps_avg_yearly": 0,
            "eps_latest_yearly": 0,
            "eps_growth_yearly": 0
        },
        "20023": {
            "year_quarter": 20023,
            "year": 2002,
            "quarter": 3,
            "eps": 0.06,
            "eps_growth_year": 100,
            "eps_4q": 0.05,
            "eps_4q_growth_year": -86.59,
            "roe": 0.52,
            "roe_4q": 0.4000000000000001,
            "gross_profit": 108004,
            "gross_margin": 17.22,
            "gross_margin_4q_avg": 16.98,
            "net_income": 10416,
            "net_income_4q": null,
            "revenue": 627266,
            "revenue_4q": null,
            "common_shares": 1765073,
            "book_valuer_per_share": 11.29,
            "book_valuer_per_share_4q_avg": 11.24,
            "equity": 1992178,
            "current_ratio": 149.42,
            "debt_ratio": 45.92,
            "inventory_turnover_ratio": 0.97,
            "account_receivable_turnover_ratio": null,
            "reinvestment_rate": null,
            "research_to_sale_ratio": null,
            "price_fair": 8.4,
            "eps_avg_yearly": 0.24,
            "eps_latest_yearly": 0.24,
            "eps_growth_yearly": 800
        },
        "20024": {
            "year_quarter": 20024,
            "year": 2002,
            "quarter": 4,
            "eps": -0.02,
            "eps_growth_year": null,
            "eps_4q": 0.06,
            "eps_4q_growth_year": 0,
            "roe": -0.2,
            "roe_4q": 0.52,
            "gross_profit": 174530,
            "gross_margin": 20.47,
            "gross_margin_4q_avg": 18.77,
            "net_income": -4061,
            "net_income_4q": null,
            "revenue": 852569,
            "revenue_4q": null,
            "common_shares": 1765073,
            "book_valuer_per_share": 11.27,
            "book_valuer_per_share_4q_avg": 11.25,
            "equity": 1989753,
            "current_ratio": 154.34,
            "debt_ratio": 44.95,
            "inventory_turnover_ratio": 1.37,
            "account_receivable_turnover_ratio": null,
            "reinvestment_rate": null,
            "research_to_sale_ratio": null,
            "price_fair": 8.4,
            "eps_avg_yearly": 0.24,
            "eps_latest_yearly": 0.24,
            "eps_growth_yearly": 800
        },
        "20031": {
            "year_quarter": 20031,
            "year": 2003,
            "quarter": 1,
            "eps": 0.06,
            "eps_growth_year": null,
            "eps_4q": 0.12,
            "eps_4q_growth_year": 661.06,
            "roe": 0.49,
            "roe_4q": 0.9800000000000001,
            "gross_profit": 126125,
            "gross_margin": 18.13,
            "gross_margin_4q_avg": 18.54,
            "net_income": 9737,
            "net_income_4q": null,
            "revenue": 695735,
            "revenue_4q": null,
            "common_shares": 1765073,
            "book_valuer_per_share": 11.33,
            "book_valuer_per_share_4q_avg": 11.28,
            "equity": 1999509,
            "current_ratio": 145.03,
            "debt_ratio": 47.01,
            "inventory_turnover_ratio": 1.21,
            "account_receivable_turnover_ratio": null,
            "reinvestment_rate": null,
            "research_to_sale_ratio": null,
            "price_fair": 8.4,
            "eps_avg_yearly": 0.24,
            "eps_latest_yearly": 0.24,
            "eps_growth_yearly": 800
        },
        "20032": {
            "year_quarter": 20032,
            "year": 2003,
            "quarter": 2,
            "eps": 0.09,
            "eps_growth_year": 350,
            "eps_4q": 0.18,
            "eps_4q_growth_year": 761.3,
            "roe": 0.8,
            "roe_4q": 1.61,
            "gross_profit": 145995,
            "gross_margin": 17.1,
            "gross_margin_4q_avg": 18.23,
            "net_income": 16155,
            "net_income_4q": null,
            "revenue": 853605,
            "revenue_4q": null,
            "common_shares": 1765073,
            "book_valuer_per_share": 11.42,
            "book_valuer_per_share_4q_avg": 11.33,
            "equity": 2015175,
            "current_ratio": 145.94,
            "debt_ratio": 48.13,
            "inventory_turnover_ratio": 1.4,
            "account_receivable_turnover_ratio": null,
            "reinvestment_rate": null,
            "research_to_sale_ratio": null,
            "price_fair": 10.5,
            "eps_avg_yearly": 0.3,
            "eps_latest_yearly": 0.36,
            "eps_growth_yearly": 500
        },
        "20033": {
            "year_quarter": 20033,
            "year": 2003,
            "quarter": 3,
            "eps": 0.02,
            "eps_growth_year": -66.67,
            "eps_4q": 0.12,
            "eps_4q_growth_year": 175.27,
            "roe": 0.21,
            "roe_4q": 1.3,
            "gross_profit": 99064,
            "gross_margin": 14.98,
            "gross_margin_4q_avg": 17.67,
            "net_income": 4166,
            "net_income_4q": null,
            "revenue": 661333,
            "revenue_4q": null,
            "common_shares": 1765073,
            "book_valuer_per_share": 11.42,
            "book_valuer_per_share_4q_avg": 11.36,
            "equity": 2016154,
            "current_ratio": 146.32,
            "debt_ratio": 47.79,
            "inventory_turnover_ratio": 1.03,
            "account_receivable_turnover_ratio": null,
            "reinvestment_rate": null,
            "research_to_sale_ratio": null,
            "price_fair": 7.93,
            "eps_avg_yearly": 0.23,
            "eps_latest_yearly": 0.08,
            "eps_growth_yearly": 229.63
        },
        "20034": {
            "year_quarter": 20034,
            "year": 2003,
            "quarter": 4,
            "eps": 0.21,
            "eps_growth_year": null,
            "eps_4q": 0.38,
            "eps_4q_growth_year": 539.08,
            "roe": 1.79,
            "roe_4q": 3.29,
            "gross_profit": 154295,
            "gross_margin": 18.97,
            "gross_margin_4q_avg": 17.3,
            "net_income": 36392,
            "net_income_4q": null,
            "revenue": 813533,
            "revenue_4q": null,
            "common_shares": 1765073,
            "book_valuer_per_share": 11.63,
            "book_valuer_per_share_4q_avg": 11.45,
            "equity": 2053003,
            "current_ratio": 150.63,
            "debt_ratio": 48.77,
            "inventory_turnover_ratio": 1.03,
            "account_receivable_turnover_ratio": null,
            "reinvestment_rate": -540.33,
            "research_to_sale_ratio": null,
            "price_fair": 13.3,
            "eps_avg_yearly": 0.38,
            "eps_latest_yearly": 0.84,
            "eps_growth_yearly": 1122.22
        },
        "20041": {
            "year_quarter": 20041,
            "year": 2004,
            "quarter": 1,
            "eps": 0.19,
            "eps_growth_year": 216.67,
            "eps_4q": 0.51,
            "eps_4q_growth_year": 323.53,
            "roe": 1.65,
            "roe_4q": 4.45,
            "gross_profit": 124015,
            "gross_margin": 15.57,
            "gross_margin_4q_avg": 16.66,
            "net_income": 34059,
            "net_income_4q": null,
            "revenue": 796648,
            "revenue_4q": null,
            "common_shares": 1765073,
            "book_valuer_per_share": 11.8,
            "book_valuer_per_share_4q_avg": 11.57,
            "equity": 2082109,
            "current_ratio": 142.57,
            "debt_ratio": 49.28,
            "inventory_turnover_ratio": 0.98,
            "account_receivable_turnover_ratio": null,
            "reinvestment_rate": -283.73,
            "research_to_sale_ratio": null,
            "price_fair": 15.96,
            "eps_avg_yearly": 0.46,
            "eps_latest_yearly": 0.76,
            "eps_growth_yearly": 890.16
        },
        "20042": {
            "year_quarter": 20042,
            "year": 2004,
            "quarter": 2,
            "eps": 0.33,
            "eps_growth_year": 266.67,
            "eps_4q": 0.76,
            "eps_4q_growth_year": 321.07,
            "roe": 2.77,
            "roe_4q": 6.42,
            "gross_profit": 173813,
            "gross_margin": 16.36,
            "gross_margin_4q_avg": 16.47,
            "net_income": 57741,
            "net_income_4q": null,
            "revenue": 1062445,
            "revenue_4q": null,
            "common_shares": 1765073,
            "book_valuer_per_share": 11.78,
            "book_valuer_per_share_4q_avg": 11.66,
            "equity": 2079602,
            "current_ratio": 141.26,
            "debt_ratio": 52.81,
            "inventory_turnover_ratio": 1.3,
            "account_receivable_turnover_ratio": null,
            "reinvestment_rate": -272.22,
            "research_to_sale_ratio": null,
            "price_fair": 21,
            "eps_avg_yearly": 0.6,
            "eps_latest_yearly": 1.32,
            "eps_growth_yearly": 790.92
        },
        "20043": {
            "year_quarter": 20043,
            "year": 2004,
            "quarter": 3,
            "eps": 0.27,
            "eps_growth_year": 1250,
            "eps_4q": 1,
            "eps_4q_growth_year": 700.57,
            "roe": 2.25,
            "roe_4q": 8.46,
            "gross_profit": 177101,
            "gross_margin": 16.24,
            "gross_margin_4q_avg": 16.79,
            "net_income": 47468,
            "net_income_4q": null,
            "revenue": 1090546,
            "revenue_4q": null,
            "common_shares": 1765073,
            "book_valuer_per_share": 12.07,
            "book_valuer_per_share_4q_avg": 11.82,
            "equity": 2130630,
            "current_ratio": 152.3,
            "debt_ratio": 50.65,
            "inventory_turnover_ratio": 1.31,
            "account_receivable_turnover_ratio": null,
            "reinvestment_rate": -214.91,
            "research_to_sale_ratio": null,
            "price_fair": 23.4,
            "eps_avg_yearly": 0.67,
            "eps_latest_yearly": 1.08,
            "eps_growth_yearly": 667.54
        },
        "20044": {
            "year_quarter": 20044,
            "year": 2004,
            "quarter": 4,
            "eps": 0.19,
            "eps_growth_year": -9.52,
            "eps_4q": 0.99,
            "eps_4q_growth_year": 158.72,
            "roe": 1.55,
            "roe_4q": 8.22,
            "gross_profit": 175068,
            "gross_margin": 15.94,
            "gross_margin_4q_avg": 16.03,
            "net_income": 32991,
            "net_income_4q": null,
            "revenue": 1098452,
            "revenue_4q": null,
            "common_shares": 1765073,
            "book_valuer_per_share": 12.06,
            "book_valuer_per_share_4q_avg": 11.93,
            "equity": 2128391,
            "current_ratio": 155.04,
            "debt_ratio": 51,
            "inventory_turnover_ratio": 1.36,
            "account_receivable_turnover_ratio": null,
            "reinvestment_rate": -179.68,
            "research_to_sale_ratio": null,
            "price_fair": 23.8,
            "eps_avg_yearly": 0.68,
            "eps_latest_yearly": 0.76,
            "eps_growth_yearly": 569.29
        },
        "20051": {
            "year_quarter": 20051,
            "year": 2005,
            "quarter": 1,
            "eps": 0.14,
            "eps_growth_year": -26.32,
            "eps_4q": 0.94,
            "eps_4q_growth_year": 86.4,
            "roe": 1.1,
            "roe_4q": 7.67,
            "gross_profit": 132755,
            "gross_margin": 15.42,
            "gross_margin_4q_avg": 15.99,
            "net_income": 24068,
            "net_income_4q": null,
            "revenue": 860847,
            "revenue_4q": null,
            "common_shares": 1765073,
            "book_valuer_per_share": 12.64,
            "book_valuer_per_share_4q_avg": 12.14,
            "equity": 2230503,
            "current_ratio": 145.68,
            "debt_ratio": 48.55,
            "inventory_turnover_ratio": 1.07,
            "account_receivable_turnover_ratio": null,
            "reinvestment_rate": -184.61,
            "research_to_sale_ratio": null,
            "price_fair": 23.33,
            "eps_avg_yearly": 0.67,
            "eps_latest_yearly": 0.56,
            "eps_growth_yearly": 494.34
        },
        "20052": {
            "year_quarter": 20052,
            "year": 2005,
            "quarter": 2,
            "eps": 0.06,
            "eps_growth_year": -81.82,
            "eps_4q": 0.66,
            "eps_4q_growth_year": -12.78,
            "roe": 0.47,
            "roe_4q": 5.37,
            "gross_profit": 111269,
            "gross_margin": 11.63,
            "gross_margin_4q_avg": 14.81,
            "net_income": 10456,
            "net_income_4q": null,
            "revenue": 956630,
            "revenue_4q": null,
            "common_shares": 1765073,
            "book_valuer_per_share": 12.7,
            "book_valuer_per_share_4q_avg": 12.37,
            "equity": 2241021,
            "current_ratio": 137.82,
            "debt_ratio": 50.57,
            "inventory_turnover_ratio": 1.14,
            "account_receivable_turnover_ratio": null,
            "reinvestment_rate": -158,
            "research_to_sale_ratio": null,
            "price_fair": 21.84,
            "eps_avg_yearly": 0.62,
            "eps_latest_yearly": 0.24,
            "eps_growth_yearly": 422.05
        },
        "20053": {
            "year_quarter": 20053,
            "year": 2005,
            "quarter": 3,
            "eps": 0.14,
            "eps_growth_year": -48.15,
            "eps_4q": 0.51,
            "eps_4q_growth_year": -48.85,
            "roe": 1.16,
            "roe_4q": 4.28,
            "gross_profit": 108652,
            "gross_margin": 12.44,
            "gross_margin_4q_avg": 13.86,
            "net_income": 25471,
            "net_income_4q": null,
            "revenue": 873285,
            "revenue_4q": null,
            "common_shares": 1765073,
            "book_valuer_per_share": 12.25,
            "book_valuer_per_share_4q_avg": 12.41,
            "equity": 2161489,
            "current_ratio": 156.02,
            "debt_ratio": 54.42,
            "inventory_turnover_ratio": 0.95,
            "account_receivable_turnover_ratio": null,
            "reinvestment_rate": -128.73,
            "research_to_sale_ratio": null,
            "price_fair": 21.64,
            "eps_avg_yearly": 0.62,
            "eps_latest_yearly": 0.56,
            "eps_growth_yearly": 432.16
        },
        "20054": {
            "year_quarter": 20054,
            "year": 2005,
            "quarter": 4,
            "eps": 0.38,
            "eps_growth_year": 100,
            "eps_4q": 0.72,
            "eps_4q_growth_year": -27.36,
            "roe": 3.02,
            "roe_4q": 5.75,
            "gross_profit": 237056,
            "gross_margin": 17.58,
            "gross_margin_4q_avg": 14.27,
            "net_income": 66928,
            "net_income_4q": null,
            "revenue": 1348346,
            "revenue_4q": null,
            "common_shares": 1765073,
            "book_valuer_per_share": 12.72,
            "book_valuer_per_share_4q_avg": 12.58,
            "equity": 2265252,
            "current_ratio": 143.63,
            "debt_ratio": 54.76,
            "inventory_turnover_ratio": 1.33,
            "account_receivable_turnover_ratio": null,
            "reinvestment_rate": 87.43,
            "research_to_sale_ratio": null,
            "price_fair": 24.27,
            "eps_avg_yearly": 0.69,
            "eps_latest_yearly": 1.52,
            "eps_growth_yearly": 453.29
        },
        "20061": {
            "year_quarter": 20061,
            "year": 2006,
            "quarter": 1,
            "eps": -0.22,
            "eps_growth_year": -257.14,
            "eps_4q": 0.36,
            "eps_4q_growth_year": -62.24,
            "roe": -1.76,
            "roe_4q": 2.8899999999999997,
            "gross_profit": 83682,
            "gross_margin": 9.4,
            "gross_margin_4q_avg": 12.76,
            "net_income": -39254,
            "net_income_4q": null,
            "revenue": 889789,
            "revenue_4q": null,
            "common_shares": 1765073,
            "book_valuer_per_share": 12.49,
            "book_valuer_per_share_4q_avg": 12.54,
            "equity": 2204938,
            "current_ratio": 139.32,
            "debt_ratio": 53.47,
            "inventory_turnover_ratio": 1.02,
            "account_receivable_turnover_ratio": null,
            "reinvestment_rate": -17.32,
            "research_to_sale_ratio": null,
            "price_fair": 24.27,
            "eps_avg_yearly": 0.69,
            "eps_latest_yearly": 1.52,
            "eps_growth_yearly": 453.29
        },
        "20062": {
            "year_quarter": 20062,
            "year": 2006,
            "quarter": 2,
            "eps": -0.23,
            "eps_growth_year": -483.33,
            "eps_4q": 0.08,
            "eps_4q_growth_year": -88.62,
            "roe": -1.88,
            "roe_4q": 0.5400000000000003,
            "gross_profit": 33269,
            "gross_margin": 4.79,
            "gross_margin_4q_avg": 11.05,
            "net_income": -39895,
            "net_income_4q": null,
            "revenue": 694074,
            "revenue_4q": null,
            "common_shares": 1765073,
            "book_valuer_per_share": 11.56,
            "book_valuer_per_share_4q_avg": 12.26,
            "equity": 2040484,
            "current_ratio": 120.03,
            "debt_ratio": 56.71,
            "inventory_turnover_ratio": 0.91,
            "account_receivable_turnover_ratio": null,
            "reinvestment_rate": 14.35,
            "research_to_sale_ratio": null,
            "price_fair": 24.27,
            "eps_avg_yearly": 0.69,
            "eps_latest_yearly": 1.52,
            "eps_growth_yearly": 453.29
        },
        "20063": {
            "year_quarter": 20063,
            "year": 2006,
            "quarter": 3,
            "eps": 0.3,
            "eps_growth_year": 114.29,
            "eps_4q": 0.23,
            "eps_4q_growth_year": -54.78,
            "roe": 2.57,
            "roe_4q": 1.95,
            "gross_profit": 149081,
            "gross_margin": 15.45,
            "gross_margin_4q_avg": 11.81,
            "net_income": 53237,
            "net_income_4q": null,
            "revenue": 964700,
            "revenue_4q": null,
            "common_shares": 1765073,
            "book_valuer_per_share": 11.94,
            "book_valuer_per_share_4q_avg": 12.18,
            "equity": 2106881,
            "current_ratio": 111.01,
            "debt_ratio": 55.4,
            "inventory_turnover_ratio": 1.27,
            "account_receivable_turnover_ratio": null,
            "reinvestment_rate": 29.76,
            "research_to_sale_ratio": null,
            "price_fair": 25.71,
            "eps_avg_yearly": 0.73,
            "eps_latest_yearly": 1.52,
            "eps_growth_yearly": 421.77
        },
        "20064": {
            "year_quarter": 20064,
            "year": 2006,
            "quarter": 4,
            "eps": 0.55,
            "eps_growth_year": 44.74,
            "eps_4q": 0.4,
            "eps_4q_growth_year": -43.96,
            "roe": 4.5,
            "roe_4q": 3.4300000000000006,
            "gross_profit": 189728,
            "gross_margin": 19.69,
            "gross_margin_4q_avg": 12.33,
            "net_income": 97501,
            "net_income_4q": null,
            "revenue": 963438,
            "revenue_4q": null,
            "common_shares": 1765073,
            "book_valuer_per_share": 12.49,
            "book_valuer_per_share_4q_avg": 12.12,
            "equity": 2228071,
            "current_ratio": 132.64,
            "debt_ratio": 57.56,
            "inventory_turnover_ratio": 1.19,
            "account_receivable_turnover_ratio": null,
            "reinvestment_rate": 98.25,
            "research_to_sale_ratio": null,
            "price_fair": 29.98,
            "eps_avg_yearly": 0.86,
            "eps_latest_yearly": 2.2,
            "eps_growth_yearly": 414.4
        },
        "20071": {
            "year_quarter": 20071,
            "year": 2007,
            "quarter": 1,
            "eps": 0.05,
            "eps_growth_year": null,
            "eps_4q": 0.68,
            "eps_4q_growth_year": 90.55,
            "roe": 0.4,
            "roe_4q": 5.590000000000001,
            "gross_profit": 106931,
            "gross_margin": 14.22,
            "gross_margin_4q_avg": 13.54,
            "net_income": 8808,
            "net_income_4q": null,
            "revenue": 751978,
            "revenue_4q": null,
            "common_shares": 1765073,
            "book_valuer_per_share": 12.61,
            "book_valuer_per_share_4q_avg": 12.15,
            "equity": 2224955,
            "current_ratio": 158.44,
            "debt_ratio": 56.22,
            "inventory_turnover_ratio": 0.94,
            "account_receivable_turnover_ratio": null,
            "reinvestment_rate": 20.09,
            "research_to_sale_ratio": null,
            "price_fair": 28.22,
            "eps_avg_yearly": 0.81,
            "eps_latest_yearly": 0.2,
            "eps_growth_yearly": 354.55
        },
        "20072": {
            "year_quarter": 20072,
            "year": 2007,
            "quarter": 2,
            "eps": 0.18,
            "eps_growth_year": null,
            "eps_4q": 1.07,
            "eps_4q_growth_year": 1323.24,
            "roe": 1.47,
            "roe_4q": 8.94,
            "gross_profit": 117784,
            "gross_margin": 13.19,
            "gross_margin_4q_avg": 15.64,
            "net_income": 32326,
            "net_income_4q": null,
            "revenue": 892882,
            "revenue_4q": null,
            "common_shares": 1765073,
            "book_valuer_per_share": 12.3,
            "book_valuer_per_share_4q_avg": 12.34,
            "equity": 2171474,
            "current_ratio": 139.1,
            "debt_ratio": 58.23,
            "inventory_turnover_ratio": 1.15,
            "account_receivable_turnover_ratio": null,
            "reinvestment_rate": 24.49,
            "research_to_sale_ratio": null,
            "price_fair": 29.18,
            "eps_avg_yearly": 0.83,
            "eps_latest_yearly": 0.72,
            "eps_growth_yearly": 419.17
        },
        "20073": {
            "year_quarter": 20073,
            "year": 2007,
            "quarter": 3,
            "eps": 0.18,
            "eps_growth_year": -40,
            "eps_4q": 0.97,
            "eps_4q_growth_year": 318.19,
            "roe": 1.45,
            "roe_4q": 7.82,
            "gross_profit": 110668,
            "gross_margin": 11.39,
            "gross_margin_4q_avg": 14.62,
            "net_income": 31725,
            "net_income_4q": null,
            "revenue": 971662,
            "revenue_4q": null,
            "common_shares": 1765073,
            "book_valuer_per_share": 12.51,
            "book_valuer_per_share_4q_avg": 12.48,
            "equity": 2207524,
            "current_ratio": 135.13,
            "debt_ratio": 56.41,
            "inventory_turnover_ratio": 1.37,
            "account_receivable_turnover_ratio": null,
            "reinvestment_rate": 29.49,
            "research_to_sale_ratio": null,
            "price_fair": 30.91,
            "eps_avg_yearly": 0.88,
            "eps_latest_yearly": 0.72,
            "eps_growth_yearly": 443.1
        },
        "20074": {
            "year_quarter": 20074,
            "year": 2007,
            "quarter": 4,
            "eps": 0.29,
            "eps_growth_year": -47.27,
            "eps_4q": 0.7,
            "eps_4q_growth_year": 73.09,
            "roe": 2.3,
            "roe_4q": 5.62,
            "gross_profit": 148694,
            "gross_margin": 15.39,
            "gross_margin_4q_avg": 13.55,
            "net_income": 51662,
            "net_income_4q": null,
            "revenue": 966043,
            "revenue_4q": null,
            "common_shares": 1765073,
            "book_valuer_per_share": 12.83,
            "book_valuer_per_share_4q_avg": 12.56,
            "equity": 2293642,
            "current_ratio": 121.95,
            "debt_ratio": 59.51,
            "inventory_turnover_ratio": 1.12,
            "account_receivable_turnover_ratio": null,
            "reinvestment_rate": 183.55,
            "research_to_sale_ratio": null,
            "price_fair": 31.77,
            "eps_avg_yearly": 0.91,
            "eps_latest_yearly": 1.16,
            "eps_growth_yearly": 169.6
        },
        "20081": {
            "year_quarter": 20081,
            "year": 2008,
            "quarter": 1,
            "eps": -0.11,
            "eps_growth_year": -320,
            "eps_4q": 0.57,
            "eps_4q_growth_year": -15.39,
            "roe": -0.81,
            "roe_4q": 4.409999999999999,
            "gross_profit": 141248,
            "gross_margin": 14.94,
            "gross_margin_4q_avg": 13.73,
            "net_income": -18518,
            "net_income_4q": null,
            "revenue": 945317,
            "revenue_4q": null,
            "common_shares": 1765073,
            "book_valuer_per_share": 12.6,
            "book_valuer_per_share_4q_avg": 12.56,
            "equity": 2252805,
            "current_ratio": 110.77,
            "debt_ratio": 60.07,
            "inventory_turnover_ratio": 0.84,
            "account_receivable_turnover_ratio": null,
            "reinvestment_rate": 248.17,
            "research_to_sale_ratio": null,
            "price_fair": 32.2,
            "eps_avg_yearly": 0.92,
            "eps_latest_yearly": 1.16,
            "eps_growth_yearly": 186.9
        },
        "20082": {
            "year_quarter": 20082,
            "year": 2008,
            "quarter": 2,
            "eps": 0.06,
            "eps_growth_year": -66.67,
            "eps_4q": 0.42,
            "eps_4q_growth_year": -60.62,
            "roe": 0.47,
            "roe_4q": 3.4099999999999997,
            "gross_profit": 149550,
            "gross_margin": 15.15,
            "gross_margin_4q_avg": 14.22,
            "net_income": 10610,
            "net_income_4q": null,
            "revenue": 987233,
            "revenue_4q": null,
            "common_shares": 1765073,
            "book_valuer_per_share": 12.46,
            "book_valuer_per_share_4q_avg": 12.6,
            "equity": 2229190,
            "current_ratio": 70.7,
            "debt_ratio": 61.46,
            "inventory_turnover_ratio": 0.8,
            "account_receivable_turnover_ratio": null,
            "reinvestment_rate": 336.46,
            "research_to_sale_ratio": null,
            "price_fair": 30.93,
            "eps_avg_yearly": 0.88,
            "eps_latest_yearly": 1.16,
            "eps_growth_yearly": 177.1
        },
        "20083": {
            "year_quarter": 20083,
            "year": 2008,
            "quarter": 3,
            "eps": 0.14,
            "eps_growth_year": -22.22,
            "eps_4q": 0.36,
            "eps_4q_growth_year": -62.56,
            "roe": 1.17,
            "roe_4q": 3.13,
            "gross_profit": 143954,
            "gross_margin": 14.96,
            "gross_margin_4q_avg": 15.11,
            "net_income": 26680,
            "net_income_4q": null,
            "revenue": 962506,
            "revenue_4q": null,
            "common_shares": 1765073,
            "book_valuer_per_share": 12.97,
            "book_valuer_per_share_4q_avg": 12.72,
            "equity": 2320658,
            "current_ratio": 69.72,
            "debt_ratio": 60.75,
            "inventory_turnover_ratio": 0.72,
            "account_receivable_turnover_ratio": null,
            "reinvestment_rate": 389.38,
            "research_to_sale_ratio": null,
            "price_fair": 29.27,
            "eps_avg_yearly": 0.84,
            "eps_latest_yearly": 0.56,
            "eps_growth_yearly": 232.2
        },
        "20084": {
            "year_quarter": 20084,
            "year": 2008,
            "quarter": 4,
            "eps": -0.31,
            "eps_growth_year": -206.9,
            "eps_4q": -0.23,
            "eps_4q_growth_year": -133,
            "roe": -2.48,
            "roe_4q": -1.6500000000000001,
            "gross_profit": 59635,
            "gross_margin": 6.78,
            "gross_margin_4q_avg": 12.96,
            "net_income": -56860,
            "net_income_4q": null,
            "revenue": 879210,
            "revenue_4q": null,
            "common_shares": 1818025,
            "book_valuer_per_share": 12.28,
            "book_valuer_per_share_4q_avg": 12.58,
            "equity": 2264339,
            "current_ratio": 65.42,
            "debt_ratio": 60.83,
            "inventory_turnover_ratio": 0.73,
            "account_receivable_turnover_ratio": 3.28,
            "reinvestment_rate": 469.91,
            "research_to_sale_ratio": null,
            "price_fair": 29.54,
            "eps_avg_yearly": 0.84,
            "eps_latest_yearly": 0.56,
            "eps_growth_yearly": 267.27
        },
        "20091": {
            "year_quarter": 20091,
            "year": 2009,
            "quarter": 1,
            "eps": -0.23,
            "eps_growth_year": null,
            "eps_4q": -0.34,
            "eps_4q_growth_year": -159.91,
            "roe": -1.81,
            "roe_4q": -2.6500000000000004,
            "gross_profit": 69638,
            "gross_margin": 7.86,
            "gross_margin_4q_avg": 11.19,
            "net_income": -40888,
            "net_income_4q": null,
            "revenue": 886350,
            "revenue_4q": null,
            "common_shares": 1818025,
            "book_valuer_per_share": 12.25,
            "book_valuer_per_share_4q_avg": 12.49,
            "equity": 2258971,
            "current_ratio": 66.99,
            "debt_ratio": 62.18,
            "inventory_turnover_ratio": 0.79,
            "account_receivable_turnover_ratio": 1.44,
            "reinvestment_rate": 660.09,
            "research_to_sale_ratio": null,
            "price_fair": 30.64,
            "eps_avg_yearly": 0.88,
            "eps_latest_yearly": 0.56,
            "eps_growth_yearly": 308.66
        },
        "20092": {
            "year_quarter": 20092,
            "year": 2009,
            "quarter": 2,
            "eps": -0.27,
            "eps_growth_year": -550,
            "eps_4q": -0.67,
            "eps_4q_growth_year": -259.17,
            "roe": -2.12,
            "roe_4q": -5.24,
            "gross_profit": 136273,
            "gross_margin": 13.6,
            "gross_margin_4q_avg": 10.8,
            "net_income": -47108,
            "net_income_4q": null,
            "revenue": 1001754,
            "revenue_4q": null,
            "common_shares": 1818025,
            "book_valuer_per_share": 11.78,
            "book_valuer_per_share_4q_avg": 12.32,
            "equity": 2175251,
            "current_ratio": 67.37,
            "debt_ratio": 63.68,
            "inventory_turnover_ratio": 0.92,
            "account_receivable_turnover_ratio": 1.31,
            "reinvestment_rate": 873.04,
            "research_to_sale_ratio": null,
            "price_fair": 33.43,
            "eps_avg_yearly": 0.96,
            "eps_latest_yearly": 0.56,
            "eps_growth_yearly": 375.82
        },
        "20093": {
            "year_quarter": 20093,
            "year": 2009,
            "quarter": 3,
            "eps": 0.17,
            "eps_growth_year": 21.43,
            "eps_4q": -0.58,
            "eps_4q_growth_year": -260.24,
            "roe": 1.57,
            "roe_4q": -4.84,
            "gross_profit": 215380,
            "gross_margin": 19.28,
            "gross_margin_4q_avg": 11.88,
            "net_income": 34182,
            "net_income_4q": null,
            "revenue": 1116967,
            "revenue_4q": null,
            "common_shares": 1818025,
            "book_valuer_per_share": 11.82,
            "book_valuer_per_share_4q_avg": 12.03,
            "equity": 2185065,
            "current_ratio": 75.27,
            "debt_ratio": 62.34,
            "inventory_turnover_ratio": 1.04,
            "account_receivable_turnover_ratio": 1.33,
            "reinvestment_rate": 808.79,
            "research_to_sale_ratio": null,
            "price_fair": 35.4,
            "eps_avg_yearly": 1.01,
            "eps_latest_yearly": 0.56,
            "eps_growth_yearly": 353.31
        },
        "20094": {
            "year_quarter": 20094,
            "year": 2009,
            "quarter": 4,
            "eps": 0.02,
            "eps_growth_year": null,
            "eps_4q": -0.31,
            "eps_4q_growth_year": null,
            "roe": 0.23,
            "roe_4q": -2.13,
            "gross_profit": 175974,
            "gross_margin": 15.71,
            "gross_margin_4q_avg": 14.11,
            "net_income": 5081,
            "net_income_4q": null,
            "revenue": 1119841,
            "revenue_4q": null,
            "common_shares": 1818025,
            "book_valuer_per_share": 11.65,
            "book_valuer_per_share_4q_avg": 11.88,
            "equity": 2156542,
            "current_ratio": 67.03,
            "debt_ratio": 63.4,
            "inventory_turnover_ratio": 1.13,
            "account_receivable_turnover_ratio": 2.19,
            "reinvestment_rate": 1866.95,
            "research_to_sale_ratio": null,
            "price_fair": 28.2,
            "eps_avg_yearly": 0.81,
            "eps_latest_yearly": 0.08,
            "eps_growth_yearly": 204.93
        },
        "20101": {
            "year_quarter": 20101,
            "year": 2010,
            "quarter": 1,
            "eps": -0.22,
            "eps_growth_year": null,
            "eps_4q": -0.3,
            "eps_4q_growth_year": null,
            "roe": -1.69,
            "roe_4q": -2.01,
            "gross_profit": 131244,
            "gross_margin": 13.19,
            "gross_margin_4q_avg": 15.45,
            "net_income": -36142,
            "net_income_4q": null,
            "revenue": 995032,
            "revenue_4q": null,
            "common_shares": 1818025,
            "book_valuer_per_share": 11.39,
            "book_valuer_per_share_4q_avg": 11.66,
            "equity": 2113223,
            "current_ratio": 67.92,
            "debt_ratio": 63.66,
            "inventory_turnover_ratio": 1.03,
            "account_receivable_turnover_ratio": 1.01,
            "reinvestment_rate": 2268.54,
            "research_to_sale_ratio": 0.14,
            "price_fair": 28.2,
            "eps_avg_yearly": 0.81,
            "eps_latest_yearly": 0.08,
            "eps_growth_yearly": 204.93
        },
        "20102": {
            "year_quarter": 20102,
            "year": 2010,
            "quarter": 2,
            "eps": -0.03,
            "eps_growth_year": null,
            "eps_4q": -0.06,
            "eps_4q_growth_year": null,
            "roe": -0.21,
            "roe_4q": -0.09999999999999987,
            "gross_profit": 159539,
            "gross_margin": 15.18,
            "gross_margin_4q_avg": 15.84,
            "net_income": -4475,
            "net_income_4q": null,
            "revenue": 1051213,
            "revenue_4q": null,
            "common_shares": 1818025,
            "book_valuer_per_share": 11.48,
            "book_valuer_per_share_4q_avg": 11.59,
            "equity": 2131451,
            "current_ratio": 102.87,
            "debt_ratio": 63.42,
            "inventory_turnover_ratio": 1.04,
            "account_receivable_turnover_ratio": 1.04,
            "reinvestment_rate": 1541.02,
            "research_to_sale_ratio": 0.09,
            "price_fair": 28.2,
            "eps_avg_yearly": 0.81,
            "eps_latest_yearly": 0.08,
            "eps_growth_yearly": 204.93
        },
        "20103": {
            "year_quarter": 20103,
            "year": 2010,
            "quarter": 3,
            "eps": 0.82,
            "eps_growth_year": 380.84,
            "eps_4q": 0.58,
            "eps_4q_growth_year": null,
            "roe": 7.03,
            "roe_4q": 5.360000000000001,
            "gross_profit": 107661,
            "gross_margin": 11.87,
            "gross_margin_4q_avg": 13.99,
            "net_income": 151066,
            "net_income_4q": null,
            "revenue": 906854,
            "revenue_4q": null,
            "common_shares": 1818025,
            "book_valuer_per_share": 11.68,
            "book_valuer_per_share_4q_avg": 11.55,
            "equity": 2168980,
            "current_ratio": 98.33,
            "debt_ratio": 60.69,
            "inventory_turnover_ratio": 0.91,
            "account_receivable_turnover_ratio": 0.82,
            "reinvestment_rate": 804.32,
            "research_to_sale_ratio": 0.07,
            "price_fair": 28.2,
            "eps_avg_yearly": 0.81,
            "eps_latest_yearly": 0.08,
            "eps_growth_yearly": 204.93
        },
        "20104": {
            "year_quarter": 20104,
            "year": 2010,
            "quarter": 4,
            "eps": 0.15,
            "eps_growth_year": 654.26,
            "eps_4q": 0.71,
            "eps_4q_growth_year": null,
            "roe": 1.4,
            "roe_4q": 6.529999999999999,
            "gross_profit": 247082,
            "gross_margin": 17.05,
            "gross_margin_4q_avg": 14.32,
            "net_income": 30078,
            "net_income_4q": null,
            "revenue": 1449179,
            "revenue_4q": null,
            "common_shares": 1818025,
            "book_valuer_per_share": 11.45,
            "book_valuer_per_share_4q_avg": 11.5,
            "equity": 2127922,
            "current_ratio": 105.54,
            "debt_ratio": 62.69,
            "inventory_turnover_ratio": 1.46,
            "account_receivable_turnover_ratio": 1.13,
            "reinvestment_rate": 844.62,
            "research_to_sale_ratio": 0.31,
            "price_fair": 20.2,
            "eps_avg_yearly": 0.58,
            "eps_latest_yearly": 0.6,
            "eps_growth_yearly": 110.62
        },
        "20111": {
            "year_quarter": 20111,
            "year": 2011,
            "quarter": 1,
            "eps": 0.09,
            "eps_growth_year": null,
            "eps_4q": 1.03,
            "eps_4q_growth_year": null,
            "roe": 1.06,
            "roe_4q": 9.28,
            "gross_profit": 186740,
            "gross_margin": 17.6,
            "gross_margin_4q_avg": 15.43,
            "net_income": 22694,
            "net_income_4q": null,
            "revenue": 1061241,
            "revenue_4q": null,
            "common_shares": 1818025,
            "book_valuer_per_share": 11.62,
            "book_valuer_per_share_4q_avg": 11.56,
            "equity": 2166533,
            "current_ratio": 108.89,
            "debt_ratio": 62.11,
            "inventory_turnover_ratio": 1.07,
            "account_receivable_turnover_ratio": 0.84,
            "reinvestment_rate": 1071.84,
            "research_to_sale_ratio": 0.17,
            "price_fair": 21,
            "eps_avg_yearly": 0.6,
            "eps_latest_yearly": 0.36,
            "eps_growth_yearly": 139.72
        },
        "20112": {
            "year_quarter": 20112,
            "year": 2011,
            "quarter": 2,
            "eps": -0.19,
            "eps_growth_year": null,
            "eps_4q": 0.87,
            "eps_4q_growth_year": null,
            "roe": -1.58,
            "roe_4q": 7.91,
            "gross_profit": 164549,
            "gross_margin": 15.67,
            "gross_margin_4q_avg": 15.55,
            "net_income": -33204,
            "net_income_4q": null,
            "revenue": 1050241,
            "revenue_4q": null,
            "common_shares": 1818025,
            "book_valuer_per_share": 10.87,
            "book_valuer_per_share_4q_avg": 11.41,
            "equity": 2031049,
            "current_ratio": 100.1,
            "debt_ratio": 64.48,
            "inventory_turnover_ratio": 0.98,
            "account_receivable_turnover_ratio": 0.93,
            "reinvestment_rate": 1750.04,
            "research_to_sale_ratio": 0.1,
            "price_fair": 1.74,
            "eps_avg_yearly": 0.58,
            "eps_latest_yearly": 0.36,
            "eps_growth_yearly": -10.33
        },
        "20113": {
            "year_quarter": 20113,
            "year": 2011,
            "quarter": 3,
            "eps": 0.09,
            "eps_growth_year": -89.56,
            "eps_4q": 0.13,
            "eps_4q_growth_year": -77.16,
            "roe": 0.95,
            "roe_4q": 1.8299999999999998,
            "gross_profit": 182460,
            "gross_margin": 17.15,
            "gross_margin_4q_avg": 16.87,
            "net_income": 19909,
            "net_income_4q": null,
            "revenue": 1063646,
            "revenue_4q": null,
            "common_shares": 1818025,
            "book_valuer_per_share": 11.45,
            "book_valuer_per_share_4q_avg": 11.35,
            "equity": 2144361,
            "current_ratio": 103.76,
            "debt_ratio": 64.37,
            "inventory_turnover_ratio": 0.89,
            "account_receivable_turnover_ratio": 0.92,
            "reinvestment_rate": 2293.05,
            "research_to_sale_ratio": 0.12,
            "price_fair": 1.66,
            "eps_avg_yearly": 0.55,
            "eps_latest_yearly": 0.36,
            "eps_growth_yearly": -12.4
        },
        "20114": {
            "year_quarter": 20114,
            "year": 2011,
            "quarter": 4,
            "eps": 0.42,
            "eps_growth_year": 178.81,
            "eps_4q": 0.4,
            "eps_4q_growth_year": -43.64,
            "roe": 3.57,
            "roe_4q": 3.9999999999999996,
            "gross_profit": 223566,
            "gross_margin": 15.03,
            "gross_margin_4q_avg": 16.36,
            "net_income": 78045,
            "net_income_4q": null,
            "revenue": 1487207,
            "revenue_4q": null,
            "common_shares": 1818025,
            "book_valuer_per_share": 11.88,
            "book_valuer_per_share_4q_avg": 11.46,
            "equity": 2223524,
            "current_ratio": 106.84,
            "debt_ratio": 61.3,
            "inventory_turnover_ratio": 1.33,
            "account_receivable_turnover_ratio": 1.16,
            "reinvestment_rate": 1046.6,
            "research_to_sale_ratio": 0.33,
            "price_fair": 22.96,
            "eps_avg_yearly": 0.66,
            "eps_latest_yearly": 1.68,
            "eps_growth_yearly": 232.05
        },
        "20121": {
            "year_quarter": 20121,
            "year": 2012,
            "quarter": 1,
            "eps": -0.2,
            "eps_growth_year": -322.22,
            "eps_4q": 0.11,
            "eps_4q_growth_year": -89.15,
            "roe": -1.57,
            "roe_4q": 1.3699999999999997,
            "gross_profit": 126669,
            "gross_margin": 12.76,
            "gross_margin_4q_avg": 15.15,
            "net_income": -34422,
            "net_income_4q": null,
            "revenue": 992332,
            "revenue_4q": null,
            "common_shares": 1818025,
            "book_valuer_per_share": 11.47,
            "book_valuer_per_share_4q_avg": 11.42,
            "equity": 2150960,
            "current_ratio": 107.33,
            "debt_ratio": 61.38,
            "inventory_turnover_ratio": 1.11,
            "account_receivable_turnover_ratio": 0.75,
            "reinvestment_rate": 1045.28,
            "research_to_sale_ratio": 0.09,
            "price_fair": 22.96,
            "eps_avg_yearly": 0.66,
            "eps_latest_yearly": 1.68,
            "eps_growth_yearly": 232.05
        },
        "20122": {
            "year_quarter": 20122,
            "year": 2012,
            "quarter": 2,
            "eps": 0.22,
            "eps_growth_year": null,
            "eps_4q": 0.52,
            "eps_4q_growth_year": -39.7,
            "roe": 1.93,
            "roe_4q": 4.88,
            "gross_profit": 193774,
            "gross_margin": 17.91,
            "gross_margin_4q_avg": 15.71,
            "net_income": 41083,
            "net_income_4q": null,
            "revenue": 1082195,
            "revenue_4q": null,
            "common_shares": 1818025,
            "book_valuer_per_share": 11.24,
            "book_valuer_per_share_4q_avg": 11.51,
            "equity": 2100346,
            "current_ratio": 101.35,
            "debt_ratio": 63.29,
            "inventory_turnover_ratio": 1.19,
            "account_receivable_turnover_ratio": 0.85,
            "reinvestment_rate": 708.38,
            "research_to_sale_ratio": 0.1,
            "price_fair": 22.96,
            "eps_avg_yearly": 0.66,
            "eps_latest_yearly": 1.68,
            "eps_growth_yearly": 232.05
        },
        "20123": {
            "year_quarter": 20123,
            "year": 2012,
            "quarter": 3,
            "eps": 0.08,
            "eps_growth_year": -8.73,
            "eps_4q": 0.51,
            "eps_4q_growth_year": 286.65,
            "roe": 0.74,
            "roe_4q": 4.67,
            "gross_profit": 176996,
            "gross_margin": 16.34,
            "gross_margin_4q_avg": 15.51,
            "net_income": 15573,
            "net_income_4q": null,
            "revenue": 1082966,
            "revenue_4q": null,
            "common_shares": 1818025,
            "book_valuer_per_share": 11.16,
            "book_valuer_per_share_4q_avg": 11.44,
            "equity": 2086020,
            "current_ratio": 100.04,
            "debt_ratio": 63.07,
            "inventory_turnover_ratio": 1.17,
            "account_receivable_turnover_ratio": 0.81,
            "reinvestment_rate": 678.25,
            "research_to_sale_ratio": 0.23,
            "price_fair": 21.28,
            "eps_avg_yearly": 0.61,
            "eps_latest_yearly": 0.32,
            "eps_growth_yearly": 74.47
        },
        "20124": {
            "year_quarter": 20124,
            "year": 2012,
            "quarter": 4,
            "eps": 0.1,
            "eps_growth_year": -75.38,
            "eps_4q": 0.2,
            "eps_4q_growth_year": -51.05,
            "roe": 0.95,
            "roe_4q": 2.05,
            "gross_profit": 156385,
            "gross_margin": 15.21,
            "gross_margin_4q_avg": 15.56,
            "net_income": 19818,
            "net_income_4q": null,
            "revenue": 1028412,
            "revenue_4q": null,
            "common_shares": 1818025,
            "book_valuer_per_share": 11.1,
            "book_valuer_per_share_4q_avg": 11.24,
            "equity": 2077116,
            "current_ratio": 100.3,
            "debt_ratio": 62.37,
            "inventory_turnover_ratio": 1.2,
            "account_receivable_turnover_ratio": 0.73,
            "reinvestment_rate": 432.71,
            "research_to_sale_ratio": 0.41,
            "price_fair": 20.07,
            "eps_avg_yearly": 0.57,
            "eps_latest_yearly": 0.4,
            "eps_growth_yearly": 78.73
        },
        "20131": {
            "year_quarter": 20131,
            "year": 2013,
            "quarter": 1,
            "eps": -0.14,
            "eps_growth_year": null,
            "eps_4q": 0.26,
            "eps_4q_growth_year": 130.55,
            "roe": -1.16,
            "roe_4q": 2.46,
            "gross_profit": 110827,
            "gross_margin": 13.93,
            "gross_margin_4q_avg": 15.85,
            "net_income": -24206,
            "net_income_4q": null,
            "revenue": 795859,
            "revenue_4q": null,
            "common_shares": 1818025,
            "book_valuer_per_share": 11.12,
            "book_valuer_per_share_4q_avg": 11.16,
            "equity": 2082739,
            "current_ratio": 129.18,
            "debt_ratio": 63.19,
            "inventory_turnover_ratio": 0.91,
            "account_receivable_turnover_ratio": 0.62,
            "reinvestment_rate": -480.54,
            "research_to_sale_ratio": 0.15,
            "price_fair": 20.07,
            "eps_avg_yearly": 0.57,
            "eps_latest_yearly": 0.4,
            "eps_growth_yearly": 78.73
        },
        "20132": {
            "year_quarter": 20132,
            "year": 2013,
            "quarter": 2,
            "eps": -0.4,
            "eps_growth_year": -284.97,
            "eps_4q": -0.36,
            "eps_4q_growth_year": -169.46,
            "roe": -3.5,
            "roe_4q": -2.9699999999999998,
            "gross_profit": 85241,
            "gross_margin": 10.56,
            "gross_margin_4q_avg": 14.01,
            "net_income": -72031,
            "net_income_4q": null,
            "revenue": 806933,
            "revenue_4q": null,
            "common_shares": 1818025,
            "book_valuer_per_share": 10.86,
            "book_valuer_per_share_4q_avg": 11.06,
            "equity": 2038441,
            "current_ratio": 121.12,
            "debt_ratio": 65.16,
            "inventory_turnover_ratio": 0.84,
            "account_receivable_turnover_ratio": 0.72,
            "reinvestment_rate": -499.96,
            "research_to_sale_ratio": 0.45,
            "price_fair": 20.07,
            "eps_avg_yearly": 0.57,
            "eps_latest_yearly": 0.4,
            "eps_growth_yearly": 78.73
        },
        "20133": {
            "year_quarter": 20133,
            "year": 2013,
            "quarter": 3,
            "eps": -0.38,
            "eps_growth_year": -587.72,
            "eps_4q": -0.82,
            "eps_4q_growth_year": -259.14,
            "roe": -3.31,
            "roe_4q": -7.0200000000000005,
            "gross_profit": 100030,
            "gross_margin": 14.14,
            "gross_margin_4q_avg": 13.46,
            "net_income": -66167,
            "net_income_4q": null,
            "revenue": 707675,
            "revenue_4q": null,
            "common_shares": 1818025,
            "book_valuer_per_share": 10.42,
            "book_valuer_per_share_4q_avg": 10.88,
            "equity": 1959226,
            "current_ratio": 123.32,
            "debt_ratio": 65.99,
            "inventory_turnover_ratio": 0.61,
            "account_receivable_turnover_ratio": 0.7,
            "reinvestment_rate": -1265.26,
            "research_to_sale_ratio": 0.21,
            "price_fair": 20.07,
            "eps_avg_yearly": 0.57,
            "eps_latest_yearly": 0.4,
            "eps_growth_yearly": 78.73
        },
        "20134": {
            "year_quarter": 20134,
            "year": 2013,
            "quarter": 4,
            "eps": 0.24,
            "eps_growth_year": 136.25,
            "eps_4q": -0.68,
            "eps_4q_growth_year": -443.54,
            "roe": 2.36,
            "roe_4q": -5.61,
            "gross_profit": 211756,
            "gross_margin": 15.05,
            "gross_margin_4q_avg": 13.42,
            "net_income": 46985,
            "net_income_4q": null,
            "revenue": 1407076,
            "revenue_4q": null,
            "common_shares": 1818025,
            "book_valuer_per_share": 10.72,
            "book_valuer_per_share_4q_avg": 10.78,
            "equity": 2017492,
            "current_ratio": 123.54,
            "debt_ratio": 65.59,
            "inventory_turnover_ratio": 1.23,
            "account_receivable_turnover_ratio": 1.26,
            "reinvestment_rate": -1809.6,
            "research_to_sale_ratio": 0.12,
            "price_fair": 23.52,
            "eps_avg_yearly": 0.67,
            "eps_latest_yearly": 0.4,
            "eps_growth_yearly": 165.06
        },
        "20141": {
            "year_quarter": 20141,
            "year": 2014,
            "quarter": 1,
            "eps": -0.43,
            "eps_growth_year": null,
            "eps_4q": -0.97,
            "eps_4q_growth_year": -478.47,
            "roe": -3.87,
            "roe_4q": -8.32,
            "gross_profit": 108123,
            "gross_margin": 12.63,
            "gross_margin_4q_avg": 13.1,
            "net_income": -76864,
            "net_income_4q": null,
            "revenue": 856399,
            "revenue_4q": null,
            "common_shares": 1818025,
            "book_valuer_per_share": 10.38,
            "book_valuer_per_share_4q_avg": 10.6,
            "equity": 1958480,
            "current_ratio": 114.92,
            "debt_ratio": 66.71,
            "inventory_turnover_ratio": 0.83,
            "account_receivable_turnover_ratio": 0.68,
            "reinvestment_rate": -2576.6,
            "research_to_sale_ratio": 0.14,
            "price_fair": 23.52,
            "eps_avg_yearly": 0.67,
            "eps_latest_yearly": 0.4,
            "eps_growth_yearly": 165.06
        },
        "20142": {
            "year_quarter": 20142,
            "year": 2014,
            "quarter": 2,
            "eps": -0.37,
            "eps_growth_year": null,
            "eps_4q": -0.93,
            "eps_4q_growth_year": null,
            "roe": -3.45,
            "roe_4q": -8.270000000000001,
            "gross_profit": 119890,
            "gross_margin": 12.19,
            "gross_margin_4q_avg": 13.5,
            "net_income": -65877,
            "net_income_4q": null,
            "revenue": 983657,
            "revenue_4q": null,
            "common_shares": 1818025,
            "book_valuer_per_share": 9.87,
            "book_valuer_per_share_4q_avg": 10.35,
            "equity": 1864952,
            "current_ratio": 110.28,
            "debt_ratio": 68.45,
            "inventory_turnover_ratio": 0.9,
            "account_receivable_turnover_ratio": 0.82,
            "reinvestment_rate": -11150.76,
            "research_to_sale_ratio": 0.08,
            "price_fair": 23.52,
            "eps_avg_yearly": 0.67,
            "eps_latest_yearly": 0.4,
            "eps_growth_yearly": 165.06
        },
        "20143": {
            "year_quarter": 20143,
            "year": 2014,
            "quarter": 3,
            "eps": -0.33,
            "eps_growth_year": null,
            "eps_4q": -0.89,
            "eps_4q_growth_year": null,
            "roe": -3.21,
            "roe_4q": -8.170000000000002,
            "gross_profit": 86129,
            "gross_margin": 9.5,
            "gross_margin_4q_avg": 12.34,
            "net_income": -59291,
            "net_income_4q": null,
            "revenue": 906957,
            "revenue_4q": null,
            "common_shares": 1818025,
            "book_valuer_per_share": 9.67,
            "book_valuer_per_share_4q_avg": 10.16,
            "equity": 1831822,
            "current_ratio": 111.87,
            "debt_ratio": 67.85,
            "inventory_turnover_ratio": 0.88,
            "account_receivable_turnover_ratio": 0.8,
            "reinvestment_rate": null,
            "research_to_sale_ratio": 0.09,
            "price_fair": 23.52,
            "eps_avg_yearly": 0.67,
            "eps_latest_yearly": 0.4,
            "eps_growth_yearly": 165.06
        },
        "20144": {
            "year_quarter": 20144,
            "year": 2014,
            "quarter": 4,
            "eps": -0.17,
            "eps_growth_year": -170.29,
            "eps_4q": -1.3,
            "eps_4q_growth_year": null,
            "roe": -1.5,
            "roe_4q": -12.030000000000001,
            "gross_profit": 100335,
            "gross_margin": 8.44,
            "gross_margin_4q_avg": 10.69,
            "net_income": -27460,
            "net_income_4q": null,
            "revenue": 1189316,
            "revenue_4q": null,
            "common_shares": 1818025,
            "book_valuer_per_share": 9.68,
            "book_valuer_per_share_4q_avg": 9.9,
            "equity": 1839869,
            "current_ratio": 110.98,
            "debt_ratio": 68.47,
            "inventory_turnover_ratio": 1.3,
            "account_receivable_turnover_ratio": 1.06,
            "reinvestment_rate": null,
            "research_to_sale_ratio": 0.08,
            "price_fair": 24.15,
            "eps_avg_yearly": 0.69,
            "eps_latest_yearly": 0.4,
            "eps_growth_yearly": 288.03
        },
        "20151": {
            "year_quarter": 20151,
            "year": 2015,
            "quarter": 1,
            "eps": -0.33,
            "eps_growth_year": null,
            "eps_4q": -1.21,
            "eps_4q_growth_year": null,
            "roe": -3.29,
            "roe_4q": -11.45,
            "gross_profit": 126463,
            "gross_margin": 13.17,
            "gross_margin_4q_avg": 10.83,
            "net_income": -59156,
            "net_income_4q": null,
            "revenue": 959896,
            "revenue_4q": null,
            "common_shares": 1818025,
            "book_valuer_per_share": 9.22,
            "book_valuer_per_share_4q_avg": 9.61,
            "equity": 1757408,
            "current_ratio": 104.63,
            "debt_ratio": 68.15,
            "inventory_turnover_ratio": 1.04,
            "account_receivable_turnover_ratio": 0.86,
            "reinvestment_rate": null,
            "research_to_sale_ratio": 0.09,
            "price_fair": 28,
            "eps_avg_yearly": 0.8,
            "eps_latest_yearly": 0.4,
            "eps_growth_yearly": 437.37
        },
        "20152": {
            "year_quarter": 20152,
            "year": 2015,
            "quarter": 2,
            "eps": -0.56,
            "eps_growth_year": null,
            "eps_4q": -1.39,
            "eps_4q_growth_year": null,
            "roe": -6.24,
            "roe_4q": -14.240000000000002,
            "gross_profit": 63257,
            "gross_margin": 7.71,
            "gross_margin_4q_avg": 9.71,
            "net_income": -109849,
            "net_income_4q": null,
            "revenue": 820622,
            "revenue_4q": null,
            "common_shares": 1818025,
            "book_valuer_per_share": 8.45,
            "book_valuer_per_share_4q_avg": 9.26,
            "equity": 1761149,
            "current_ratio": 106.31,
            "debt_ratio": 66.32,
            "inventory_turnover_ratio": 0.98,
            "account_receivable_turnover_ratio": 0.86,
            "reinvestment_rate": null,
            "research_to_sale_ratio": 0.09,
            "price_fair": 28,
            "eps_avg_yearly": 0.8,
            "eps_latest_yearly": 0.4,
            "eps_growth_yearly": 437.37
        },
        "20153": {
            "year_quarter": 20153,
            "year": 2015,
            "quarter": 3,
            "eps": -0.04,
            "eps_growth_year": null,
            "eps_4q": -1.1,
            "eps_4q_growth_year": null,
            "roe": -0.19,
            "roe_4q": -11.22,
            "gross_profit": 87638,
            "gross_margin": 10.29,
            "gross_margin_4q_avg": 9.9,
            "net_income": -3175,
            "net_income_4q": null,
            "revenue": 851515,
            "revenue_4q": null,
            "common_shares": 1818025,
            "book_valuer_per_share": 8.28,
            "book_valuer_per_share_4q_avg": 8.91,
            "equity": 1578042,
            "current_ratio": 99.77,
            "debt_ratio": 68.18,
            "inventory_turnover_ratio": 1.09,
            "account_receivable_turnover_ratio": 0.97,
            "reinvestment_rate": null,
            "research_to_sale_ratio": 0.08,
            "price_fair": 28,
            "eps_avg_yearly": 0.8,
            "eps_latest_yearly": 0.4,
            "eps_growth_yearly": 437.37
        },
        "20154": {
            "year_quarter": 20154,
            "year": 2015,
            "quarter": 4,
            "eps": 0.09,
            "eps_growth_year": null,
            "eps_4q": -0.83,
            "eps_4q_growth_year": null,
            "roe": 1.24,
            "roe_4q": -8.48,
            "gross_profit": 228573,
            "gross_margin": 15.6,
            "gross_margin_4q_avg": 11.69,
            "net_income": 19434,
            "net_income_4q": null,
            "revenue": 1464874,
            "revenue_4q": null,
            "common_shares": 1818025,
            "book_valuer_per_share": 8.11,
            "book_valuer_per_share_4q_avg": 8.52,
            "equity": 1549465,
            "current_ratio": 115.82,
            "debt_ratio": 68.85,
            "inventory_turnover_ratio": 2.09,
            "account_receivable_turnover_ratio": 1.41,
            "reinvestment_rate": null,
            "research_to_sale_ratio": 0.06,
            "price_fair": 1.08,
            "eps_avg_yearly": 0.36,
            "eps_latest_yearly": 0.4,
            "eps_growth_yearly": -77.27
        },
        "20161": {
            "year_quarter": 20161,
            "year": 2016,
            "quarter": 1,
            "eps": -0.13,
            "eps_growth_year": null,
            "eps_4q": -0.62,
            "eps_4q_growth_year": null,
            "roe": -1.28,
            "roe_4q": -6.470000000000001,
            "gross_profit": 143948,
            "gross_margin": 13.69,
            "gross_margin_4q_avg": 11.82,
            "net_income": -19539,
            "net_income_4q": null,
            "revenue": 1051758,
            "revenue_4q": null,
            "common_shares": 1818025,
            "book_valuer_per_share": 7.89,
            "book_valuer_per_share_4q_avg": 8.18,
            "equity": 1511956,
            "current_ratio": 117.65,
            "debt_ratio": 68.62,
            "inventory_turnover_ratio": 1.66,
            "account_receivable_turnover_ratio": 0.91,
            "reinvestment_rate": null,
            "research_to_sale_ratio": 0.06,
            "price_fair": 1.08,
            "eps_avg_yearly": 0.36,
            "eps_latest_yearly": 0.4,
            "eps_growth_yearly": -77.27
        },
        "20162": {
            "year_quarter": 20162,
            "year": 2016,
            "quarter": 2,
            "eps": -0.33,
            "eps_growth_year": null,
            "eps_4q": -0.41,
            "eps_4q_growth_year": null,
            "roe": -4.05,
            "roe_4q": -4.28,
            "gross_profit": 118705,
            "gross_margin": 14.02,
            "gross_margin_4q_avg": 13.4,
            "net_income": -59430,
            "net_income_4q": null,
            "revenue": 846635,
            "revenue_4q": null,
            "common_shares": 1818025,
            "book_valuer_per_share": 7.41,
            "book_valuer_per_share_4q_avg": 7.92,
            "equity": 1424453,
            "current_ratio": 119.25,
            "debt_ratio": 68.36,
            "inventory_turnover_ratio": 1.29,
            "account_receivable_turnover_ratio": 0.84,
            "reinvestment_rate": null,
            "research_to_sale_ratio": 0.07,
            "price_fair": 1.08,
            "eps_avg_yearly": 0.36,
            "eps_latest_yearly": 0.4,
            "eps_growth_yearly": -77.27
        },
        "20163": {
            "year_quarter": 20163,
            "year": 2016,
            "quarter": 3,
            "eps": -0.38,
            "eps_growth_year": null,
            "eps_4q": -0.74,
            "eps_4q_growth_year": null,
            "roe": -4.79,
            "roe_4q": -8.879999999999999,
            "gross_profit": 85350,
            "gross_margin": 9.9,
            "gross_margin_4q_avg": 13.3,
            "net_income": -65615,
            "net_income_4q": null,
            "revenue": 861872,
            "revenue_4q": null,
            "common_shares": 1818025,
            "book_valuer_per_share": 6.82,
            "book_valuer_per_share_4q_avg": 7.56,
            "equity": 1316663,
            "current_ratio": 115,
            "debt_ratio": 69.34,
            "inventory_turnover_ratio": 1.33,
            "account_receivable_turnover_ratio": 0.99,
            "reinvestment_rate": null,
            "research_to_sale_ratio": 0.06,
            "price_fair": 14,
            "eps_avg_yearly": 0.4,
            "eps_latest_yearly": 0.4,
            "eps_growth_yearly": 100
        },
        "20164": {
            "year_quarter": 20164,
            "year": 2016,
            "quarter": 4,
            "eps": 0.16,
            "eps_growth_year": 65.97,
            "eps_4q": -0.68,
            "eps_4q_growth_year": null,
            "roe": 2.41,
            "roe_4q": -7.71,
            "gross_profit": 206048,
            "gross_margin": 14.41,
            "gross_margin_4q_avg": 13.01,
            "net_income": 31426,
            "net_income_4q": null,
            "revenue": 1430262,
            "revenue_4q": null,
            "common_shares": 1818025,
            "book_valuer_per_share": 6.69,
            "book_valuer_per_share_4q_avg": 7.2,
            "equity": 1296243,
            "current_ratio": 119.1,
            "debt_ratio": 69.96,
            "inventory_turnover_ratio": 2.35,
            "account_receivable_turnover_ratio": 1.41,
            "reinvestment_rate": null,
            "research_to_sale_ratio": 0.04,
            "price_fair": 0,
            "eps_avg_yearly": 0,
            "eps_latest_yearly": 0,
            "eps_growth_yearly": 0
        },
        "20171": {
            "year_quarter": 20171,
            "year": 2017,
            "quarter": 1,
            "eps": -0.57,
            "eps_growth_year": null,
            "eps_4q": -1.13,
            "eps_4q_growth_year": null,
            "roe": -8.82,
            "roe_4q": -15.25,
            "gross_profit": 32448,
            "gross_margin": 4.3,
            "gross_margin_4q_avg": 10.66,
            "net_income": -103842,
            "net_income_4q": null,
            "revenue": 755327,
            "revenue_4q": null,
            "common_shares": 1818025,
            "book_valuer_per_share": 5.83,
            "book_valuer_per_share_4q_avg": 6.69,
            "equity": 1059008,
            "current_ratio": 104.93,
            "debt_ratio": 71.61,
            "inventory_turnover_ratio": 1.85,
            "account_receivable_turnover_ratio": 0.73,
            "reinvestment_rate": null,
            "research_to_sale_ratio": 0.08,
            "price_fair": 0,
            "eps_avg_yearly": 0,
            "eps_latest_yearly": 0,
            "eps_growth_yearly": 0
        },
        "20172": {
            "year_quarter": 20172,
            "year": 2017,
            "quarter": 2,
            "eps": -0.55,
            "eps_growth_year": null,
            "eps_4q": -1.34,
            "eps_4q_growth_year": null,
            "roe": -9.85,
            "roe_4q": -21.05,
            "gross_profit": 8831,
            "gross_margin": 1.66,
            "gross_margin_4q_avg": 7.57,
            "net_income": -100250,
            "net_income_4q": null,
            "revenue": 532127,
            "revenue_4q": null,
            "common_shares": 1818025,
            "book_valuer_per_share": 5.37,
            "book_valuer_per_share_4q_avg": 6.18,
            "equity": 975698,
            "current_ratio": 100.16,
            "debt_ratio": 72.86,
            "inventory_turnover_ratio": 1.48,
            "account_receivable_turnover_ratio": 0.67,
            "reinvestment_rate": null,
            "research_to_sale_ratio": 0.11,
            "price_fair": 0,
            "eps_avg_yearly": 0,
            "eps_latest_yearly": 0,
            "eps_growth_yearly": 0
        },
        "20173": {
            "year_quarter": 20173,
            "year": 2017,
            "quarter": 3,
            "eps": -1.37,
            "eps_growth_year": null,
            "eps_4q": -2.34,
            "eps_4q_growth_year": null,
            "roe": -28.99,
            "roe_4q": -45.25,
            "gross_profit": -31482,
            "gross_margin": -6.82,
            "gross_margin_4q_avg": 3.39,
            "net_income": -248949,
            "net_income_4q": null,
            "revenue": 461416,
            "revenue_4q": null,
            "common_shares": 1818025,
            "book_valuer_per_share": 4.08,
            "book_valuer_per_share_4q_avg": 5.49,
            "equity": 741771,
            "current_ratio": 84.7,
            "debt_ratio": 78.42,
            "inventory_turnover_ratio": 1.27,
            "account_receivable_turnover_ratio": 0.71,
            "reinvestment_rate": null,
            "research_to_sale_ratio": 0.04,
            "price_fair": 0,
            "eps_avg_yearly": 0,
            "eps_latest_yearly": 0,
            "eps_growth_yearly": 0
        },
        "20174": {
            "year_quarter": 20174,
            "year": 2017,
            "quarter": 4,
            "eps": -0.6,
            "eps_growth_year": -485.6,
            "eps_4q": -3.09,
            "eps_4q_growth_year": null,
            "roe": -15.89,
            "roe_4q": -63.55,
            "gross_profit": 15058,
            "gross_margin": 1.9,
            "gross_margin_4q_avg": 0.26,
            "net_income": -108924,
            "net_income_4q": null,
            "revenue": 791450,
            "revenue_4q": null,
            "common_shares": 1818025,
            "book_valuer_per_share": 3.46,
            "book_valuer_per_share_4q_avg": 4.69,
            "equity": 629611,
            "current_ratio": 58.41,
            "debt_ratio": 81.96,
            "inventory_turnover_ratio": 1.9,
            "account_receivable_turnover_ratio": 1.16,
            "reinvestment_rate": null,
            "research_to_sale_ratio": 0,
            "price_fair": 0,
            "eps_avg_yearly": 0,
            "eps_latest_yearly": 0,
            "eps_growth_yearly": 0
        },
        "20181": {
            "year_quarter": 20181,
            "year": 2018,
            "quarter": 1,
            "eps": -0.09,
            "eps_growth_year": null,
            "eps_4q": -2.19,
            "eps_4q_growth_year": null,
            "roe": -1.93,
            "roe_4q": -56.660000000000004,
            "gross_profit": 53238,
            "gross_margin": 7.46,
            "gross_margin_4q_avg": 1.05,
            "net_income": -15514,
            "net_income_4q": null,
            "revenue": 713990,
            "revenue_4q": null,
            "common_shares": 1818025,
            "book_valuer_per_share": 4.44,
            "book_valuer_per_share_4q_avg": 4.34,
            "equity": 977009,
            "current_ratio": 74.52,
            "debt_ratio": 73.84,
            "inventory_turnover_ratio": 1.63,
            "account_receivable_turnover_ratio": 1.04,
            "reinvestment_rate": null,
            "research_to_sale_ratio": 0,
            "price_fair": 0,
            "eps_avg_yearly": 0,
            "eps_latest_yearly": 0,
            "eps_growth_yearly": 0
        },
        "20182": {
            "year_quarter": 20182,
            "year": 2018,
            "quarter": 2,
            "eps": -0.09,
            "eps_growth_year": null,
            "eps_4q": -1.79,
            "eps_4q_growth_year": null,
            "roe": -2.11,
            "roe_4q": -48.92,
            "gross_profit": 81640,
            "gross_margin": 10.93,
            "gross_margin_4q_avg": 3.37,
            "net_income": -20352,
            "net_income_4q": null,
            "revenue": 746772,
            "revenue_4q": null,
            "common_shares": 2200025,
            "book_valuer_per_share": 4.31,
            "book_valuer_per_share_4q_avg": 4.07,
            "equity": 948085,
            "current_ratio": 110.36,
            "debt_ratio": 74.16,
            "inventory_turnover_ratio": 1.53,
            "account_receivable_turnover_ratio": 1.1,
            "reinvestment_rate": null,
            "research_to_sale_ratio": 0,
            "price_fair": 0,
            "eps_avg_yearly": 0,
            "eps_latest_yearly": 0,
            "eps_growth_yearly": 0
        },
        "20183": {
            "year_quarter": 20183,
            "year": 2018,
            "quarter": 3,
            "eps": -0.31,
            "eps_growth_year": null,
            "eps_4q": -0.97,
            "eps_4q_growth_year": null,
            "roe": -7.69,
            "roe_4q": -27.62,
            "gross_profit": 30996,
            "gross_margin": 3.97,
            "gross_margin_4q_avg": 6.07,
            "net_income": -69228,
            "net_income_4q": null,
            "revenue": 781630,
            "revenue_4q": null,
            "common_shares": 2200025,
            "book_valuer_per_share": 3.87,
            "book_valuer_per_share_4q_avg": 4.02,
            "equity": 851902,
            "current_ratio": 107.71,
            "debt_ratio": 75.68,
            "inventory_turnover_ratio": 1.57,
            "account_receivable_turnover_ratio": 1.01,
            "reinvestment_rate": null,
            "research_to_sale_ratio": 0.13,
            "price_fair": 0,
            "eps_avg_yearly": 0,
            "eps_latest_yearly": 0,
            "eps_growth_yearly": 0
        },
        "20184": {
            "year_quarter": 20184,
            "year": 2018,
            "quarter": 4,
            "eps": -0.42,
            "eps_growth_year": null,
            "eps_4q": -0.89,
            "eps_4q_growth_year": null,
            "roe": -11.46,
            "roe_4q": -23.19,
            "gross_profit": 22418,
            "gross_margin": 2.65,
            "gross_margin_4q_avg": 6.25,
            "net_income": -91570,
            "net_income_4q": null,
            "revenue": 845840,
            "revenue_4q": null,
            "common_shares": 2200025,
            "book_valuer_per_share": 3.39,
            "book_valuer_per_share_4q_avg": 4,
            "equity": 746143,
            "current_ratio": 103.07,
            "debt_ratio": 78.58,
            "inventory_turnover_ratio": 1.78,
            "account_receivable_turnover_ratio": 0.97,
            "reinvestment_rate": null,
            "research_to_sale_ratio": 0.13,
            "price_fair": 0,
            "eps_avg_yearly": 0,
            "eps_latest_yearly": 0,
            "eps_growth_yearly": 0
        },
        "20191": {
            "year_quarter": 20191,
            "year": 2019,
            "quarter": 1,
            "eps": -0.2,
            "eps_growth_year": null,
            "eps_4q": -1.03,
            "eps_4q_growth_year": null,
            "roe": -6.06,
            "roe_4q": -27.32,
            "gross_profit": 12510,
            "gross_margin": 3,
            "gross_margin_4q_avg": 5.14,
            "net_income": -44402,
            "net_income_4q": null,
            "revenue": 417385,
            "revenue_4q": null,
            "common_shares": 2200025,
            "book_valuer_per_share": 3.27,
            "book_valuer_per_share_4q_avg": 3.71,
            "equity": 719157,
            "current_ratio": 92.99,
            "debt_ratio": 78.27,
            "inventory_turnover_ratio": 0.89,
            "account_receivable_turnover_ratio": 0.52,
            "reinvestment_rate": null,
            "research_to_sale_ratio": 0.33,
            "price_fair": 0,
            "eps_avg_yearly": 0,
            "eps_latest_yearly": 0,
            "eps_growth_yearly": 0
        },
        "20192": {
            "year_quarter": 20192,
            "year": 2019,
            "quarter": 2,
            "eps": 0.01,
            "eps_growth_year": null,
            "eps_4q": -0.93,
            "eps_4q_growth_year": null,
            "roe": 0.21,
            "roe_4q": -25.000000000000004,
            "gross_profit": 68198,
            "gross_margin": 10.49,
            "gross_margin_4q_avg": 5.03,
            "net_income": 1492,
            "net_income_4q": null,
            "revenue": 650146,
            "revenue_4q": null,
            "common_shares": 2200025,
            "book_valuer_per_share": 3.23,
            "book_valuer_per_share_4q_avg": 3.44,
            "equity": 711493,
            "current_ratio": 95.41,
            "debt_ratio": 77.76,
            "inventory_turnover_ratio": 1.34,
            "account_receivable_turnover_ratio": 1.02,
            "reinvestment_rate": null,
            "research_to_sale_ratio": 0.35,
            "price_fair": 0,
            "eps_avg_yearly": 0,
            "eps_latest_yearly": 0,
            "eps_growth_yearly": 0
        },
        "20193": {
            "year_quarter": 20193,
            "year": 2019,
            "quarter": 3,
            "eps": -0.28,
            "eps_growth_year": null,
            "eps_4q": -0.9,
            "eps_4q_growth_year": null,
            "roe": -9.36,
            "roe_4q": -26.669999999999998,
            "gross_profit": 7237,
            "gross_margin": 1.72,
            "gross_margin_4q_avg": 4.47,
            "net_income": -62623,
            "net_income_4q": null,
            "revenue": 420587,
            "revenue_4q": null,
            "common_shares": 2200025,
            "book_valuer_per_share": 2.85,
            "book_valuer_per_share_4q_avg": 3.19,
            "equity": 626165,
            "current_ratio": 98.26,
            "debt_ratio": 79.39,
            "inventory_turnover_ratio": 0.98,
            "account_receivable_turnover_ratio": 0.73,
            "reinvestment_rate": null,
            "research_to_sale_ratio": 0.34,
            "price_fair": 0,
            "eps_avg_yearly": 0,
            "eps_latest_yearly": 0,
            "eps_growth_yearly": 0
        },
        "20194": {
            "year_quarter": 20194,
            "year": 2019,
            "quarter": 4,
            "eps": -1.66,
            "eps_growth_year": null,
            "eps_4q": -2.14,
            "eps_4q_growth_year": null,
            "roe": -82.95,
            "roe_4q": -98.16000000000001,
            "gross_profit": -10275,
            "gross_margin": -2.28,
            "gross_margin_4q_avg": 3.23,
            "net_income": -365318,
            "net_income_4q": null,
            "revenue": 451198,
            "revenue_4q": null,
            "common_shares": 2200025,
            "book_valuer_per_share": 1.16,
            "book_valuer_per_share_4q_avg": 2.63,
            "equity": 254679,
            "current_ratio": 92.73,
            "debt_ratio": 89.92,
            "inventory_turnover_ratio": 1.11,
            "account_receivable_turnover_ratio": 0.85,
            "reinvestment_rate": null,
            "research_to_sale_ratio": 0.31,
            "price_fair": 0,
            "eps_avg_yearly": 0,
            "eps_latest_yearly": 0,
            "eps_growth_yearly": 0
        },
        "20201": {
            "year_quarter": 20201,
            "year": 2020,
            "quarter": 1,
            "eps": -0.14,
            "eps_growth_year": null,
            "eps_4q": -2.03,
            "eps_4q_growth_year": null,
            "roe": -11.93,
            "roe_4q": -104.03,
            "gross_profit": 26183,
            "gross_margin": 7.97,
            "gross_margin_4q_avg": 4.48,
            "net_income": -31236,
            "net_income_4q": null,
            "revenue": 328609,
            "revenue_4q": null,
            "common_shares": 2200025,
            "book_valuer_per_share": 1.14,
            "book_valuer_per_share_4q_avg": 2.1,
            "equity": 268805,
            "current_ratio": 95.06,
            "debt_ratio": 88.73,
            "inventory_turnover_ratio": 0.8,
            "account_receivable_turnover_ratio": 0.75,
            "reinvestment_rate": null,
            "research_to_sale_ratio": 0.55,
            "price_fair": 0,
            "eps_avg_yearly": 0,
            "eps_latest_yearly": 0,
            "eps_growth_yearly": 0
        },
        "20202": {
            "year_quarter": 20202,
            "year": 2020,
            "quarter": 2,
            "eps": -0.2,
            "eps_growth_year": -2100,
            "eps_4q": -2.14,
            "eps_4q_growth_year": null,
            "roe": -19.61,
            "roe_4q": -123.85000000000001,
            "gross_profit": 3042,
            "gross_margin": 1.31,
            "gross_margin_4q_avg": 2.18,
            "net_income": -47477,
            "net_income_4q": null,
            "revenue": 232725,
            "revenue_4q": null,
            "common_shares": 2367025,
            "book_valuer_per_share": 0.91,
            "book_valuer_per_share_4q_avg": 1.52,
            "equity": 215451,
            "current_ratio": 94.34,
            "debt_ratio": 90.41,
            "inventory_turnover_ratio": 0.66,
            "account_receivable_turnover_ratio": 0.61,
            "reinvestment_rate": null,
            "research_to_sale_ratio": 1.52,
            "price_fair": 0,
            "eps_avg_yearly": 0,
            "eps_latest_yearly": 0,
            "eps_growth_yearly": 0
        },
        "20203": {
            "year_quarter": 20203,
            "year": 2020,
            "quarter": 3,
            "eps": -0.1,
            "eps_growth_year": null,
            "eps_4q": -1.98,
            "eps_4q_growth_year": null,
            "roe": -12.03,
            "roe_4q": -126.52000000000001,
            "gross_profit": 34123,
            "gross_margin": 10.37,
            "gross_margin_4q_avg": 4.34,
            "net_income": -24840,
            "net_income_4q": null,
            "revenue": 329132,
            "revenue_4q": null,
            "common_shares": 2367025,
            "book_valuer_per_share": 0.83,
            "book_valuer_per_share_4q_avg": 1.01,
            "equity": 197604,
            "current_ratio": 98.45,
            "debt_ratio": 91.02,
            "inventory_turnover_ratio": 0.87,
            "account_receivable_turnover_ratio": 0.87,
            "reinvestment_rate": null,
            "research_to_sale_ratio": 0.5,
            "price_fair": 0,
            "eps_avg_yearly": 0,
            "eps_latest_yearly": 0,
            "eps_growth_yearly": 0
        },
        "20204": {
            "year_quarter": 20204,
            "year": 2020,
            "quarter": 4,
            "eps": -0.1,
            "eps_growth_year": null,
            "eps_4q": -0.54,
            "eps_4q_growth_year": null,
            "roe": -12.88,
            "roe_4q": -56.449999999999996,
            "gross_profit": 11573,
            "gross_margin": 3.88,
            "gross_margin_4q_avg": 5.88,
            "net_income": -24626,
            "net_income_4q": null,
            "revenue": 298518,
            "revenue_4q": null,
            "common_shares": 2367025,
            "book_valuer_per_share": 0.78,
            "book_valuer_per_share_4q_avg": 0.92,
            "equity": 184737,
            "current_ratio": 99.01,
            "debt_ratio": 91.67,
            "inventory_turnover_ratio": 0.84,
            "account_receivable_turnover_ratio": 0.78,
            "reinvestment_rate": null,
            "research_to_sale_ratio": 0.53,
            "price_fair": 0,
            "eps_avg_yearly": 0,
            "eps_latest_yearly": 0,
            "eps_growth_yearly": 0
        },
        "20211": {
            "year_quarter": 20211,
            "year": 2021,
            "quarter": 1,
            "eps": -0.16,
            "eps_growth_year": null,
            "eps_4q": -0.57,
            "eps_4q_growth_year": null,
            "roe": -22.4,
            "roe_4q": -66.92,
            "gross_profit": 15510,
            "gross_margin": 6.53,
            "gross_margin_4q_avg": 5.52,
            "net_income": -36944,
            "net_income_4q": null,
            "revenue": 237457,
            "revenue_4q": null,
            "common_shares": 2367025,
            "book_valuer_per_share": 0.61,
            "book_valuer_per_share_4q_avg": 0.78,
            "equity": 145120,
            "current_ratio": 97.75,
            "debt_ratio": 93.08,
            "inventory_turnover_ratio": 0.62,
            "account_receivable_turnover_ratio": 0.67,
            "reinvestment_rate": null,
            "research_to_sale_ratio": 0.49,
            "price_fair": 0,
            "eps_avg_yearly": 0,
            "eps_latest_yearly": 0,
            "eps_growth_yearly": 0
        },
        "20212": {
            "year_quarter": 20212,
            "year": 2021,
            "quarter": 2,
            "eps": -0.07,
            "eps_growth_year": null,
            "eps_4q": -0.44,
            "eps_4q_growth_year": null,
            "roe": -12.79,
            "roe_4q": -60.1,
            "gross_profit": 11409,
            "gross_margin": 4,
            "gross_margin_4q_avg": 6.2,
            "net_income": -17279,
            "net_income_4q": null,
            "revenue": 285413,
            "revenue_4q": null,
            "common_shares": 2367025,
            "book_valuer_per_share": 0.53,
            "book_valuer_per_share_4q_avg": 0.69,
            "equity": 125067,
            "current_ratio": 98.64,
            "debt_ratio": 93.85,
            "inventory_turnover_ratio": 0.79,
            "account_receivable_turnover_ratio": 0.91,
            "reinvestment_rate": null,
            "research_to_sale_ratio": 0.4,
            "price_fair": 0,
            "eps_avg_yearly": 0,
            "eps_latest_yearly": 0,
            "eps_growth_yearly": 0
        },
        "20213": {
            "year_quarter": 20213,
            "year": 2021,
            "quarter": 3,
            "eps": -0.18,
            "eps_growth_year": null,
            "eps_4q": -0.51,
            "eps_4q_growth_year": null,
            "roe": -40.92,
            "roe_4q": -88.99,
            "gross_profit": -4890,
            "gross_margin": -2.43,
            "gross_margin_4q_avg": 3,
            "net_income": -42431,
            "net_income_4q": null,
            "revenue": 201120,
            "revenue_4q": null,
            "common_shares": 2367025,
            "book_valuer_per_share": 0.35,
            "book_valuer_per_share_4q_avg": 0.57,
            "equity": 82323,
            "current_ratio": 94.62,
            "debt_ratio": 95.58,
            "inventory_turnover_ratio": 0.63,
            "account_receivable_turnover_ratio": 0.75,
            "reinvestment_rate": null,
            "research_to_sale_ratio": 0.44,
            "price_fair": 0,
            "eps_avg_yearly": 0,
            "eps_latest_yearly": 0,
            "eps_growth_yearly": 0
        },
        "20214": {
            "year_quarter": 20214,
            "year": 2021,
            "quarter": 4,
            "eps": -0.23,
            "eps_growth_year": null,
            "eps_4q": -0.61,
            "eps_4q_growth_year": null,
            "roe": -72.69,
            "roe_4q": -148.8,
            "gross_profit": -19661,
            "gross_margin": -7.07,
            "gross_margin_4q_avg": 0.26,
            "net_income": -57327,
            "net_income_4q": null,
            "revenue": 278280,
            "revenue_4q": null,
            "common_shares": 2533125,
            "book_valuer_per_share": 0.3,
            "book_valuer_per_share_4q_avg": 0.45,
            "equity": 75406,
            "current_ratio": 91.27,
            "debt_ratio": 95.71,
            "inventory_turnover_ratio": 1.01,
            "account_receivable_turnover_ratio": 1.2,
            "reinvestment_rate": null,
            "research_to_sale_ratio": 0.24,
            "price_fair": 0,
            "eps_avg_yearly": 0,
            "eps_latest_yearly": 0,
            "eps_growth_yearly": 0
        },
        "20221": {
            "year_quarter": 20221,
            "year": 2022,
            "quarter": 1,
            "eps": -0.19,
            "eps_growth_year": null,
            "eps_4q": -0.65,
            "eps_4q_growth_year": null,
            "roe": -53.48,
            "roe_4q": -179.87999999999997,
            "gross_profit": -2000,
            "gross_margin": -1.26,
            "gross_margin_4q_avg": -1.69,
            "net_income": -48006,
            "net_income_4q": null,
            "revenue": 158443,
            "revenue_4q": null,
            "common_shares": 2533125,
            "book_valuer_per_share": 0.41,
            "book_valuer_per_share_4q_avg": 0.4,
            "equity": 104117,
            "current_ratio": 81.06,
            "debt_ratio": 94.02,
            "inventory_turnover_ratio": 0.62,
            "account_receivable_turnover_ratio": 0.82,
            "reinvestment_rate": null,
            "research_to_sale_ratio": 0.43,
            "price_fair": 0,
            "eps_avg_yearly": 0,
            "eps_latest_yearly": 0,
            "eps_growth_yearly": 0
        },
        "20222": {
            "year_quarter": 20222,
            "year": 2022,
            "quarter": 2,
            "eps": -0.31,
            "eps_growth_year": null,
            "eps_4q": -0.89,
            "eps_4q_growth_year": null,
            "roe": -42.35,
            "roe_4q": -209.44,
            "gross_profit": -2544,
            "gross_margin": -1.51,
            "gross_margin_4q_avg": -3.07,
            "net_income": -77556,
            "net_income_4q": null,
            "revenue": 168643,
            "revenue_4q": null,
            "common_shares": 2533125,
            "book_valuer_per_share": 1.03,
            "book_valuer_per_share_4q_avg": 0.52,
            "equity": 262166,
            "current_ratio": 171.58,
            "debt_ratio": 86.44,
            "inventory_turnover_ratio": 0.71,
            "account_receivable_turnover_ratio": 1.09,
            "reinvestment_rate": null,
            "research_to_sale_ratio": 0.27,
            "price_fair": 0,
            "eps_avg_yearly": 0,
            "eps_latest_yearly": 0,
            "eps_growth_yearly": 0
        },
        "20223": {
            "year_quarter": 20223,
            "year": 2022,
            "quarter": 3,
            "eps": -0.04,
            "eps_growth_year": null,
            "eps_4q": -0.7,
            "eps_4q_growth_year": null,
            "roe": -3.15,
            "roe_4q": -171.67,
            "gross_profit": 6912,
            "gross_margin": 4.8,
            "gross_margin_4q_avg": -1.26,
            "net_income": -9026,
            "net_income_4q": null,
            "revenue": 144065,
            "revenue_4q": null,
            "common_shares": 2724625,
            "book_valuer_per_share": 1.14,
            "book_valuer_per_share_4q_avg": 0.72,
            "equity": 311578,
            "current_ratio": 170.84,
            "debt_ratio": 84.03,
            "inventory_turnover_ratio": 0.6,
            "account_receivable_turnover_ratio": 1.03,
            "reinvestment_rate": null,
            "research_to_sale_ratio": 0.32,
            "price_fair": 0,
            "eps_avg_yearly": 0,
            "eps_latest_yearly": 0,
            "eps_growth_yearly": 0
        },
        "20224": {
            "year_quarter": 20224,
            "year": 2022,
            "quarter": 4,
            "eps": -0.51,
            "eps_growth_year": null,
            "eps_4q": -1.88,
            "eps_4q_growth_year": null,
            "roe": -14.55,
            "roe_4q": -113.53,
            "gross_profit": 44677,
            "gross_margin": 14.68,
            "gross_margin_4q_avg": 4.18,
            "net_income": -50054,
            "net_income_4q": null,
            "revenue": 304323,
            "revenue_4q": null,
            "common_shares": 981835,
            "book_valuer_per_share": 3.84,
            "book_valuer_per_share_4q_avg": 1.61,
            "equity": 376637,
            "current_ratio": 150.3,
            "debt_ratio": 83.99,
            "inventory_turnover_ratio": 0.9,
            "account_receivable_turnover_ratio": 1.76,
            "reinvestment_rate": null,
            "research_to_sale_ratio": 0.61,
            "price_fair": 0,
            "eps_avg_yearly": 0,
            "eps_latest_yearly": 0,
            "eps_growth_yearly": 0
        },
        "20231": {
            "year_quarter": 20231,
            "year": 2023,
            "quarter": 1,
            "eps": 0,
            "eps_growth_year": null,
            "eps_4q": -1.39,
            "eps_4q_growth_year": null,
            "roe": 0.12,
            "roe_4q": -59.93000000000001,
            "gross_profit": 82864,
            "gross_margin": 25.04,
            "gross_margin_4q_avg": 10.75,
            "net_income": 450,
            "net_income_4q": null,
            "revenue": 330878,
            "revenue_4q": null,
            "common_shares": 981835,
            "book_valuer_per_share": 3.85,
            "book_valuer_per_share_4q_avg": 2.47,
            "equity": 378351,
            "current_ratio": 149.87,
            "debt_ratio": 83.55,
            "inventory_turnover_ratio": 0.71,
            "account_receivable_turnover_ratio": 1.69,
            "reinvestment_rate": null,
            "research_to_sale_ratio": 1,
            "price_fair": 0,
            "eps_avg_yearly": 0,
            "eps_latest_yearly": 0,
            "eps_growth_yearly": 0
        },
        "20232": {
            "year_quarter": 20232,
            "year": 2023,
            "quarter": 2,
            "eps": 0.01,
            "eps_growth_year": null,
            "eps_4q": -0.59,
            "eps_4q_growth_year": null,
            "roe": 0.32,
            "roe_4q": -17.26,
            "gross_profit": 49819,
            "gross_margin": 17.48,
            "gross_margin_4q_avg": 15.5,
            "net_income": 1181,
            "net_income_4q": null,
            "revenue": 285035,
            "revenue_4q": null,
            "common_shares": 981835,
            "book_valuer_per_share": 3.74,
            "book_valuer_per_share_4q_avg": 3.14,
            "equity": 367632,
            "current_ratio": 155.84,
            "debt_ratio": 83.25,
            "inventory_turnover_ratio": 0.66,
            "account_receivable_turnover_ratio": 1.62,
            "reinvestment_rate": null,
            "research_to_sale_ratio": 1.06,
            "price_fair": 0,
            "eps_avg_yearly": 0,
            "eps_latest_yearly": 0,
            "eps_growth_yearly": 0
        }
    },
    "months": {
        "2001-06": {
            "month": "2001-06",
            "price": "3.83",
            "revenue": 129377
        },
        "2001-07": {
            "month": "2001-07",
            "price": "3.16",
            "revenue": 302274
        },
        "2001-08": {
            "month": "2001-08",
            "price": "3.28",
            "revenue": 168471
        },
        "2001-09": {
            "month": "2001-09",
            "price": "3.07",
            "revenue": 189921
        },
        "2001-10": {
            "month": "2001-10",
            "price": "3.03",
            "revenue": 207199
        },
        "2001-11": {
            "month": "2001-11",
            "price": "3.24",
            "revenue": 241396
        },
        "2001-12": {
            "month": "2001-12",
            "price": "4.02",
            "revenue": 281033
        },
        "2002-01": {
            "month": "2002-01",
            "price": "3.73",
            "revenue": 201629
        },
        "2002-02": {
            "month": "2002-02",
            "price": "3.73",
            "revenue": 147223
        },
        "2002-03": {
            "month": "2002-03",
            "price": "4.11",
            "revenue": 189222
        },
        "2002-04": {
            "month": "2002-04",
            "price": "5.26",
            "revenue": 227474
        },
        "2002-05": {
            "month": "2002-05",
            "price": "4.72",
            "revenue": 228924
        },
        "2002-06": {
            "month": "2002-06",
            "price": "4.90",
            "revenue": 211239
        },
        "2002-07": {
            "month": "2002-07",
            "price": "7.16",
            "revenue": 198188
        },
        "2002-08": {
            "month": "2002-08",
            "price": "6.13",
            "revenue": 181827
        },
        "2002-09": {
            "month": "2002-09",
            "price": "5.11",
            "revenue": 247251
        },
        "2002-10": {
            "month": "2002-10",
            "price": "4.86",
            "revenue": 242565
        },
        "2002-11": {
            "month": "2002-11",
            "price": "6.58",
            "revenue": 246230
        },
        "2002-12": {
            "month": "2002-12",
            "price": "7.50",
            "revenue": 363774
        },
        "2003-01": {
            "month": "2003-01",
            "price": "8.80",
            "revenue": 218135
        },
        "2003-02": {
            "month": "2003-02",
            "price": "8.12",
            "revenue": 227069
        },
        "2003-03": {
            "month": "2003-03",
            "price": "8.23",
            "revenue": 250531
        },
        "2003-04": {
            "month": "2003-04",
            "price": "8.31",
            "revenue": 317871
        },
        "2003-05": {
            "month": "2003-05",
            "price": "7.29",
            "revenue": 239312
        },
        "2003-06": {
            "month": "2003-06",
            "price": "8.08",
            "revenue": 296423
        },
        "2003-07": {
            "month": "2003-07",
            "price": "8.02",
            "revenue": 230687
        },
        "2003-08": {
            "month": "2003-08",
            "price": "8.06",
            "revenue": 174702
        },
        "2003-09": {
            "month": "2003-09",
            "price": "6.88",
            "revenue": 255945
        },
        "2003-10": {
            "month": "2003-10",
            "price": "8.14",
            "revenue": 268160
        },
        "2003-11": {
            "month": "2003-11",
            "price": "8.21",
            "revenue": 232262
        },
        "2003-12": {
            "month": "2003-12",
            "price": "7.97",
            "revenue": 313228
        },
        "2004-01": {
            "month": "2004-01",
            "price": "8.30",
            "revenue": 186227
        },
        "2004-02": {
            "month": "2004-02",
            "price": "9.75",
            "revenue": 280495
        },
        "2004-03": {
            "month": "2004-03",
            "price": "9.74",
            "revenue": 329810
        },
        "2004-04": {
            "month": "2004-04",
            "price": "9.40",
            "revenue": 308045
        },
        "2004-05": {
            "month": "2004-05",
            "price": "8.94",
            "revenue": 329061
        },
        "2004-06": {
            "month": "2004-06",
            "price": "8.97",
            "revenue": 425339
        },
        "2004-07": {
            "month": "2004-07",
            "price": "8.55",
            "revenue": 419514
        },
        "2004-08": {
            "month": "2004-08",
            "price": "8.38",
            "revenue": 284312
        },
        "2004-09": {
            "month": "2004-09",
            "price": "9.63",
            "revenue": 386720
        },
        "2004-10": {
            "month": "2004-10",
            "price": "10.41",
            "revenue": 352814
        },
        "2004-11": {
            "month": "2004-11",
            "price": "10.42",
            "revenue": 406701
        },
        "2004-12": {
            "month": "2004-12",
            "price": "10.44",
            "revenue": 338937
        },
        "2005-01": {
            "month": "2005-01",
            "price": "9.84",
            "revenue": 274093
        },
        "2005-02": {
            "month": "2005-02",
            "price": "9.28",
            "revenue": 213963
        },
        "2005-03": {
            "month": "2005-03",
            "price": "9.42",
            "revenue": 372791
        },
        "2005-04": {
            "month": "2005-04",
            "price": "9.30",
            "revenue": 305387
        },
        "2005-05": {
            "month": "2005-05",
            "price": "7.79",
            "revenue": 334908
        },
        "2005-06": {
            "month": "2005-06",
            "price": "8.42",
            "revenue": 316335
        },
        "2005-07": {
            "month": "2005-07",
            "price": "8.56",
            "revenue": 311382
        },
        "2005-08": {
            "month": "2005-08",
            "price": "8.86",
            "revenue": 289283
        },
        "2005-09": {
            "month": "2005-09",
            "price": "9.34",
            "revenue": 272620
        },
        "2005-10": {
            "month": "2005-10",
            "price": "10.58",
            "revenue": 374908
        },
        "2005-11": {
            "month": "2005-11",
            "price": "10.86",
            "revenue": 331097
        },
        "2005-12": {
            "month": "2005-12",
            "price": "10.85",
            "revenue": 642341
        },
        "2006-01": {
            "month": "2006-01",
            "price": "10.58",
            "revenue": 246553
        },
        "2006-02": {
            "month": "2006-02",
            "price": "9.93",
            "revenue": 330061
        },
        "2006-03": {
            "month": "2006-03",
            "price": "9.91",
            "revenue": 313175
        },
        "2006-04": {
            "month": "2006-04",
            "price": "11.08",
            "revenue": 231452
        },
        "2006-05": {
            "month": "2006-05",
            "price": "11.57",
            "revenue": 261712
        },
        "2006-06": {
            "month": "2006-06",
            "price": "10.54",
            "revenue": 200910
        },
        "2006-07": {
            "month": "2006-07",
            "price": "9.60",
            "revenue": 196052
        },
        "2006-08": {
            "month": "2006-08",
            "price": "9.00",
            "revenue": 253234
        },
        "2006-09": {
            "month": "2006-09",
            "price": "8.78",
            "revenue": 515886
        },
        "2006-10": {
            "month": "2006-10",
            "price": "9.61",
            "revenue": 263549
        },
        "2006-11": {
            "month": "2006-11",
            "price": "9.22",
            "revenue": 359039
        },
        "2006-12": {
            "month": "2006-12",
            "price": "9.65",
            "revenue": 342456
        },
        "2007-01": {
            "month": "2007-01",
            "price": "9.66",
            "revenue": 252497
        },
        "2007-02": {
            "month": "2007-02",
            "price": "9.06",
            "revenue": 216918
        },
        "2007-03": {
            "month": "2007-03",
            "price": "9.39",
            "revenue": 282563
        },
        "2007-04": {
            "month": "2007-04",
            "price": "10.48",
            "revenue": 284707
        },
        "2007-05": {
            "month": "2007-05",
            "price": "10.56",
            "revenue": 248858
        },
        "2007-06": {
            "month": "2007-06",
            "price": "12.24",
            "revenue": 361217
        },
        "2007-07": {
            "month": "2007-07",
            "price": "14.76",
            "revenue": 256649
        },
        "2007-08": {
            "month": "2007-08",
            "price": "13.35",
            "revenue": 330601
        },
        "2007-09": {
            "month": "2007-09",
            "price": "14.03",
            "revenue": 382512
        },
        "2007-10": {
            "month": "2007-10",
            "price": "13.66",
            "revenue": 354317
        },
        "2007-11": {
            "month": "2007-11",
            "price": "11.82",
            "revenue": 301291
        },
        "2007-12": {
            "month": "2007-12",
            "price": "9.97",
            "revenue": 310435
        },
        "2008-01": {
            "month": "2008-01",
            "price": "10.26",
            "revenue": 295122
        },
        "2008-02": {
            "month": "2008-02",
            "price": "11.03",
            "revenue": 214310
        },
        "2008-03": {
            "month": "2008-03",
            "price": "11.45",
            "revenue": 256024
        },
        "2008-04": {
            "month": "2008-04",
            "price": "11.68",
            "revenue": 358215
        },
        "2008-05": {
            "month": "2008-05",
            "price": "11.16",
            "revenue": 237476
        },
        "2008-06": {
            "month": "2008-06",
            "price": "9.62",
            "revenue": 208240
        },
        "2008-07": {
            "month": "2008-07",
            "price": "8.45",
            "revenue": 388010
        },
        "2008-08": {
            "month": "2008-08",
            "price": "8.28",
            "revenue": 222163
        },
        "2008-09": {
            "month": "2008-09",
            "price": "6.71",
            "revenue": 259667
        },
        "2008-10": {
            "month": "2008-10",
            "price": "5.96",
            "revenue": 269673
        },
        "2008-11": {
            "month": "2008-11",
            "price": "5.77",
            "revenue": 225666
        },
        "2008-12": {
            "month": "2008-12",
            "price": "5.44",
            "revenue": 196889
        },
        "2009-01": {
            "month": "2009-01",
            "price": "5.02",
            "revenue": 162044
        },
        "2009-02": {
            "month": "2009-02",
            "price": "4.72",
            "revenue": 211374
        },
        "2009-03": {
            "month": "2009-03",
            "price": "5.81",
            "revenue": 330086
        },
        "2009-04": {
            "month": "2009-04",
            "price": "7.73",
            "revenue": 297980
        },
        "2009-05": {
            "month": "2009-05",
            "price": "8.14",
            "revenue": 183338
        },
        "2009-06": {
            "month": "2009-06",
            "price": "8.37",
            "revenue": 219572
        },
        "2009-07": {
            "month": "2009-07",
            "price": "8.75",
            "revenue": 242483
        },
        "2009-08": {
            "month": "2009-08",
            "price": "8.70",
            "revenue": 214540
        },
        "2009-09": {
            "month": "2009-09",
            "price": "8.41",
            "revenue": 211332
        },
        "2009-10": {
            "month": "2009-10",
            "price": "9.07",
            "revenue": 248730
        },
        "2009-11": {
            "month": "2009-11",
            "price": "10.26",
            "revenue": 264411
        },
        "2009-12": {
            "month": "2009-12",
            "price": "10.69",
            "revenue": 254659
        },
        "2010-01": {
            "month": "2010-01",
            "price": "10.26",
            "revenue": 211157
        },
        "2010-02": {
            "month": "2010-02",
            "price": "8.35",
            "revenue": 143894
        },
        "2010-03": {
            "month": "2010-03",
            "price": "8.75",
            "revenue": 243101
        },
        "2010-04": {
            "month": "2010-04",
            "price": "9.89",
            "revenue": 197753
        },
        "2010-05": {
            "month": "2010-05",
            "price": "8.16",
            "revenue": 350823
        },
        "2010-06": {
            "month": "2010-06",
            "price": "7.96",
            "revenue": 320736
        },
        "2010-07": {
            "month": "2010-07",
            "price": "8.48",
            "revenue": 277841
        },
        "2010-08": {
            "month": "2010-08",
            "price": "8.94",
            "revenue": 262708
        },
        "2010-09": {
            "month": "2010-09",
            "price": "8.33",
            "revenue": 369232
        },
        "2010-10": {
            "month": "2010-10",
            "price": "8.27",
            "revenue": 370932
        },
        "2010-11": {
            "month": "2010-11",
            "price": "8.71",
            "revenue": 411462
        },
        "2010-12": {
            "month": "2010-12",
            "price": "8.99",
            "revenue": 673061
        },
        "2011-01": {
            "month": "2011-01",
            "price": "9.90",
            "revenue": 375606
        },
        "2011-02": {
            "month": "2011-02",
            "price": "9.50",
            "revenue": 298022
        },
        "2011-03": {
            "month": "2011-03",
            "price": "8.74",
            "revenue": 396984
        },
        "2011-04": {
            "month": "2011-04",
            "price": "9.75",
            "revenue": 364608
        },
        "2011-05": {
            "month": "2011-05",
            "price": "9.99",
            "revenue": 354493
        },
        "2011-06": {
            "month": "2011-06",
            "price": "9.73",
            "revenue": 319851
        },
        "2011-07": {
            "month": "2011-07",
            "price": "11.14",
            "revenue": 336200
        },
        "2011-08": {
            "month": "2011-08",
            "price": "9.79",
            "revenue": 379842
        },
        "2011-09": {
            "month": "2011-09",
            "price": "7.95",
            "revenue": 347809
        },
        "2011-10": {
            "month": "2011-10",
            "price": "7.83",
            "revenue": 549111
        },
        "2011-11": {
            "month": "2011-11",
            "price": "7.81",
            "revenue": 464668
        },
        "2011-12": {
            "month": "2011-12",
            "price": "6.99",
            "revenue": 472819
        },
        "2012-01": {
            "month": "2012-01",
            "price": "7.06",
            "revenue": 272799
        },
        "2012-02": {
            "month": "2012-02",
            "price": "8.12",
            "revenue": 321817
        },
        "2012-03": {
            "month": "2012-03",
            "price": "8.48",
            "revenue": 391457
        },
        "2012-04": {
            "month": "2012-04",
            "price": "8.14",
            "revenue": 358722
        },
        "2012-05": {
            "month": "2012-05",
            "price": "7.58",
            "revenue": 319637
        },
        "2012-06": {
            "month": "2012-06",
            "price": "7.35",
            "revenue": 406497
        },
        "2012-07": {
            "month": "2012-07",
            "price": "7.43",
            "revenue": 278456
        },
        "2012-08": {
            "month": "2012-08",
            "price": "7.78",
            "revenue": 255991
        },
        "2012-09": {
            "month": "2012-09",
            "price": "8.36",
            "revenue": 552178
        },
        "2012-10": {
            "month": "2012-10",
            "price": "8.46",
            "revenue": 329662
        },
        "2012-11": {
            "month": "2012-11",
            "price": "7.33",
            "revenue": 282661
        },
        "2012-12": {
            "month": "2012-12",
            "price": "7.42",
            "revenue": 414817
        },
        "2013-01": {
            "month": "2013-01",
            "price": "7.85",
            "revenue": 308556
        },
        "2013-02": {
            "month": "2013-02",
            "price": "7.89",
            "revenue": 206671
        },
        "2013-03": {
            "month": "2013-03",
            "price": "7.86",
            "revenue": 280475
        },
        "2013-04": {
            "month": "2013-04",
            "price": "7.82",
            "revenue": 291508
        },
        "2013-05": {
            "month": "2013-05",
            "price": "7.77",
            "revenue": 285214
        },
        "2013-06": {
            "month": "2013-06",
            "price": "7.47",
            "revenue": 229130
        },
        "2013-07": {
            "month": "2013-07",
            "price": "7.27",
            "revenue": 231357
        },
        "2013-08": {
            "month": "2013-08",
            "price": "7.44",
            "revenue": 231097
        },
        "2013-09": {
            "month": "2013-09",
            "price": "7.79",
            "revenue": 246767
        },
        "2013-10": {
            "month": "2013-10",
            "price": "8.05",
            "revenue": 297389
        },
        "2013-11": {
            "month": "2013-11",
            "price": "7.86",
            "revenue": 412279
        },
        "2013-12": {
            "month": "2013-12",
            "price": "8.50",
            "revenue": 698923
        },
        "2014-01": {
            "month": "2014-01",
            "price": "10.21",
            "revenue": 268712
        },
        "2014-02": {
            "month": "2014-02",
            "price": "10.99",
            "revenue": 263661
        },
        "2014-03": {
            "month": "2014-03",
            "price": "10.48",
            "revenue": 328337
        },
        "2014-04": {
            "month": "2014-04",
            "price": "10.40",
            "revenue": 317472
        },
        "2014-05": {
            "month": "2014-05",
            "price": "9.05",
            "revenue": 317197
        },
        "2014-06": {
            "month": "2014-06",
            "price": "8.75",
            "revenue": 347698
        },
        "2014-07": {
            "month": "2014-07",
            "price": "8.60",
            "revenue": 318232
        },
        "2014-08": {
            "month": "2014-08",
            "price": "7.62",
            "revenue": 283736
        },
        "2014-09": {
            "month": "2014-09",
            "price": "7.13",
            "revenue": 305212
        },
        "2014-10": {
            "month": "2014-10",
            "price": "6.13",
            "revenue": 340771
        },
        "2014-11": {
            "month": "2014-11",
            "price": "5.90",
            "revenue": 398013
        },
        "2014-12": {
            "month": "2014-12",
            "price": "6.14",
            "revenue": 451499
        },
        "2015-01": {
            "month": "2015-01",
            "price": "6.50",
            "revenue": 342320
        },
        "2015-02": {
            "month": "2015-02",
            "price": "6.48",
            "revenue": 260857
        },
        "2015-03": {
            "month": "2015-03",
            "price": "6.19",
            "revenue": 356705
        },
        "2015-04": {
            "month": "2015-04",
            "price": "6.06",
            "revenue": 344592
        },
        "2015-05": {
            "month": "2015-05",
            "price": "5.77",
            "revenue": 250101
        },
        "2015-06": {
            "month": "2015-06",
            "price": "4.86",
            "revenue": 219844
        },
        "2015-07": {
            "month": "2015-07",
            "price": "4.12",
            "revenue": 214952
        },
        "2015-08": {
            "month": "2015-08",
            "price": "3.69",
            "revenue": 234075
        },
        "2015-09": {
            "month": "2015-09",
            "price": "3.55",
            "revenue": 413565
        },
        "2015-10": {
            "month": "2015-10",
            "price": "4.15",
            "revenue": 495250
        },
        "2015-11": {
            "month": "2015-11",
            "price": "4.81",
            "revenue": 518235
        },
        "2015-12": {
            "month": "2015-12",
            "price": "5.01",
            "revenue": 449533
        },
        "2016-01": {
            "month": "2016-01",
            "price": "5.72",
            "revenue": 389937
        },
        "2016-02": {
            "month": "2016-02",
            "price": "5.08",
            "revenue": 291431
        },
        "2016-03": {
            "month": "2016-03",
            "price": "5.62",
            "revenue": 368787
        },
        "2016-04": {
            "month": "2016-04",
            "price": "5.13",
            "revenue": 286473
        },
        "2016-05": {
            "month": "2016-05",
            "price": "4.37",
            "revenue": 301029
        },
        "2016-06": {
            "month": "2016-06",
            "price": "4.51",
            "revenue": 259219
        },
        "2016-07": {
            "month": "2016-07",
            "price": "4.72",
            "revenue": 231981
        },
        "2016-08": {
            "month": "2016-08",
            "price": "4.96",
            "revenue": 312441
        },
        "2016-09": {
            "month": "2016-09",
            "price": "5.25",
            "revenue": 317281
        },
        "2016-10": {
            "month": "2016-10",
            "price": "4.94",
            "revenue": 477794
        },
        "2016-11": {
            "month": "2016-11",
            "price": "4.62",
            "revenue": 453314
        },
        "2016-12": {
            "month": "2016-12",
            "price": "5.12",
            "revenue": 499165
        },
        "2017-01": {
            "month": "2017-01",
            "price": "6.31",
            "revenue": 293947
        },
        "2017-02": {
            "month": "2017-02",
            "price": "6.31",
            "revenue": 192830
        },
        "2017-03": {
            "month": "2017-03",
            "price": "7.69",
            "revenue": 269692
        },
        "2017-04": {
            "month": "2017-04",
            "price": "7.87",
            "revenue": 182492
        },
        "2017-05": {
            "month": "2017-05",
            "price": "7.60",
            "revenue": 162446
        },
        "2017-06": {
            "month": "2017-06",
            "price": "10.85",
            "revenue": 186794
        },
        "2017-07": {
            "month": "2017-07",
            "price": "12.89",
            "revenue": 137655
        },
        "2017-08": {
            "month": "2017-08",
            "price": "11.63",
            "revenue": 175337
        },
        "2017-09": {
            "month": "2017-09",
            "price": "13.28",
            "revenue": 168005
        },
        "2017-10": {
            "month": "2017-10",
            "price": "13.09",
            "revenue": 229478
        },
        "2017-11": {
            "month": "2017-11",
            "price": "12.63",
            "revenue": 278914
        },
        "2017-12": {
            "month": "2017-12",
            "price": "12.42",
            "revenue": 263005
        },
        "2018-01": {
            "month": "2018-01",
            "price": "11.52",
            "revenue": 283835
        },
        "2018-02": {
            "month": "2018-02",
            "price": "11.43",
            "revenue": 179749
        },
        "2018-03": {
            "month": "2018-03",
            "price": "12.62",
            "revenue": 250701
        },
        "2018-04": {
            "month": "2018-04",
            "price": "11.32",
            "revenue": 203305
        },
        "2018-05": {
            "month": "2018-05",
            "price": "10.61",
            "revenue": 259357
        },
        "2018-06": {
            "month": "2018-06",
            "price": "10.67",
            "revenue": 283806
        },
        "2018-07": {
            "month": "2018-07",
            "price": "10.54",
            "revenue": 295128
        },
        "2018-08": {
            "month": "2018-08",
            "price": "10.17",
            "revenue": 233942
        },
        "2018-09": {
            "month": "2018-09",
            "price": "9.97",
            "revenue": 252560
        },
        "2018-10": {
            "month": "2018-10",
            "price": "9.29",
            "revenue": 334041
        },
        "2018-11": {
            "month": "2018-11",
            "price": "8.63",
            "revenue": 294723
        },
        "2018-12": {
            "month": "2018-12",
            "price": "7.98",
            "revenue": 217077
        },
        "2019-01": {
            "month": "2019-01",
            "price": "8.04",
            "revenue": 125210
        },
        "2019-02": {
            "month": "2019-02",
            "price": "7.26",
            "revenue": 121886
        },
        "2019-03": {
            "month": "2019-03",
            "price": "7.00",
            "revenue": 170289
        },
        "2019-04": {
            "month": "2019-04",
            "price": "6.11",
            "revenue": 141025
        },
        "2019-05": {
            "month": "2019-05",
            "price": "5.37",
            "revenue": 133812
        },
        "2019-06": {
            "month": "2019-06",
            "price": "5.18",
            "revenue": 375308
        },
        "2019-07": {
            "month": "2019-07",
            "price": "5.71",
            "revenue": 154594
        },
        "2019-08": {
            "month": "2019-08",
            "price": "5.47",
            "revenue": 135178
        },
        "2019-09": {
            "month": "2019-09",
            "price": "5.12",
            "revenue": 130815
        },
        "2019-10": {
            "month": "2019-10",
            "price": "5.19",
            "revenue": 172861
        },
        "2019-11": {
            "month": "2019-11",
            "price": "4.74",
            "revenue": 158570
        },
        "2019-12": {
            "month": "2019-12",
            "price": "3.90",
            "revenue": 119768
        },
        "2020-01": {
            "month": "2020-01",
            "price": "3.89",
            "revenue": 158088
        },
        "2020-02": {
            "month": "2020-02",
            "price": "3.95",
            "revenue": 77633
        },
        "2020-03": {
            "month": "2020-03",
            "price": "3.41",
            "revenue": 92888
        },
        "2020-04": {
            "month": "2020-04",
            "price": "3.31",
            "revenue": 68960
        },
        "2020-05": {
            "month": "2020-05",
            "price": "4.50",
            "revenue": 104011
        },
        "2020-06": {
            "month": "2020-06",
            "price": "5.47",
            "revenue": 59754
        },
        "2020-07": {
            "month": "2020-07",
            "price": "4.71",
            "revenue": 154684
        },
        "2020-08": {
            "month": "2020-08",
            "price": "4.15",
            "revenue": 74947
        },
        "2020-09": {
            "month": "2020-09",
            "price": "4.56",
            "revenue": 99501
        },
        "2020-10": {
            "month": "2020-10",
            "price": "4.67",
            "revenue": 97578
        },
        "2020-11": {
            "month": "2020-11",
            "price": "4.56",
            "revenue": 96299
        },
        "2020-12": {
            "month": "2020-12",
            "price": "4.25",
            "revenue": 102691
        },
        "2021-01": {
            "month": "2021-01",
            "price": "4.66",
            "revenue": 110677
        },
        "2021-02": {
            "month": "2021-02",
            "price": "4.41",
            "revenue": 50872
        },
        "2021-03": {
            "month": "2021-03",
            "price": "4.58",
            "revenue": 75909
        },
        "2021-04": {
            "month": "2021-04",
            "price": "5.01",
            "revenue": 102657
        },
        "2021-05": {
            "month": "2021-05",
            "price": "4.63",
            "revenue": 75439
        },
        "2021-06": {
            "month": "2021-06",
            "price": "4.47",
            "revenue": 107317
        },
        "2021-07": {
            "month": "2021-07",
            "price": "4.51",
            "revenue": 68620
        },
        "2021-08": {
            "month": "2021-08",
            "price": "4.35",
            "revenue": 62092
        },
        "2021-09": {
            "month": "2021-09",
            "price": "4.08",
            "revenue": 70408
        },
        "2021-10": {
            "month": "2021-10",
            "price": "3.73",
            "revenue": 68933
        },
        "2021-11": {
            "month": "2021-11",
            "price": "3.78",
            "revenue": 73290
        },
        "2021-12": {
            "month": "2021-12",
            "price": "3.77",
            "revenue": 136056
        },
        "2022-01": {
            "month": "2022-01",
            "price": "5.00",
            "revenue": 55688
        },
        "2022-02": {
            "month": "2022-02",
            "price": "4.75",
            "revenue": 38281
        },
        "2022-03": {
            "month": "2022-03",
            "price": "4.31",
            "revenue": 64474
        },
        "2022-04": {
            "month": "2022-04",
            "price": "3.99",
            "revenue": 54886
        },
        "2022-05": {
            "month": "2022-05",
            "price": "3.54",
            "revenue": 51130
        },
        "2022-06": {
            "month": "2022-06",
            "price": "3.63",
            "revenue": 62628
        },
        "2022-07": {
            "month": "2022-07",
            "price": "3.09",
            "revenue": 54530
        },
        "2022-08": {
            "month": "2022-08",
            "price": "3.55",
            "revenue": 44832
        },
        "2022-09": {
            "month": "2022-09",
            "price": "3.35",
            "revenue": 44702
        },
        "2022-10": {
            "month": "2022-10",
            "price": "3.60",
            "revenue": 52786
        },
        "2022-11": {
            "month": "2022-11",
            "price": "3.45",
            "revenue": 117553
        },
        "2022-12": {
            "month": "2022-12",
            "price": "4.26",
            "revenue": 132132
        },
        "2023-01": {
            "month": "2023-01",
            "price": "4.88",
            "revenue": 135234
        },
        "2023-02": {
            "month": "2023-02",
            "price": "5.79",
            "revenue": 98886
        },
        "2023-03": {
            "month": "2023-03",
            "price": "13.87",
            "revenue": 100937
        },
        "2023-04": {
            "month": "2023-04",
            "price": "14.05",
            "revenue": 100673
        },
        "2023-05": {
            "month": "2023-05",
            "price": "13.27",
            "revenue": 95915
        },
        "2023-06": {
            "month": "2023-06",
            "price": "14.23",
            "revenue": 90362
        },
        "2023-07": {
            "month": "2023-07",
            "price": "13.52",
            "revenue": 76832
        },
        "2023-08": {
            "month": "2023-08",
            "price": "12.72",
            "revenue": 90778
        },
        "2023-09": {
            "month": "2023-09",
            "price": "12.24",
            "revenue": 89068
        }
    }
}
