{
    "summary": {
        "stock_name": "中興電",
        "stock_id": "1513",
        "category": "電機機械",
        "main_business": "氫能源發電、產氫設備及系統<br>太陽光電/風力發電工程及產品<br>變電站/昇壓站工程及產品",
        "website_url": "http://www.chem.com.tw",
        "ceo": "郭慧娟 (副董事長)",
        "pe_ratio": 37,
        "report_year_from": 2001,
        "report_year_to": 2023,
        "age": 23,
        "eps_negative_percentage": 0,
        "eps_growth_avg": {
            "last_all": 8.33,
            "last_2y": -7.74,
            "last_4y": 18.84,
            "last_8y": 8.96,
            "last_12y": 8.6,
            "last_16y": 4.45,
            "last_20y": 6.91,
            "at_2006_last_3y": 17.35,
            "at_2007_last_3y": 7.21,
            "at_2008_last_3y": -12.85,
            "at_2009_last_3y": -13.31,
            "at_2010_last_3y": -9.03,
            "at_2011_last_3y": -7.19,
            "at_2012_last_3y": 3.23,
            "at_2013_last_3y": 1.77,
            "at_2014_last_3y": 7.78,
            "at_2015_last_3y": 3.46,
            "at_2016_last_3y": 2.44,
            "at_2017_last_3y": -0.31,
            "at_2018_last_3y": -3.38,
            "at_2019_last_3y": 4.22,
            "at_2020_last_3y": 31.27,
            "at_2021_last_3y": 37.2,
            "at_2022_last_3y": 40.63,
            "at_2023_last_3y": 19.19,
            "at_2024_last_3y": 19.19,
            "at_2006_last_all": 21.53,
            "at_2007_last_all": 17.43,
            "at_2008_last_all": 8.4,
            "at_2009_last_all": 9.05,
            "at_2010_last_all": 7.95,
            "at_2011_last_all": 7.59,
            "at_2012_last_all": 6.52,
            "at_2013_last_all": 6.62,
            "at_2014_last_all": 7.9,
            "at_2015_last_all": 6.41,
            "at_2016_last_all": 5.43,
            "at_2017_last_all": 4.89,
            "at_2018_last_all": 5.24,
            "at_2019_last_all": 5.92,
            "at_2020_last_all": 10.87,
            "at_2021_last_all": 11.35,
            "at_2022_last_all": 11.98,
            "at_2023_last_all": 8.33,
            "at_2024_last_all": 8.33
        },
        "latest_eps": 3.13,
        "latest_price": 116.5,
        "latest_roe": 11.36,
        "latest_gross_margin": 30.47,
        "latest_equity": 14961918,
        "latest_revenue": 5527053,
        "latest_gross_profit": 1684317,
        "latest_net_income": 737108,
        "latest_debt_ratio": 66.49,
        "latest_current_ratio": 130.67,
        "latest_account_receivable_turnover_ratio": 2.21,
        "latest_inventory_turnover_ratio": 0.48,
        "latest_reinvestment_rate": 181.4,
        "latest_research_to_sale_ratio": 1.79
    },
    "eps_dividends": {
        "1994": {
            "cash": 0.6,
            "stock": 0.6,
            "eps": 0
        },
        "1995": {
            "cash": 0.5,
            "stock": 0.78,
            "eps": 0
        },
        "1998": {
            "cash": 0,
            "stock": 0.5,
            "eps": 0
        },
        "1999": {
            "cash": 0,
            "stock": 1,
            "eps": 0
        },
        "2000": {
            "cash": 1,
            "stock": 1,
            "eps": 0
        },
        "2001": {
            "cash": 1,
            "stock": 0,
            "eps": 0.81
        },
        "2002": {
            "cash": 0,
            "stock": 0,
            "eps": 1.12
        },
        "2003": {
            "cash": 0.63,
            "stock": 0,
            "eps": 1.54
        },
        "2004": {
            "cash": 1,
            "stock": 0,
            "eps": 2.07
        },
        "2005": {
            "cash": 1.3,
            "stock": 0,
            "eps": 2.39
        },
        "2006": {
            "cash": 1.5,
            "stock": 0,
            "eps": 1.96
        },
        "2007": {
            "cash": 1.4,
            "stock": 0,
            "eps": 1.9
        },
        "2008": {
            "cash": 1.4,
            "stock": 0,
            "eps": 1.03
        },
        "2009": {
            "cash": 0.88,
            "stock": 0,
            "eps": 1.17
        },
        "2010": {
            "cash": 1,
            "stock": 0,
            "eps": 1.16
        },
        "2011": {
            "cash": 2,
            "stock": 0,
            "eps": 1.21
        },
        "2012": {
            "cash": 0,
            "stock": 0,
            "eps": 1.16
        },
        "2013": {
            "cash": 1,
            "stock": 0,
            "eps": 1.25
        },
        "2014": {
            "cash": 0.8,
            "stock": 0,
            "eps": 1.54
        },
        "2015": {
            "cash": 1.2,
            "stock": 0,
            "eps": 1.34
        },
        "2016": {
            "cash": 1,
            "stock": 0,
            "eps": 1.23
        },
        "2017": {
            "cash": 1,
            "stock": 0,
            "eps": 1.19
        },
        "2018": {
            "cash": 1,
            "stock": 0,
            "eps": 1.32
        },
        "2019": {
            "cash": 1,
            "stock": 0,
            "eps": 1.55
        },
        "2020": {
            "cash": 1.2,
            "stock": 0,
            "eps": 3.47
        },
        "2021": {
            "cash": 2.2,
            "stock": 0,
            "eps": 4.18
        },
        "2022": {
            "cash": 2.8,
            "stock": 0,
            "eps": 5.21
        },
        "2023": {
            "cash": 7,
            "stock": 0,
            "eps": 1.65
        }
    },
    "dividends": {
        "1994-05-27": {
            "cash": 0.6,
            "stock": 0.6
        },
        "1995-06-15": {
            "cash": 0.5,
            "stock": 0.78
        },
        "1998-06-02": {
            "cash": 0,
            "stock": 0.5
        },
        "1999-05-18": {
            "cash": 0,
            "stock": 1
        },
        "2000-06-20": {
            "cash": 1,
            "stock": 1
        },
        "2001-06-27": {
            "cash": 1,
            "stock": 0
        },
        "2003-04-21": {
            "cash": 0.63,
            "stock": 0
        },
        "2004-04-06": {
            "cash": 1,
            "stock": 0
        },
        "2005-04-25": {
            "cash": 1.3,
            "stock": 0
        },
        "2006-04-25": {
            "cash": 1.5,
            "stock": 0
        },
        "2007-03-19": {
            "cash": 1.4,
            "stock": 0
        },
        "2008-03-12": {
            "cash": 1.4,
            "stock": 0
        },
        "2009-03-31": {
            "cash": 0.88,
            "stock": 0
        },
        "2010-03-30": {
            "cash": 1,
            "stock": 0
        },
        "2011-01-01": {
            "cash": 1,
            "stock": 0
        },
        "2011-03-29": {
            "cash": 1,
            "stock": 0
        },
        "2013-03-27": {
            "cash": 1,
            "stock": 0
        },
        "2014-12-10": {
            "cash": 0.8,
            "stock": 0
        },
        "2015-09-23": {
            "cash": 1.2,
            "stock": 0
        },
        "2016-09-22": {
            "cash": 1,
            "stock": 0
        },
        "2017-09-20": {
            "cash": 1,
            "stock": 0
        },
        "2018-09-20": {
            "cash": 1,
            "stock": 0
        },
        "2019-09-12": {
            "cash": 1,
            "stock": 0
        },
        "2020-09-30": {
            "cash": 1.2,
            "stock": 0
        },
        "2021-09-30": {
            "cash": 2.2,
            "stock": 0
        },
        "2022-08-12": {
            "cash": 2.8,
            "stock": 0
        },
        "2023-03-08": {
            "cash": 3.5,
            "stock": 0
        },
        "2023-07-14": {
            "cash": 3.5,
            "stock": 0
        }
    },
    "prices": {
        "200101": "10.99",
        "200102": "12.72",
        "200103": "12.18",
        "200104": "11.46",
        "200105": "9.32",
        "200106": "9.16",
        "200107": "8.76",
        "200108": "8.48",
        "200109": "7.94",
        "200110": "7.51",
        "200111": "6.78",
        "200112": "7.62",
        "200201": "8.85",
        "200202": "8.57",
        "200203": "8.99",
        "200204": "10.59",
        "200205": "9.26",
        "200206": "9.62",
        "200207": "10.99",
        "200208": "10.58",
        "200209": "9.82",
        "200210": "9.51",
        "200211": "10.11",
        "200212": "10.67",
        "200301": "11.46",
        "200302": "11.93",
        "200303": "10.64",
        "200304": "9.84",
        "200305": "8.51",
        "200306": "9.73",
        "200307": "10.87",
        "200308": "10.62",
        "200309": "10.68",
        "200310": "12.38",
        "200311": "13.44",
        "200312": "13.02",
        "200401": "13.70",
        "200402": "16.08",
        "200403": "15.47",
        "200404": "14.13",
        "200405": "12.51",
        "200406": "12.09",
        "200407": "11.50",
        "200408": "11.20",
        "200409": "13.54",
        "200410": "13.68",
        "200411": "13.40",
        "200412": "14.00",
        "200501": "15.58",
        "200502": "15.32",
        "200503": "14.67",
        "200504": "14.05",
        "200505": "13.82",
        "200506": "14.14",
        "200507": "14.08",
        "200508": "14.23",
        "200509": "16.72",
        "200510": "19.82",
        "200511": "20.32",
        "200512": "21.34",
        "200601": "20.48",
        "200602": "19.69",
        "200603": "21.05",
        "200604": "24.35",
        "200605": "23.50",
        "200606": "21.51",
        "200607": "21.41",
        "200608": "19.16",
        "200609": "18.76",
        "200610": "19.13",
        "200611": "18.78",
        "200612": "19.34",
        "200701": "18.62",
        "200702": "18.86",
        "200703": "18.42",
        "200704": "21.40",
        "200705": "22.57",
        "200706": "23.12",
        "200707": "23.34",
        "200708": "35.05",
        "200709": "34.19",
        "200710": "32.80",
        "200711": "25.19",
        "200712": "23.37",
        "200801": "22.94",
        "200802": "23.07",
        "200803": "25.66",
        "200804": "27.40",
        "200805": "28.05",
        "200806": "24.84",
        "200807": "19.94",
        "200808": "19.25",
        "200809": "14.26",
        "200810": "12.30",
        "200811": "13.96",
        "200812": "15.49",
        "200901": "13.99",
        "200902": "13.29",
        "200903": "14.90",
        "200904": "16.80",
        "200905": "17.43",
        "200906": "17.52",
        "200907": "16.68",
        "200908": "17.75",
        "200909": "17.37",
        "200910": "18.87",
        "200911": "20.14",
        "200912": "19.87",
        "201001": "19.68",
        "201002": "17.15",
        "201003": "17.80",
        "201004": "18.12",
        "201005": "17.60",
        "201006": "17.52",
        "201007": "17.80",
        "201008": "18.37",
        "201009": "17.76",
        "201010": "18.32",
        "201011": "17.89",
        "201012": "17.81",
        "201101": "17.86",
        "201102": "17.41",
        "201103": "17.45",
        "201104": "18.16",
        "201105": "17.68",
        "201106": "17.34",
        "201107": "17.46",
        "201108": "15.97",
        "201109": "15.42",
        "201110": "14.98",
        "201111": "15.33",
        "201112": "14.93",
        "201201": "15.14",
        "201202": "16.36",
        "201203": "17.01",
        "201204": "16.77",
        "201205": "16.88",
        "201206": "16.60",
        "201207": "16.86",
        "201208": "16.40",
        "201209": "15.84",
        "201210": "15.95",
        "201211": "15.40",
        "201212": "15.55",
        "201301": "15.81",
        "201302": "15.94",
        "201303": "16.07",
        "201304": "16.74",
        "201305": "17.06",
        "201306": "16.81",
        "201307": "16.94",
        "201308": "17.09",
        "201309": "16.81",
        "201310": "20.81",
        "201311": "20.40",
        "201312": "21.62",
        "201401": "21.44",
        "201402": "20.81",
        "201403": "21.64",
        "201404": "20.73",
        "201405": "20.58",
        "201406": "20.98",
        "201407": "21.42",
        "201408": "20.99",
        "201409": "20.86",
        "201410": "19.54",
        "201411": "19.62",
        "201412": "20.30",
        "201501": "20.46",
        "201502": "20.36",
        "201503": "20.56",
        "201504": "21.86",
        "201505": "21.86",
        "201506": "19.06",
        "201507": "17.75",
        "201508": "16.98",
        "201509": "16.09",
        "201510": "17.18",
        "201511": "17.36",
        "201512": "17.06",
        "201601": "16.76",
        "201602": "18.03",
        "201603": "18.83",
        "201604": "18.51",
        "201605": "18.07",
        "201606": "18.35",
        "201607": "18.59",
        "201608": "18.72",
        "201609": "17.64",
        "201610": "17.83",
        "201611": "17.70",
        "201612": "18.50",
        "201701": "20.47",
        "201702": "20.82",
        "201703": "20.65",
        "201704": "19.58",
        "201705": "19.04",
        "201706": "19.57",
        "201707": "20.58",
        "201708": "20.83",
        "201709": "21.49",
        "201710": "21.78",
        "201711": "21.15",
        "201712": "22.02",
        "201801": "21.93",
        "201802": "20.33",
        "201803": "20.57",
        "201804": "22.28",
        "201805": "20.99",
        "201806": "20.90",
        "201807": "21.14",
        "201808": "21.17",
        "201809": "20.38",
        "201810": "20.59",
        "201811": "20.37",
        "201812": "19.72",
        "201901": "19.58",
        "201902": "20.37",
        "201903": "20.41",
        "201904": "20.72",
        "201905": "20.93",
        "201906": "21.07",
        "201907": "21.14",
        "201908": "20.82",
        "201909": "20.34",
        "201910": "20.29",
        "201911": "21.05",
        "201912": "21.96",
        "202001": "26.25",
        "202002": "27.49",
        "202003": "23.12",
        "202004": "23.90",
        "202005": "27.14",
        "202006": "28.02",
        "202007": "29.19",
        "202008": "32.46",
        "202009": "47.61",
        "202010": "48.36",
        "202011": "50.70",
        "202012": "56.30",
        "202101": "47.58",
        "202102": "49.19",
        "202103": "53.12",
        "202104": "54.71",
        "202105": "49.31",
        "202106": "50.74",
        "202107": "49.91",
        "202108": "48.06",
        "202109": "46.68",
        "202110": "44.30",
        "202111": "43.79",
        "202112": "44.27",
        "202201": "43.74",
        "202202": "42.94",
        "202203": "49.16",
        "202204": "54.91",
        "202205": "49.99",
        "202206": "50.61",
        "202207": "54.83",
        "202208": "62.33",
        "202209": "63.70",
        "202210": "53.82",
        "202211": "54.30",
        "202212": "65.31",
        "202301": "73.18",
        "202302": "85.79",
        "202303": "96.29",
        "202304": "104.56",
        "202305": "108.91",
        "202306": "122.15",
        "202307": "124.86",
        "202308": "112.89",
        "202309": "105.34",
        "202310": "101.90",
        "202311": "105.66",
        "202312": "121.40"
    },
    "quarters": {
        "20011": {
            "year_quarter": 20011,
            "year": 2001,
            "quarter": 1,
            "eps": 0.47,
            "eps_growth_year": 0,
            "eps_4q": -1.04,
            "eps_4q_growth_year": -148.27,
            "roe": 3.67,
            "roe_4q": 3.67,
            "gross_profit": 557080,
            "gross_margin": 21.94,
            "gross_margin_4q_avg": 21.94,
            "net_income": 263293,
            "net_income_4q": null,
            "revenue": 2538890,
            "revenue_4q": null,
            "common_shares": 5233040,
            "book_valuer_per_share": 13.96,
            "book_valuer_per_share_4q_avg": 13.96,
            "equity": 7307361,
            "current_ratio": 166.96,
            "debt_ratio": 58.48,
            "inventory_turnover_ratio": 0.48,
            "account_receivable_turnover_ratio": null,
            "reinvestment_rate": null,
            "research_to_sale_ratio": null,
            "price_fair": 0,
            "eps_avg_yearly": 0,
            "eps_latest_yearly": 0,
            "eps_growth_yearly": 0
        },
        "20012": {
            "year_quarter": 20012,
            "year": 2001,
            "quarter": 2,
            "eps": 0.13,
            "eps_growth_year": -85.71,
            "eps_4q": -1.51,
            "eps_4q_growth_year": -159.42,
            "roe": 1.16,
            "roe_4q": 4.83,
            "gross_profit": 295235,
            "gross_margin": 13.33,
            "gross_margin_4q_avg": 17.64,
            "net_income": 81664,
            "net_income_4q": null,
            "revenue": 2215160,
            "revenue_4q": null,
            "common_shares": 5233040,
            "book_valuer_per_share": 12.86,
            "book_valuer_per_share_4q_avg": 13.41,
            "equity": 6731830,
            "current_ratio": 149.5,
            "debt_ratio": 61.48,
            "inventory_turnover_ratio": 0.52,
            "account_receivable_turnover_ratio": null,
            "reinvestment_rate": null,
            "research_to_sale_ratio": null,
            "price_fair": 0,
            "eps_avg_yearly": 0,
            "eps_latest_yearly": 0,
            "eps_growth_yearly": 0
        },
        "20013": {
            "year_quarter": 20013,
            "year": 2001,
            "quarter": 3,
            "eps": 0.11,
            "eps_growth_year": -68.57,
            "eps_4q": -1.69,
            "eps_4q_growth_year": -205.81,
            "roe": 1.06,
            "roe_4q": 5.89,
            "gross_profit": 430277,
            "gross_margin": 22.01,
            "gross_margin_4q_avg": 19.09,
            "net_income": 71133,
            "net_income_4q": null,
            "revenue": 1954983,
            "revenue_4q": null,
            "common_shares": 5233040,
            "book_valuer_per_share": 12.84,
            "book_valuer_per_share_4q_avg": 13.22,
            "equity": 6721743,
            "current_ratio": 149.34,
            "debt_ratio": 62.11,
            "inventory_turnover_ratio": 0.39,
            "account_receivable_turnover_ratio": null,
            "reinvestment_rate": null,
            "research_to_sale_ratio": null,
            "price_fair": 0,
            "eps_avg_yearly": 0,
            "eps_latest_yearly": 0,
            "eps_growth_yearly": 0
        },
        "20014": {
            "year_quarter": 20014,
            "year": 2001,
            "quarter": 4,
            "eps": 0.1,
            "eps_growth_year": null,
            "eps_4q": 0.7,
            "eps_4q_growth_year": null,
            "roe": 1.02,
            "roe_4q": 6.91,
            "gross_profit": 423994,
            "gross_margin": 15.43,
            "gross_margin_4q_avg": 18.18,
            "net_income": 68958,
            "net_income_4q": null,
            "revenue": 2747672,
            "revenue_4q": null,
            "common_shares": 5233040,
            "book_valuer_per_share": 13.08,
            "book_valuer_per_share_4q_avg": 13.19,
            "equity": 6845315,
            "current_ratio": 149.2,
            "debt_ratio": 62.42,
            "inventory_turnover_ratio": 0.68,
            "account_receivable_turnover_ratio": null,
            "reinvestment_rate": null,
            "research_to_sale_ratio": null,
            "price_fair": 0,
            "eps_avg_yearly": 0,
            "eps_latest_yearly": 0,
            "eps_growth_yearly": 0
        },
        "20021": {
            "year_quarter": 20021,
            "year": 2002,
            "quarter": 1,
            "eps": 0.31,
            "eps_growth_year": -34.04,
            "eps_4q": 0.71,
            "eps_4q_growth_year": null,
            "roe": 2.55,
            "roe_4q": 5.79,
            "gross_profit": 440979,
            "gross_margin": 22.55,
            "gross_margin_4q_avg": 18.33,
            "net_income": 173955,
            "net_income_4q": null,
            "revenue": 1955825,
            "revenue_4q": null,
            "common_shares": 5233040,
            "book_valuer_per_share": 13.01,
            "book_valuer_per_share_4q_avg": 12.95,
            "equity": 6809503,
            "current_ratio": 176.18,
            "debt_ratio": 51.67,
            "inventory_turnover_ratio": 0.62,
            "account_receivable_turnover_ratio": null,
            "reinvestment_rate": null,
            "research_to_sale_ratio": null,
            "price_fair": 43.4,
            "eps_avg_yearly": 1.24,
            "eps_latest_yearly": 1.24,
            "eps_growth_yearly": 840
        },
        "20022": {
            "year_quarter": 20022,
            "year": 2002,
            "quarter": 2,
            "eps": 0.26,
            "eps_growth_year": 100,
            "eps_4q": 0.82,
            "eps_4q_growth_year": null,
            "roe": 2.1,
            "roe_4q": 6.73,
            "gross_profit": 432313,
            "gross_margin": 20.75,
            "gross_margin_4q_avg": 20.19,
            "net_income": 144651,
            "net_income_4q": null,
            "revenue": 2083002,
            "revenue_4q": null,
            "common_shares": 5233040,
            "book_valuer_per_share": 13.3,
            "book_valuer_per_share_4q_avg": 13.06,
            "equity": 6962311,
            "current_ratio": 187.14,
            "debt_ratio": 48.56,
            "inventory_turnover_ratio": 0.8,
            "account_receivable_turnover_ratio": null,
            "reinvestment_rate": null,
            "research_to_sale_ratio": null,
            "price_fair": 39.9,
            "eps_avg_yearly": 1.14,
            "eps_latest_yearly": 1.04,
            "eps_growth_yearly": 387.74
        },
        "20023": {
            "year_quarter": 20023,
            "year": 2002,
            "quarter": 3,
            "eps": 0.18,
            "eps_growth_year": 63.64,
            "eps_4q": 0.84,
            "eps_4q_growth_year": null,
            "roe": 1.51,
            "roe_4q": 7.18,
            "gross_profit": 572724,
            "gross_margin": 29.05,
            "gross_margin_4q_avg": 21.95,
            "net_income": 105825,
            "net_income_4q": null,
            "revenue": 1971281,
            "revenue_4q": null,
            "common_shares": 5233040,
            "book_valuer_per_share": 13.51,
            "book_valuer_per_share_4q_avg": 13.23,
            "equity": 7070835,
            "current_ratio": 174.63,
            "debt_ratio": 46.14,
            "inventory_turnover_ratio": 0.75,
            "account_receivable_turnover_ratio": null,
            "reinvestment_rate": null,
            "research_to_sale_ratio": null,
            "price_fair": 35,
            "eps_avg_yearly": 1,
            "eps_latest_yearly": 0.72,
            "eps_growth_yearly": 217.47
        },
        "20024": {
            "year_quarter": 20024,
            "year": 2002,
            "quarter": 4,
            "eps": 0.37,
            "eps_growth_year": 270,
            "eps_4q": 1.19,
            "eps_4q_growth_year": 69.77,
            "roe": 2.84,
            "roe_4q": 9,
            "gross_profit": 539169,
            "gross_margin": 23.4,
            "gross_margin_4q_avg": 23.94,
            "net_income": 190554,
            "net_income_4q": null,
            "revenue": 2304062,
            "revenue_4q": null,
            "common_shares": 5149490,
            "book_valuer_per_share": 12.37,
            "book_valuer_per_share_4q_avg": 13.05,
            "equity": 6372054,
            "current_ratio": 154.94,
            "debt_ratio": 41.32,
            "inventory_turnover_ratio": 0.85,
            "account_receivable_turnover_ratio": null,
            "reinvestment_rate": -19.46,
            "research_to_sale_ratio": null,
            "price_fair": 39.2,
            "eps_avg_yearly": 1.12,
            "eps_latest_yearly": 1.48,
            "eps_growth_yearly": 268.66
        },
        "20031": {
            "year_quarter": 20031,
            "year": 2003,
            "quarter": 1,
            "eps": 0.22,
            "eps_growth_year": -29.03,
            "eps_4q": 1.09,
            "eps_4q_growth_year": 53.87,
            "roe": 1.77,
            "roe_4q": 8.219999999999999,
            "gross_profit": 341873,
            "gross_margin": 20.82,
            "gross_margin_4q_avg": 23.51,
            "net_income": 112160,
            "net_income_4q": null,
            "revenue": 1642235,
            "revenue_4q": null,
            "common_shares": 4949490,
            "book_valuer_per_share": 12.71,
            "book_valuer_per_share_4q_avg": 12.97,
            "equity": 6291768,
            "current_ratio": 162.22,
            "debt_ratio": 44.15,
            "inventory_turnover_ratio": 0.53,
            "account_receivable_turnover_ratio": null,
            "reinvestment_rate": -13.98,
            "research_to_sale_ratio": null,
            "price_fair": 37.52,
            "eps_avg_yearly": 1.07,
            "eps_latest_yearly": 0.88,
            "eps_growth_yearly": 182.49
        },
        "20032": {
            "year_quarter": 20032,
            "year": 2003,
            "quarter": 2,
            "eps": 0.6,
            "eps_growth_year": 130.77,
            "eps_4q": 1.47,
            "eps_4q_growth_year": 77.72,
            "roe": 4.64,
            "roe_4q": 10.76,
            "gross_profit": 709123,
            "gross_margin": 25.06,
            "gross_margin_4q_avg": 24.58,
            "net_income": 283306,
            "net_income_4q": null,
            "revenue": 2829313,
            "revenue_4q": null,
            "common_shares": 4949490,
            "book_valuer_per_share": 11.97,
            "book_valuer_per_share_4q_avg": 12.64,
            "equity": 5926848,
            "current_ratio": 149.25,
            "debt_ratio": 46.09,
            "inventory_turnover_ratio": 0.77,
            "account_receivable_turnover_ratio": null,
            "reinvestment_rate": -24.61,
            "research_to_sale_ratio": null,
            "price_fair": 45.27,
            "eps_avg_yearly": 1.29,
            "eps_latest_yearly": 2.4,
            "eps_growth_yearly": 267.23
        },
        "20033": {
            "year_quarter": 20033,
            "year": 2003,
            "quarter": 3,
            "eps": 0.47,
            "eps_growth_year": 161.11,
            "eps_4q": 1.82,
            "eps_4q_growth_year": 116.55,
            "roe": 3.46,
            "roe_4q": 12.709999999999999,
            "gross_profit": 451334,
            "gross_margin": 16.92,
            "gross_margin_4q_avg": 21.55,
            "net_income": 204428,
            "net_income_4q": null,
            "revenue": 2667195,
            "revenue_4q": null,
            "common_shares": 4949490,
            "book_valuer_per_share": 11.93,
            "book_valuer_per_share_4q_avg": 12.25,
            "equity": 5906444,
            "current_ratio": 149.02,
            "debt_ratio": 47.64,
            "inventory_turnover_ratio": 0.74,
            "account_receivable_turnover_ratio": null,
            "reinvestment_rate": -29.25,
            "research_to_sale_ratio": null,
            "price_fair": 48.2,
            "eps_avg_yearly": 1.38,
            "eps_latest_yearly": 1.88,
            "eps_growth_yearly": 216.67
        },
        "20034": {
            "year_quarter": 20034,
            "year": 2003,
            "quarter": 4,
            "eps": 0.25,
            "eps_growth_year": -32.43,
            "eps_4q": 1.61,
            "eps_4q_growth_year": 34.92,
            "roe": 1.85,
            "roe_4q": 11.719999999999999,
            "gross_profit": 262920,
            "gross_margin": 10.47,
            "gross_margin_4q_avg": 18.32,
            "net_income": 110184,
            "net_income_4q": null,
            "revenue": 2510762,
            "revenue_4q": null,
            "common_shares": 4949490,
            "book_valuer_per_share": 12.17,
            "book_valuer_per_share_4q_avg": 12.2,
            "equity": 6025526,
            "current_ratio": 141.92,
            "debt_ratio": 45.53,
            "inventory_turnover_ratio": 0.84,
            "account_receivable_turnover_ratio": null,
            "reinvestment_rate": -28.76,
            "research_to_sale_ratio": null,
            "price_fair": 46.55,
            "eps_avg_yearly": 1.33,
            "eps_latest_yearly": 1,
            "eps_growth_yearly": 166.18
        },
        "20041": {
            "year_quarter": 20041,
            "year": 2004,
            "quarter": 1,
            "eps": 0.33,
            "eps_growth_year": 50,
            "eps_4q": 1.67,
            "eps_4q_growth_year": 54.23,
            "roe": 2.41,
            "roe_4q": 12.36,
            "gross_profit": 371404,
            "gross_margin": 21.9,
            "gross_margin_4q_avg": 18.59,
            "net_income": 146865,
            "net_income_4q": null,
            "revenue": 1695815,
            "revenue_4q": null,
            "common_shares": 4949490,
            "book_valuer_per_share": 12.47,
            "book_valuer_per_share_4q_avg": 12.14,
            "equity": 6169756,
            "current_ratio": 159.01,
            "debt_ratio": 44.02,
            "inventory_turnover_ratio": 0.56,
            "account_receivable_turnover_ratio": null,
            "reinvestment_rate": -29.18,
            "research_to_sale_ratio": null,
            "price_fair": 46.51,
            "eps_avg_yearly": 1.33,
            "eps_latest_yearly": 1.32,
            "eps_growth_yearly": 161.94
        },
        "20042": {
            "year_quarter": 20042,
            "year": 2004,
            "quarter": 2,
            "eps": 0.86,
            "eps_growth_year": 43.33,
            "eps_4q": 1.92,
            "eps_4q_growth_year": 30.95,
            "roe": 6.16,
            "roe_4q": 13.879999999999999,
            "gross_profit": 795607,
            "gross_margin": 37.31,
            "gross_margin_4q_avg": 21.65,
            "net_income": 374877,
            "net_income_4q": null,
            "revenue": 2132229,
            "revenue_4q": null,
            "common_shares": 4949490,
            "book_valuer_per_share": 12.11,
            "book_valuer_per_share_4q_avg": 12.17,
            "equity": 5994063,
            "current_ratio": 144.68,
            "debt_ratio": 45.19,
            "inventory_turnover_ratio": 0.55,
            "account_receivable_turnover_ratio": null,
            "reinvestment_rate": -30.93,
            "research_to_sale_ratio": null,
            "price_fair": 53.9,
            "eps_avg_yearly": 1.54,
            "eps_latest_yearly": 3.44,
            "eps_growth_yearly": 209.99
        },
        "20043": {
            "year_quarter": 20043,
            "year": 2004,
            "quarter": 3,
            "eps": 0.49,
            "eps_growth_year": 4.26,
            "eps_4q": 1.94,
            "eps_4q_growth_year": 6.82,
            "roe": 3.55,
            "roe_4q": 13.97,
            "gross_profit": 401054,
            "gross_margin": 19.85,
            "gross_margin_4q_avg": 22.38,
            "net_income": 213373,
            "net_income_4q": null,
            "revenue": 2020665,
            "revenue_4q": null,
            "common_shares": 4949490,
            "book_valuer_per_share": 12.14,
            "book_valuer_per_share_4q_avg": 12.22,
            "equity": 6011027,
            "current_ratio": 170.07,
            "debt_ratio": 45.94,
            "inventory_turnover_ratio": 0.62,
            "account_receivable_turnover_ratio": null,
            "reinvestment_rate": -25.79,
            "research_to_sale_ratio": null,
            "price_fair": 55.24,
            "eps_avg_yearly": 1.58,
            "eps_latest_yearly": 1.96,
            "eps_growth_yearly": 175.26
        },
        "20044": {
            "year_quarter": 20044,
            "year": 2004,
            "quarter": 4,
            "eps": 0.39,
            "eps_growth_year": 56,
            "eps_4q": 2.09,
            "eps_4q_growth_year": 29.86,
            "roe": 2.76,
            "roe_4q": 14.879999999999999,
            "gross_profit": 394500,
            "gross_margin": 13.97,
            "gross_margin_4q_avg": 23.26,
            "net_income": 168426,
            "net_income_4q": null,
            "revenue": 2823952,
            "revenue_4q": null,
            "common_shares": 4800000,
            "book_valuer_per_share": 12.93,
            "book_valuer_per_share_4q_avg": 12.41,
            "equity": 6204400,
            "current_ratio": 160.07,
            "debt_ratio": 46.82,
            "inventory_turnover_ratio": 0.86,
            "account_receivable_turnover_ratio": null,
            "reinvestment_rate": -7.37,
            "research_to_sale_ratio": null,
            "price_fair": 55.18,
            "eps_avg_yearly": 1.58,
            "eps_latest_yearly": 1.56,
            "eps_growth_yearly": 153.85
        },
        "20051": {
            "year_quarter": 20051,
            "year": 2005,
            "quarter": 1,
            "eps": 0.31,
            "eps_growth_year": -6.06,
            "eps_4q": 2.09,
            "eps_4q_growth_year": 25.07,
            "roe": 2.11,
            "roe_4q": 14.579999999999998,
            "gross_profit": 358098,
            "gross_margin": 19.19,
            "gross_margin_4q_avg": 22.58,
            "net_income": 131554,
            "net_income_4q": null,
            "revenue": 1865797,
            "revenue_4q": null,
            "common_shares": 4800000,
            "book_valuer_per_share": 13,
            "book_valuer_per_share_4q_avg": 12.55,
            "equity": 6239143,
            "current_ratio": 154.58,
            "debt_ratio": 52.97,
            "inventory_turnover_ratio": 0.55,
            "account_receivable_turnover_ratio": null,
            "reinvestment_rate": -6.18,
            "research_to_sale_ratio": null,
            "price_fair": 54.28,
            "eps_avg_yearly": 1.55,
            "eps_latest_yearly": 1.24,
            "eps_growth_yearly": 135.7
        },
        "20052": {
            "year_quarter": 20052,
            "year": 2005,
            "quarter": 2,
            "eps": 0.58,
            "eps_growth_year": -32.56,
            "eps_4q": 1.88,
            "eps_4q_growth_year": -2.1,
            "roe": 3.86,
            "roe_4q": 12.280000000000001,
            "gross_profit": 559128,
            "gross_margin": 20.07,
            "gross_margin_4q_avg": 18.27,
            "net_income": 229334,
            "net_income_4q": null,
            "revenue": 2786109,
            "revenue_4q": null,
            "common_shares": 4800000,
            "book_valuer_per_share": 11.76,
            "book_valuer_per_share_4q_avg": 12.46,
            "equity": 5646777,
            "current_ratio": 142.09,
            "debt_ratio": 52.19,
            "inventory_turnover_ratio": 0.76,
            "account_receivable_turnover_ratio": null,
            "reinvestment_rate": -1.46,
            "research_to_sale_ratio": null,
            "price_fair": 56.2,
            "eps_avg_yearly": 1.61,
            "eps_latest_yearly": 2.32,
            "eps_growth_yearly": 150.89
        },
        "20053": {
            "year_quarter": 20053,
            "year": 2005,
            "quarter": 3,
            "eps": 1.02,
            "eps_growth_year": 108.16,
            "eps_4q": 2.35,
            "eps_4q_growth_year": 21.2,
            "roe": 6.89,
            "roe_4q": 15.62,
            "gross_profit": 771550,
            "gross_margin": 26.21,
            "gross_margin_4q_avg": 19.86,
            "net_income": 405114,
            "net_income_4q": null,
            "revenue": 2943451,
            "revenue_4q": null,
            "common_shares": 4800000,
            "book_valuer_per_share": 12.74,
            "book_valuer_per_share_4q_avg": 12.61,
            "equity": 6115908,
            "current_ratio": 172.91,
            "debt_ratio": 51.67,
            "inventory_turnover_ratio": 0.63,
            "account_receivable_turnover_ratio": null,
            "reinvestment_rate": 4.07,
            "research_to_sale_ratio": null,
            "price_fair": 61.97,
            "eps_avg_yearly": 1.77,
            "eps_latest_yearly": 4.08,
            "eps_growth_yearly": 161.06
        },
        "20054": {
            "year_quarter": 20054,
            "year": 2005,
            "quarter": 4,
            "eps": 0.48,
            "eps_growth_year": 23.08,
            "eps_4q": 2.41,
            "eps_4q_growth_year": 15.35,
            "roe": 3.06,
            "roe_4q": 15.919999999999998,
            "gross_profit": 579767,
            "gross_margin": 22.72,
            "gross_margin_4q_avg": 22.05,
            "net_income": 190179,
            "net_income_4q": null,
            "revenue": 2551575,
            "revenue_4q": null,
            "common_shares": 4800000,
            "book_valuer_per_share": 13.04,
            "book_valuer_per_share_4q_avg": 12.64,
            "equity": 6327537,
            "current_ratio": 133.48,
            "debt_ratio": 54.64,
            "inventory_turnover_ratio": 0.56,
            "account_receivable_turnover_ratio": null,
            "reinvestment_rate": 20.75,
            "research_to_sale_ratio": null,
            "price_fair": 62.3,
            "eps_avg_yearly": 1.78,
            "eps_latest_yearly": 1.92,
            "eps_growth_yearly": 137.76
        },
        "20061": {
            "year_quarter": 20061,
            "year": 2006,
            "quarter": 1,
            "eps": 0.43,
            "eps_growth_year": 38.71,
            "eps_4q": 2.33,
            "eps_4q_growth_year": 11.23,
            "roe": 2.78,
            "roe_4q": 16.59,
            "gross_profit": 582933,
            "gross_margin": 25.94,
            "gross_margin_4q_avg": 23.74,
            "net_income": 186821,
            "net_income_4q": null,
            "revenue": 2247010,
            "revenue_4q": null,
            "common_shares": 4800000,
            "book_valuer_per_share": 14.84,
            "book_valuer_per_share_4q_avg": 13.1,
            "equity": 7124217,
            "current_ratio": 144.5,
            "debt_ratio": 43.18,
            "inventory_turnover_ratio": 0.49,
            "account_receivable_turnover_ratio": null,
            "reinvestment_rate": 11.59,
            "research_to_sale_ratio": null,
            "price_fair": 63.35,
            "eps_avg_yearly": 1.81,
            "eps_latest_yearly": 1.72,
            "eps_growth_yearly": 82.66
        },
        "20062": {
            "year_quarter": 20062,
            "year": 2006,
            "quarter": 2,
            "eps": 0.49,
            "eps_growth_year": -15.52,
            "eps_4q": 2.32,
            "eps_4q_growth_year": 23.35,
            "roe": 3.12,
            "roe_4q": 15.850000000000001,
            "gross_profit": 583820,
            "gross_margin": 25.07,
            "gross_margin_4q_avg": 24.99,
            "net_income": 209782,
            "net_income_4q": null,
            "revenue": 2328521,
            "revenue_4q": null,
            "common_shares": 4800000,
            "book_valuer_per_share": 13.19,
            "book_valuer_per_share_4q_avg": 13.45,
            "equity": 6329221,
            "current_ratio": 122.71,
            "debt_ratio": 50.03,
            "inventory_turnover_ratio": 0.51,
            "account_receivable_turnover_ratio": null,
            "reinvestment_rate": 13.4,
            "research_to_sale_ratio": null,
            "price_fair": 65.36,
            "eps_avg_yearly": 1.87,
            "eps_latest_yearly": 1.96,
            "eps_growth_yearly": 90.18
        },
        "20063": {
            "year_quarter": 20063,
            "year": 2006,
            "quarter": 3,
            "eps": 0.47,
            "eps_growth_year": -53.92,
            "eps_4q": 1.82,
            "eps_4q_growth_year": -22.53,
            "roe": 3.15,
            "roe_4q": 12.11,
            "gross_profit": 405936,
            "gross_margin": 16.18,
            "gross_margin_4q_avg": 22.48,
            "net_income": 203893,
            "net_income_4q": null,
            "revenue": 2508982,
            "revenue_4q": null,
            "common_shares": 4800000,
            "book_valuer_per_share": 13.82,
            "book_valuer_per_share_4q_avg": 13.72,
            "equity": 6631204,
            "current_ratio": 130.98,
            "debt_ratio": 49.75,
            "inventory_turnover_ratio": 0.58,
            "account_receivable_turnover_ratio": null,
            "reinvestment_rate": 14.6,
            "research_to_sale_ratio": null,
            "price_fair": 67.9,
            "eps_avg_yearly": 1.94,
            "eps_latest_yearly": 1.88,
            "eps_growth_yearly": 96.85
        },
        "20064": {
            "year_quarter": 20064,
            "year": 2006,
            "quarter": 4,
            "eps": 0.57,
            "eps_growth_year": 18.75,
            "eps_4q": 1.97,
            "eps_4q_growth_year": -18.34,
            "roe": 3.54,
            "roe_4q": 12.589999999999998,
            "gross_profit": 628616,
            "gross_margin": 21.42,
            "gross_margin_4q_avg": 22.15,
            "net_income": 244371,
            "net_income_4q": null,
            "revenue": 2934397,
            "revenue_4q": null,
            "common_shares": 4800000,
            "book_valuer_per_share": 14.55,
            "book_valuer_per_share_4q_avg": 14.1,
            "equity": 7157912,
            "current_ratio": 143.42,
            "debt_ratio": 50.59,
            "inventory_turnover_ratio": 0.55,
            "account_receivable_turnover_ratio": null,
            "reinvestment_rate": 34.83,
            "research_to_sale_ratio": null,
            "price_fair": 69.65,
            "eps_avg_yearly": 1.99,
            "eps_latest_yearly": 2.28,
            "eps_growth_yearly": 75.78
        },
        "20071": {
            "year_quarter": 20071,
            "year": 2007,
            "quarter": 1,
            "eps": 0.66,
            "eps_growth_year": 53.49,
            "eps_4q": 2.19,
            "eps_4q_growth_year": -6.13,
            "roe": 3.95,
            "roe_4q": 13.760000000000002,
            "gross_profit": 518643,
            "gross_margin": 20.21,
            "gross_margin_4q_avg": 20.72,
            "net_income": 284743,
            "net_income_4q": null,
            "revenue": 2565844,
            "revenue_4q": null,
            "common_shares": 4800000,
            "book_valuer_per_share": 15.15,
            "book_valuer_per_share_4q_avg": 14.18,
            "equity": 7274263,
            "current_ratio": 144.64,
            "debt_ratio": 47.39,
            "inventory_turnover_ratio": 0.47,
            "account_receivable_turnover_ratio": null,
            "reinvestment_rate": 13.92,
            "research_to_sale_ratio": null,
            "price_fair": 73.5,
            "eps_avg_yearly": 2.1,
            "eps_latest_yearly": 2.64,
            "eps_growth_yearly": 89.86
        },
        "20072": {
            "year_quarter": 20072,
            "year": 2007,
            "quarter": 2,
            "eps": 0.53,
            "eps_growth_year": 8.16,
            "eps_4q": 2.1,
            "eps_4q_growth_year": -9.56,
            "roe": 3.48,
            "roe_4q": 14.12,
            "gross_profit": 510629,
            "gross_margin": 19.77,
            "gross_margin_4q_avg": 19.4,
            "net_income": 248174,
            "net_income_4q": null,
            "revenue": 2582653,
            "revenue_4q": null,
            "common_shares": 4800000,
            "book_valuer_per_share": 14.52,
            "book_valuer_per_share_4q_avg": 14.51,
            "equity": 6968290,
            "current_ratio": 132.05,
            "debt_ratio": 52.34,
            "inventory_turnover_ratio": 0.5,
            "account_receivable_turnover_ratio": null,
            "reinvestment_rate": 14.36,
            "research_to_sale_ratio": null,
            "price_fair": 72.89,
            "eps_avg_yearly": 2.08,
            "eps_latest_yearly": 2.12,
            "eps_growth_yearly": 41.76
        },
        "20073": {
            "year_quarter": 20073,
            "year": 2007,
            "quarter": 3,
            "eps": 0.55,
            "eps_growth_year": 17.02,
            "eps_4q": 2.2,
            "eps_4q_growth_year": 20.51,
            "roe": 3.66,
            "roe_4q": 14.629999999999999,
            "gross_profit": 442551,
            "gross_margin": 17.38,
            "gross_margin_4q_avg": 19.7,
            "net_income": 259664,
            "net_income_4q": null,
            "revenue": 2545664,
            "revenue_4q": null,
            "common_shares": 4800000,
            "book_valuer_per_share": 15.03,
            "book_valuer_per_share_4q_avg": 14.81,
            "equity": 7215550,
            "current_ratio": 143.43,
            "debt_ratio": 50.05,
            "inventory_turnover_ratio": 0.49,
            "account_receivable_turnover_ratio": null,
            "reinvestment_rate": 14.73,
            "research_to_sale_ratio": null,
            "price_fair": 73.59,
            "eps_avg_yearly": 2.1,
            "eps_latest_yearly": 2.2,
            "eps_growth_yearly": 48.12
        },
        "20074": {
            "year_quarter": 20074,
            "year": 2007,
            "quarter": 4,
            "eps": 0.16,
            "eps_growth_year": -71.93,
            "eps_4q": 1.81,
            "eps_4q_growth_year": -8.32,
            "roe": 1.04,
            "roe_4q": 12.129999999999999,
            "gross_profit": 473372,
            "gross_margin": 18.98,
            "gross_margin_4q_avg": 19.09,
            "net_income": 77009,
            "net_income_4q": null,
            "revenue": 2494351,
            "revenue_4q": null,
            "common_shares": 4800000,
            "book_valuer_per_share": 15.29,
            "book_valuer_per_share_4q_avg": 15,
            "equity": 7599073,
            "current_ratio": 149.88,
            "debt_ratio": 48.06,
            "inventory_turnover_ratio": 0.45,
            "account_receivable_turnover_ratio": null,
            "reinvestment_rate": 46.09,
            "research_to_sale_ratio": null,
            "price_fair": 72.8,
            "eps_avg_yearly": 2.08,
            "eps_latest_yearly": 0.64,
            "eps_growth_yearly": 42.09
        },
        "20081": {
            "year_quarter": 20081,
            "year": 2008,
            "quarter": 1,
            "eps": 0.39,
            "eps_growth_year": -40.91,
            "eps_4q": 1.58,
            "eps_4q_growth_year": -27.65,
            "roe": 2.47,
            "roe_4q": 10.65,
            "gross_profit": 528679,
            "gross_margin": 19.5,
            "gross_margin_4q_avg": 18.91,
            "net_income": 188938,
            "net_income_4q": null,
            "revenue": 2710500,
            "revenue_4q": null,
            "common_shares": 4800000,
            "book_valuer_per_share": 15.5,
            "book_valuer_per_share_4q_avg": 15.09,
            "equity": 7709751,
            "current_ratio": 161.05,
            "debt_ratio": 47.77,
            "inventory_turnover_ratio": 0.47,
            "account_receivable_turnover_ratio": null,
            "reinvestment_rate": 45.77,
            "research_to_sale_ratio": null,
            "price_fair": 73.33,
            "eps_avg_yearly": 2.1,
            "eps_latest_yearly": 1.56,
            "eps_growth_yearly": 70.03
        },
        "20082": {
            "year_quarter": 20082,
            "year": 2008,
            "quarter": 2,
            "eps": 0.4,
            "eps_growth_year": -24.53,
            "eps_4q": 1.52,
            "eps_4q_growth_year": -27.29,
            "roe": 2.49,
            "roe_4q": 9.66,
            "gross_profit": 487985,
            "gross_margin": 16.83,
            "gross_margin_4q_avg": 18.17,
            "net_income": 185179,
            "net_income_4q": null,
            "revenue": 2899685,
            "revenue_4q": null,
            "common_shares": 4800000,
            "book_valuer_per_share": 14.32,
            "book_valuer_per_share_4q_avg": 15.04,
            "equity": 7137682,
            "current_ratio": 136.25,
            "debt_ratio": 50.76,
            "inventory_turnover_ratio": 0.53,
            "account_receivable_turnover_ratio": null,
            "reinvestment_rate": 48.78,
            "research_to_sale_ratio": null,
            "price_fair": 69.3,
            "eps_avg_yearly": 1.98,
            "eps_latest_yearly": 1.6,
            "eps_growth_yearly": 30.52
        },
        "20083": {
            "year_quarter": 20083,
            "year": 2008,
            "quarter": 3,
            "eps": 0.3,
            "eps_growth_year": -45.45,
            "eps_4q": 1.24,
            "eps_4q_growth_year": -43.33,
            "roe": 1.94,
            "roe_4q": 7.94,
            "gross_profit": 545846,
            "gross_margin": 18.19,
            "gross_margin_4q_avg": 18.38,
            "net_income": 141246,
            "net_income_4q": null,
            "revenue": 3001556,
            "revenue_4q": null,
            "common_shares": 4800000,
            "book_valuer_per_share": 14.82,
            "book_valuer_per_share_4q_avg": 14.98,
            "equity": 7392995,
            "current_ratio": 141.96,
            "debt_ratio": 49.67,
            "inventory_turnover_ratio": 0.54,
            "account_receivable_turnover_ratio": null,
            "reinvestment_rate": 49.84,
            "research_to_sale_ratio": null,
            "price_fair": 67.64,
            "eps_avg_yearly": 1.93,
            "eps_latest_yearly": 1.2,
            "eps_growth_yearly": 35.02
        },
        "20084": {
            "year_quarter": 20084,
            "year": 2008,
            "quarter": 4,
            "eps": -0.06,
            "eps_growth_year": -137.5,
            "eps_4q": 1.02,
            "eps_4q_growth_year": -43.32,
            "roe": -0.5,
            "roe_4q": 6.4,
            "gross_profit": 302657,
            "gross_margin": 10.31,
            "gross_margin_4q_avg": 16.21,
            "net_income": -37136,
            "net_income_4q": null,
            "revenue": 2935407,
            "revenue_4q": null,
            "common_shares": 4800000,
            "book_valuer_per_share": 14.78,
            "book_valuer_per_share_4q_avg": 14.86,
            "equity": 7363737,
            "current_ratio": 128.92,
            "debt_ratio": 50.98,
            "inventory_turnover_ratio": 0.6,
            "account_receivable_turnover_ratio": 3.75,
            "reinvestment_rate": 53.2,
            "research_to_sale_ratio": null,
            "price_fair": 68.51,
            "eps_avg_yearly": 1.96,
            "eps_latest_yearly": 1.2,
            "eps_growth_yearly": 42.8
        },
        "20091": {
            "year_quarter": 20091,
            "year": 2009,
            "quarter": 1,
            "eps": 0.29,
            "eps_growth_year": -25.64,
            "eps_4q": 0.98,
            "eps_4q_growth_year": -37.98,
            "roe": 1.72,
            "roe_4q": 5.65,
            "gross_profit": 420697,
            "gross_margin": 19.17,
            "gross_margin_4q_avg": 16.13,
            "net_income": 128811,
            "net_income_4q": null,
            "revenue": 2194924,
            "revenue_4q": null,
            "common_shares": 4800000,
            "book_valuer_per_share": 15.36,
            "book_valuer_per_share_4q_avg": 14.82,
            "equity": 7640212,
            "current_ratio": 138.81,
            "debt_ratio": 50.57,
            "inventory_turnover_ratio": 0.42,
            "account_receivable_turnover_ratio": 1.54,
            "reinvestment_rate": 53.64,
            "research_to_sale_ratio": null,
            "price_fair": 70.3,
            "eps_avg_yearly": 2.01,
            "eps_latest_yearly": 1.2,
            "eps_growth_yearly": 51.72
        },
        "20092": {
            "year_quarter": 20092,
            "year": 2009,
            "quarter": 2,
            "eps": 0.57,
            "eps_growth_year": 42.5,
            "eps_4q": 1.13,
            "eps_4q_growth_year": -25.95,
            "roe": 3.43,
            "roe_4q": 6.59,
            "gross_profit": 621149,
            "gross_margin": 22.57,
            "gross_margin_4q_avg": 17.56,
            "net_income": 260282,
            "net_income_4q": null,
            "revenue": 2752500,
            "revenue_4q": null,
            "common_shares": 4800000,
            "book_valuer_per_share": 15.18,
            "book_valuer_per_share_4q_avg": 15.04,
            "equity": 7547344,
            "current_ratio": 141.02,
            "debt_ratio": 51.79,
            "inventory_turnover_ratio": 0.51,
            "account_receivable_turnover_ratio": 2.11,
            "reinvestment_rate": 49.17,
            "research_to_sale_ratio": null,
            "price_fair": 70.2,
            "eps_avg_yearly": 2.01,
            "eps_latest_yearly": 2.28,
            "eps_growth_yearly": 54.42
        },
        "20093": {
            "year_quarter": 20093,
            "year": 2009,
            "quarter": 3,
            "eps": 0.07,
            "eps_growth_year": -76.67,
            "eps_4q": 1.26,
            "eps_4q_growth_year": 0.94,
            "roe": -0.29,
            "roe_4q": 4.36,
            "gross_profit": 321796,
            "gross_margin": 11.96,
            "gross_margin_4q_avg": 16,
            "net_income": -22684,
            "net_income_4q": null,
            "revenue": 2690975,
            "revenue_4q": null,
            "common_shares": 4800000,
            "book_valuer_per_share": 15.37,
            "book_valuer_per_share_4q_avg": 15.17,
            "equity": 7913216,
            "current_ratio": 148.06,
            "debt_ratio": 47.69,
            "inventory_turnover_ratio": 0.64,
            "account_receivable_turnover_ratio": 1.92,
            "reinvestment_rate": 60.8,
            "research_to_sale_ratio": null,
            "price_fair": 30.67,
            "eps_avg_yearly": 1.73,
            "eps_latest_yearly": 0.28,
            "eps_growth_yearly": 7.68
        },
        "20094": {
            "year_quarter": 20094,
            "year": 2009,
            "quarter": 4,
            "eps": 0.24,
            "eps_growth_year": null,
            "eps_4q": 1.17,
            "eps_4q_growth_year": 14.24,
            "roe": 2,
            "roe_4q": 6.86,
            "gross_profit": 468619,
            "gross_margin": 18.82,
            "gross_margin_4q_avg": 18.13,
            "net_income": 161171,
            "net_income_4q": null,
            "revenue": 2489483,
            "revenue_4q": null,
            "common_shares": 4800000,
            "book_valuer_per_share": 15.96,
            "book_valuer_per_share_4q_avg": 15.47,
            "equity": 8163325,
            "current_ratio": 153.36,
            "debt_ratio": 45.36,
            "inventory_turnover_ratio": 0.7,
            "account_receivable_turnover_ratio": 3.52,
            "reinvestment_rate": 88.76,
            "research_to_sale_ratio": null,
            "price_fair": 58.3,
            "eps_avg_yearly": 1.67,
            "eps_latest_yearly": 0.96,
            "eps_growth_yearly": 92.2
        },
        "20101": {
            "year_quarter": 20101,
            "year": 2010,
            "quarter": 1,
            "eps": 0.2,
            "eps_growth_year": -31.03,
            "eps_4q": 1.08,
            "eps_4q_growth_year": 10.42,
            "roe": 1.27,
            "roe_4q": 6.41,
            "gross_profit": 442071,
            "gross_margin": 21.55,
            "gross_margin_4q_avg": 18.73,
            "net_income": 103738,
            "net_income_4q": null,
            "revenue": 2051274,
            "revenue_4q": null,
            "common_shares": 4800000,
            "book_valuer_per_share": 15.9,
            "book_valuer_per_share_4q_avg": 15.6,
            "equity": 8140210,
            "current_ratio": 161.31,
            "debt_ratio": 45.95,
            "inventory_turnover_ratio": 0.67,
            "account_receivable_turnover_ratio": 1.52,
            "reinvestment_rate": 102.95,
            "research_to_sale_ratio": 3.9,
            "price_fair": 56,
            "eps_avg_yearly": 1.6,
            "eps_latest_yearly": 0.8,
            "eps_growth_yearly": 90.41
        },
        "20102": {
            "year_quarter": 20102,
            "year": 2010,
            "quarter": 2,
            "eps": 0.32,
            "eps_growth_year": -44.12,
            "eps_4q": 0.83,
            "eps_4q_growth_year": -26.25,
            "roe": 1.78,
            "roe_4q": 4.76,
            "gross_profit": 551200,
            "gross_margin": 16.98,
            "gross_margin_4q_avg": 17.33,
            "net_income": 141975,
            "net_income_4q": null,
            "revenue": 3247019,
            "revenue_4q": null,
            "common_shares": 4800000,
            "book_valuer_per_share": 15.15,
            "book_valuer_per_share_4q_avg": 15.6,
            "equity": 7786239,
            "current_ratio": 156.04,
            "debt_ratio": 44.83,
            "inventory_turnover_ratio": 1.09,
            "account_receivable_turnover_ratio": 2.65,
            "reinvestment_rate": 98.34,
            "research_to_sale_ratio": 2.38,
            "price_fair": 54.3,
            "eps_avg_yearly": 1.55,
            "eps_latest_yearly": 1.28,
            "eps_growth_yearly": 103.57
        },
        "20103": {
            "year_quarter": 20103,
            "year": 2010,
            "quarter": 3,
            "eps": 0.41,
            "eps_growth_year": 482.85,
            "eps_4q": 1.17,
            "eps_4q_growth_year": -6.76,
            "roe": 2.49,
            "roe_4q": 7.540000000000001,
            "gross_profit": 471354,
            "gross_margin": 20.29,
            "gross_margin_4q_avg": 19.41,
            "net_income": 196561,
            "net_income_4q": null,
            "revenue": 2323403,
            "revenue_4q": null,
            "common_shares": 4800000,
            "book_valuer_per_share": 15.54,
            "book_valuer_per_share_4q_avg": 15.64,
            "equity": 7974239,
            "current_ratio": 158.87,
            "debt_ratio": 44.88,
            "inventory_turnover_ratio": 0.69,
            "account_receivable_turnover_ratio": 1.9,
            "reinvestment_rate": 99.01,
            "research_to_sale_ratio": 3.4,
            "price_fair": 53.7,
            "eps_avg_yearly": 1.53,
            "eps_latest_yearly": 1.64,
            "eps_growth_yearly": 112.77
        },
        "20104": {
            "year_quarter": 20104,
            "year": 2010,
            "quarter": 4,
            "eps": 0.23,
            "eps_growth_year": -5.45,
            "eps_4q": 1.16,
            "eps_4q_growth_year": -1.11,
            "roe": 1.08,
            "roe_4q": 6.620000000000001,
            "gross_profit": 442680,
            "gross_margin": 16.5,
            "gross_margin_4q_avg": 18.83,
            "net_income": 85271,
            "net_income_4q": null,
            "revenue": 2682530,
            "revenue_4q": null,
            "common_shares": 4800000,
            "book_valuer_per_share": 15.35,
            "book_valuer_per_share_4q_avg": 15.49,
            "equity": 7850298,
            "current_ratio": 174.81,
            "debt_ratio": 41.58,
            "inventory_turnover_ratio": 0.81,
            "account_receivable_turnover_ratio": 2.14,
            "reinvestment_rate": 69.17,
            "research_to_sale_ratio": 2.8,
            "price_fair": 50.3,
            "eps_avg_yearly": 1.44,
            "eps_latest_yearly": 0.92,
            "eps_growth_yearly": 94.15
        },
        "20111": {
            "year_quarter": 20111,
            "year": 2011,
            "quarter": 1,
            "eps": 0.13,
            "eps_growth_year": -35,
            "eps_4q": 1.09,
            "eps_4q_growth_year": 0.37,
            "roe": 0.65,
            "roe_4q": 6.000000000000001,
            "gross_profit": 349805,
            "gross_margin": 15.43,
            "gross_margin_4q_avg": 17.3,
            "net_income": 51575,
            "net_income_4q": null,
            "revenue": 2267019,
            "revenue_4q": null,
            "common_shares": 4800000,
            "book_valuer_per_share": 15.57,
            "book_valuer_per_share_4q_avg": 15.4,
            "equity": 7945385,
            "current_ratio": 182.11,
            "debt_ratio": 41.27,
            "inventory_turnover_ratio": 0.74,
            "account_receivable_turnover_ratio": 1.92,
            "reinvestment_rate": 107.76,
            "research_to_sale_ratio": 3.64,
            "price_fair": 45,
            "eps_avg_yearly": 1.29,
            "eps_latest_yearly": 0.52,
            "eps_growth_yearly": 77.21
        },
        "20112": {
            "year_quarter": 20112,
            "year": 2011,
            "quarter": 2,
            "eps": 0.39,
            "eps_growth_year": 21.57,
            "eps_4q": 1.16,
            "eps_4q_growth_year": 38.85,
            "roe": 2.47,
            "roe_4q": 6.69,
            "gross_profit": 579549,
            "gross_margin": 21.1,
            "gross_margin_4q_avg": 18.33,
            "net_income": 187026,
            "net_income_4q": null,
            "revenue": 2746392,
            "revenue_4q": null,
            "common_shares": 4800000,
            "book_valuer_per_share": 14.85,
            "book_valuer_per_share_4q_avg": 15.33,
            "equity": 7208295,
            "current_ratio": 158.77,
            "debt_ratio": 46.87,
            "inventory_turnover_ratio": 0.87,
            "account_receivable_turnover_ratio": 2.09,
            "reinvestment_rate": 104.38,
            "research_to_sale_ratio": 2.81,
            "price_fair": 43.6,
            "eps_avg_yearly": 1.25,
            "eps_latest_yearly": 1.56,
            "eps_growth_yearly": 139.98
        },
        "20113": {
            "year_quarter": 20113,
            "year": 2011,
            "quarter": 3,
            "eps": 0.51,
            "eps_growth_year": 25.93,
            "eps_4q": 1.26,
            "eps_4q_growth_year": 7.66,
            "roe": 3.28,
            "roe_4q": 7.48,
            "gross_profit": 630171,
            "gross_margin": 27.55,
            "gross_margin_4q_avg": 20.15,
            "net_income": 243920,
            "net_income_4q": null,
            "revenue": 2287006,
            "revenue_4q": null,
            "common_shares": 4800000,
            "book_valuer_per_share": 15.75,
            "book_valuer_per_share_4q_avg": 15.38,
            "equity": 7643362,
            "current_ratio": 170.08,
            "debt_ratio": 43.81,
            "inventory_turnover_ratio": 0.63,
            "account_receivable_turnover_ratio": 1.63,
            "reinvestment_rate": 101.94,
            "research_to_sale_ratio": 3.08,
            "price_fair": 43.2,
            "eps_avg_yearly": 1.23,
            "eps_latest_yearly": 2.04,
            "eps_growth_yearly": 147.7
        },
        "20114": {
            "year_quarter": 20114,
            "year": 2011,
            "quarter": 4,
            "eps": 0.18,
            "eps_growth_year": -19.01,
            "eps_4q": 1.22,
            "eps_4q_growth_year": 5.29,
            "roe": 1.12,
            "roe_4q": 7.520000000000001,
            "gross_profit": 327377,
            "gross_margin": 13.22,
            "gross_margin_4q_avg": 19.33,
            "net_income": 85819,
            "net_income_4q": null,
            "revenue": 2476446,
            "revenue_4q": null,
            "common_shares": 4800000,
            "book_valuer_per_share": 15.85,
            "book_valuer_per_share_4q_avg": 15.51,
            "equity": 7692568,
            "current_ratio": 159.02,
            "debt_ratio": 41.7,
            "inventory_turnover_ratio": 0.78,
            "account_receivable_turnover_ratio": 1.71,
            "reinvestment_rate": 50,
            "research_to_sale_ratio": 2.34,
            "price_fair": 43.4,
            "eps_avg_yearly": 1.24,
            "eps_latest_yearly": 0.72,
            "eps_growth_yearly": 149.47
        },
        "20121": {
            "year_quarter": 20121,
            "year": 2012,
            "quarter": 1,
            "eps": 0.28,
            "eps_growth_year": 115.38,
            "eps_4q": 1.37,
            "eps_4q_growth_year": 25.77,
            "roe": 1.67,
            "roe_4q": 8.540000000000001,
            "gross_profit": 474845,
            "gross_margin": 19.57,
            "gross_margin_4q_avg": 20.36,
            "net_income": 129491,
            "net_income_4q": null,
            "revenue": 2426504,
            "revenue_4q": null,
            "common_shares": 4800000,
            "book_valuer_per_share": 16.12,
            "book_valuer_per_share_4q_avg": 15.64,
            "equity": 7812547,
            "current_ratio": 166.73,
            "debt_ratio": 39.65,
            "inventory_turnover_ratio": 0.76,
            "account_receivable_turnover_ratio": 1.81,
            "reinvestment_rate": 52.08,
            "research_to_sale_ratio": 2.66,
            "price_fair": 42.3,
            "eps_avg_yearly": 1.21,
            "eps_latest_yearly": 1.12,
            "eps_growth_yearly": 124.27
        },
        "20122": {
            "year_quarter": 20122,
            "year": 2012,
            "quarter": 2,
            "eps": 0.26,
            "eps_growth_year": -32.97,
            "eps_4q": 1.24,
            "eps_4q_growth_year": 7.24,
            "roe": 1.67,
            "roe_4q": 7.74,
            "gross_profit": 432301,
            "gross_margin": 20.6,
            "gross_margin_4q_avg": 20.24,
            "net_income": 127466,
            "net_income_4q": null,
            "revenue": 2098295,
            "revenue_4q": null,
            "common_shares": 4800000,
            "book_valuer_per_share": 15.37,
            "book_valuer_per_share_4q_avg": 15.77,
            "equity": 7466425,
            "current_ratio": 149.96,
            "debt_ratio": 45.08,
            "inventory_turnover_ratio": 0.68,
            "account_receivable_turnover_ratio": 1.8,
            "reinvestment_rate": 52.67,
            "research_to_sale_ratio": 3.79,
            "price_fair": 40.9,
            "eps_avg_yearly": 1.17,
            "eps_latest_yearly": 1.04,
            "eps_growth_yearly": 121.5
        },
        "20123": {
            "year_quarter": 20123,
            "year": 2012,
            "quarter": 3,
            "eps": 0.4,
            "eps_growth_year": -21.27,
            "eps_4q": 1.13,
            "eps_4q_growth_year": -10.42,
            "roe": 2.54,
            "roe_4q": 7,
            "gross_profit": 513225,
            "gross_margin": 21.33,
            "gross_margin_4q_avg": 18.68,
            "net_income": 191643,
            "net_income_4q": null,
            "revenue": 2406532,
            "revenue_4q": null,
            "common_shares": 4800000,
            "book_valuer_per_share": 15.67,
            "book_valuer_per_share_4q_avg": 15.75,
            "equity": 7624693,
            "current_ratio": 149.44,
            "debt_ratio": 44.24,
            "inventory_turnover_ratio": 0.74,
            "account_receivable_turnover_ratio": 2.04,
            "reinvestment_rate": 47.03,
            "research_to_sale_ratio": 2.7,
            "price_fair": 41.9,
            "eps_avg_yearly": 1.2,
            "eps_latest_yearly": 1.6,
            "eps_growth_yearly": 144.03
        },
        "20124": {
            "year_quarter": 20124,
            "year": 2012,
            "quarter": 4,
            "eps": 0.22,
            "eps_growth_year": 17.85,
            "eps_4q": 1.16,
            "eps_4q_growth_year": -4.55,
            "roe": 1.27,
            "roe_4q": 7.15,
            "gross_profit": 540602,
            "gross_margin": 19.38,
            "gross_margin_4q_avg": 20.22,
            "net_income": 97283,
            "net_income_4q": null,
            "revenue": 2788779,
            "revenue_4q": null,
            "common_shares": 4800000,
            "book_valuer_per_share": 15.8,
            "book_valuer_per_share_4q_avg": 15.74,
            "equity": 7685293,
            "current_ratio": 153.46,
            "debt_ratio": 44.07,
            "inventory_turnover_ratio": 0.8,
            "account_receivable_turnover_ratio": 2.33,
            "reinvestment_rate": 35.81,
            "research_to_sale_ratio": 2.36,
            "price_fair": 41.16,
            "eps_avg_yearly": 1.18,
            "eps_latest_yearly": 0.88,
            "eps_growth_yearly": 122.42
        },
        "20131": {
            "year_quarter": 20131,
            "year": 2013,
            "quarter": 1,
            "eps": 0.23,
            "eps_growth_year": -17.86,
            "eps_4q": 1.11,
            "eps_4q_growth_year": -18.5,
            "roe": 1.42,
            "roe_4q": 6.9,
            "gross_profit": 369781,
            "gross_margin": 16.76,
            "gross_margin_4q_avg": 19.52,
            "net_income": 109528,
            "net_income_4q": null,
            "revenue": 2206385,
            "revenue_4q": null,
            "common_shares": 4800000,
            "book_valuer_per_share": 15.98,
            "book_valuer_per_share_4q_avg": 15.71,
            "equity": 7775299,
            "current_ratio": 156.74,
            "debt_ratio": 45.2,
            "inventory_turnover_ratio": 0.61,
            "account_receivable_turnover_ratio": 1.64,
            "reinvestment_rate": 10.76,
            "research_to_sale_ratio": 2.32,
            "price_fair": 40.6,
            "eps_avg_yearly": 1.16,
            "eps_latest_yearly": 0.92,
            "eps_growth_yearly": 115.91
        },
        "20132": {
            "year_quarter": 20132,
            "year": 2013,
            "quarter": 2,
            "eps": 0.31,
            "eps_growth_year": 19.45,
            "eps_4q": 1.16,
            "eps_4q_growth_year": -6,
            "roe": 1.85,
            "roe_4q": 7.08,
            "gross_profit": 519030,
            "gross_margin": 21.29,
            "gross_margin_4q_avg": 19.69,
            "net_income": 141103,
            "net_income_4q": null,
            "revenue": 2438132,
            "revenue_4q": null,
            "common_shares": 4800000,
            "book_valuer_per_share": 15.43,
            "book_valuer_per_share_4q_avg": 15.72,
            "equity": 7515938,
            "current_ratio": 150.17,
            "debt_ratio": 50.14,
            "inventory_turnover_ratio": 0.6,
            "account_receivable_turnover_ratio": 1.53,
            "reinvestment_rate": 12.84,
            "research_to_sale_ratio": 2.34,
            "price_fair": 38.33,
            "eps_avg_yearly": 1.1,
            "eps_latest_yearly": 1.24,
            "eps_growth_yearly": 100.47
        },
        "20133": {
            "year_quarter": 20133,
            "year": 2013,
            "quarter": 3,
            "eps": 0.19,
            "eps_growth_year": -53.03,
            "eps_4q": 0.95,
            "eps_4q_growth_year": -16.25,
            "roe": 1.14,
            "roe_4q": 5.68,
            "gross_profit": 380459,
            "gross_margin": 14.56,
            "gross_margin_4q_avg": 18,
            "net_income": 86229,
            "net_income_4q": null,
            "revenue": 2612670,
            "revenue_4q": null,
            "common_shares": 4800000,
            "book_valuer_per_share": 15.59,
            "book_valuer_per_share_4q_avg": 15.7,
            "equity": 7579298,
            "current_ratio": 149.51,
            "debt_ratio": 48.46,
            "inventory_turnover_ratio": 0.72,
            "account_receivable_turnover_ratio": 1.44,
            "reinvestment_rate": 4.57,
            "research_to_sale_ratio": 3.25,
            "price_fair": 39.38,
            "eps_avg_yearly": 1.13,
            "eps_latest_yearly": 0.76,
            "eps_growth_yearly": 112.72
        },
        "20134": {
            "year_quarter": 20134,
            "year": 2013,
            "quarter": 4,
            "eps": 0.52,
            "eps_growth_year": 141.28,
            "eps_4q": 1.25,
            "eps_4q_growth_year": 7.7,
            "roe": 3.13,
            "roe_4q": 7.539999999999999,
            "gross_profit": 630600,
            "gross_margin": 22.22,
            "gross_margin_4q_avg": 18.71,
            "net_income": 244557,
            "net_income_4q": null,
            "revenue": 2838140,
            "revenue_4q": null,
            "common_shares": 4800000,
            "book_valuer_per_share": 16.52,
            "book_valuer_per_share_4q_avg": 15.88,
            "equity": 8022862,
            "current_ratio": 163.62,
            "debt_ratio": 43.67,
            "inventory_turnover_ratio": 0.81,
            "account_receivable_turnover_ratio": 1.63,
            "reinvestment_rate": -41.54,
            "research_to_sale_ratio": 3.08,
            "price_fair": 41.83,
            "eps_avg_yearly": 1.2,
            "eps_latest_yearly": 2.08,
            "eps_growth_yearly": 95.43
        },
        "20141": {
            "year_quarter": 20141,
            "year": 2014,
            "quarter": 1,
            "eps": 0.2,
            "eps_growth_year": -13.04,
            "eps_4q": 1.22,
            "eps_4q_growth_year": 9.56,
            "roe": 1.15,
            "roe_4q": 7.27,
            "gross_profit": 369262,
            "gross_margin": 19.58,
            "gross_margin_4q_avg": 19.41,
            "net_income": 93072,
            "net_income_4q": null,
            "revenue": 1885924,
            "revenue_4q": null,
            "common_shares": 4800000,
            "book_valuer_per_share": 16.77,
            "book_valuer_per_share_4q_avg": 16.08,
            "equity": 8136911,
            "current_ratio": 169.73,
            "debt_ratio": 43.15,
            "inventory_turnover_ratio": 0.54,
            "account_receivable_turnover_ratio": 1.24,
            "reinvestment_rate": -37.71,
            "research_to_sale_ratio": 3.52,
            "price_fair": 41.83,
            "eps_avg_yearly": 1.2,
            "eps_latest_yearly": 0.8,
            "eps_growth_yearly": 84.21
        },
        "20142": {
            "year_quarter": 20142,
            "year": 2014,
            "quarter": 2,
            "eps": 0.35,
            "eps_growth_year": 12.9,
            "eps_4q": 1.25,
            "eps_4q_growth_year": 7.75,
            "roe": 2.01,
            "roe_4q": 7.429999999999999,
            "gross_profit": 475922,
            "gross_margin": 16.29,
            "gross_margin_4q_avg": 18.16,
            "net_income": 159911,
            "net_income_4q": null,
            "revenue": 2921218,
            "revenue_4q": null,
            "common_shares": 4800000,
            "book_valuer_per_share": 15.96,
            "book_valuer_per_share_4q_avg": 16.21,
            "equity": 7748580,
            "current_ratio": 157.96,
            "debt_ratio": 48.47,
            "inventory_turnover_ratio": 0.84,
            "account_receivable_turnover_ratio": 1.97,
            "reinvestment_rate": -35.45,
            "research_to_sale_ratio": 2.13,
            "price_fair": 42.09,
            "eps_avg_yearly": 1.2,
            "eps_latest_yearly": 1.4,
            "eps_growth_yearly": 87.96
        },
        "20143": {
            "year_quarter": 20143,
            "year": 2014,
            "quarter": 3,
            "eps": 0.29,
            "eps_growth_year": 52.63,
            "eps_4q": 1.55,
            "eps_4q_growth_year": 63.88,
            "roe": 1.78,
            "roe_4q": 8.07,
            "gross_profit": 491860,
            "gross_margin": 17.01,
            "gross_margin_4q_avg": 18.78,
            "net_income": 134592,
            "net_income_4q": null,
            "revenue": 2892074,
            "revenue_4q": null,
            "common_shares": 4200000,
            "book_valuer_per_share": 17.27,
            "book_valuer_per_share_4q_avg": 16.63,
            "equity": 7356925,
            "current_ratio": 151.06,
            "debt_ratio": 50.06,
            "inventory_turnover_ratio": 0.8,
            "account_receivable_turnover_ratio": 1.84,
            "reinvestment_rate": -40.25,
            "research_to_sale_ratio": 2.17,
            "price_fair": 41.04,
            "eps_avg_yearly": 1.17,
            "eps_latest_yearly": 1.16,
            "eps_growth_yearly": 76.64
        },
        "20144": {
            "year_quarter": 20144,
            "year": 2014,
            "quarter": 4,
            "eps": 0.7,
            "eps_growth_year": 34.66,
            "eps_4q": 1.66,
            "eps_4q_growth_year": 32.33,
            "roe": 3.84,
            "roe_4q": 8.78,
            "gross_profit": 685270,
            "gross_margin": 18.92,
            "gross_margin_4q_avg": 17.95,
            "net_income": 288608,
            "net_income_4q": null,
            "revenue": 3621541,
            "revenue_4q": null,
            "common_shares": 4200000,
            "book_valuer_per_share": 18.05,
            "book_valuer_per_share_4q_avg": 17.01,
            "equity": 7681231,
            "current_ratio": 165.16,
            "debt_ratio": 45.76,
            "inventory_turnover_ratio": 0.97,
            "account_receivable_turnover_ratio": 2.21,
            "reinvestment_rate": -30.57,
            "research_to_sale_ratio": 1.29,
            "price_fair": 45.15,
            "eps_avg_yearly": 1.29,
            "eps_latest_yearly": 2.8,
            "eps_growth_yearly": 122.96
        },
        "20151": {
            "year_quarter": 20151,
            "year": 2015,
            "quarter": 1,
            "eps": 0.3,
            "eps_growth_year": 50,
            "eps_4q": 1.72,
            "eps_4q_growth_year": 41.27,
            "roe": 1.54,
            "roe_4q": 9.17,
            "gross_profit": 426417,
            "gross_margin": 20.49,
            "gross_margin_4q_avg": 18.18,
            "net_income": 118837,
            "net_income_4q": null,
            "revenue": 2081376,
            "revenue_4q": null,
            "common_shares": 4200000,
            "book_valuer_per_share": 18.33,
            "book_valuer_per_share_4q_avg": 17.4,
            "equity": 7791754,
            "current_ratio": 169.09,
            "debt_ratio": 46.01,
            "inventory_turnover_ratio": 0.54,
            "account_receivable_turnover_ratio": 1.27,
            "reinvestment_rate": -33.52,
            "research_to_sale_ratio": 3.61,
            "price_fair": 46.64,
            "eps_avg_yearly": 1.33,
            "eps_latest_yearly": 1.2,
            "eps_growth_yearly": 119.54
        },
        "20152": {
            "year_quarter": 20152,
            "year": 2015,
            "quarter": 2,
            "eps": 0.25,
            "eps_growth_year": -28.57,
            "eps_4q": 1.59,
            "eps_4q_growth_year": 26.46,
            "roe": 1.38,
            "roe_4q": 8.54,
            "gross_profit": 482576,
            "gross_margin": 19.55,
            "gross_margin_4q_avg": 18.99,
            "net_income": 104306,
            "net_income_4q": null,
            "revenue": 2467901,
            "revenue_4q": null,
            "common_shares": 4200000,
            "book_valuer_per_share": 17.14,
            "book_valuer_per_share_4q_avg": 17.7,
            "equity": 7296202,
            "current_ratio": 156.48,
            "debt_ratio": 49.78,
            "inventory_turnover_ratio": 0.58,
            "account_receivable_turnover_ratio": 1.57,
            "reinvestment_rate": -36.01,
            "research_to_sale_ratio": 2.39,
            "price_fair": 45.41,
            "eps_avg_yearly": 1.3,
            "eps_latest_yearly": 1,
            "eps_growth_yearly": 65.38
        },
        "20153": {
            "year_quarter": 20153,
            "year": 2015,
            "quarter": 3,
            "eps": 0.78,
            "eps_growth_year": 168.97,
            "eps_4q": 2.03,
            "eps_4q_growth_year": 31.03,
            "roe": 4.25,
            "roe_4q": 11.01,
            "gross_profit": 767383,
            "gross_margin": 29.95,
            "gross_margin_4q_avg": 22.23,
            "net_income": 318561,
            "net_income_4q": null,
            "revenue": 2561941,
            "revenue_4q": null,
            "common_shares": 4200000,
            "book_valuer_per_share": 18.07,
            "book_valuer_per_share_4q_avg": 17.9,
            "equity": 7690235,
            "current_ratio": 158.97,
            "debt_ratio": 49.51,
            "inventory_turnover_ratio": 0.49,
            "account_receivable_turnover_ratio": 1.45,
            "reinvestment_rate": -29.2,
            "research_to_sale_ratio": 2.44,
            "price_fair": 47.78,
            "eps_avg_yearly": 1.37,
            "eps_latest_yearly": 3.12,
            "eps_growth_yearly": 110.69
        },
        "20154": {
            "year_quarter": 20154,
            "year": 2015,
            "quarter": 4,
            "eps": 0.01,
            "eps_growth_year": -98.09,
            "eps_4q": 1.34,
            "eps_4q_growth_year": -19.05,
            "roe": 0.09,
            "roe_4q": 7.26,
            "gross_profit": 419894,
            "gross_margin": 12.96,
            "gross_margin_4q_avg": 20.74,
            "net_income": 7243,
            "net_income_4q": null,
            "revenue": 3241116,
            "revenue_4q": null,
            "common_shares": 4200000,
            "book_valuer_per_share": 17.93,
            "book_valuer_per_share_4q_avg": 17.87,
            "equity": 7626675,
            "current_ratio": 162.27,
            "debt_ratio": 49.7,
            "inventory_turnover_ratio": 0.77,
            "account_receivable_turnover_ratio": 1.7,
            "reinvestment_rate": -30.46,
            "research_to_sale_ratio": 2.52,
            "price_fair": 46.29,
            "eps_avg_yearly": 1.32,
            "eps_latest_yearly": 0.04,
            "eps_growth_yearly": 102.18
        },
        "20161": {
            "year_quarter": 20161,
            "year": 2016,
            "quarter": 1,
            "eps": 0.36,
            "eps_growth_year": 20,
            "eps_4q": 1.4,
            "eps_4q_growth_year": -18.51,
            "roe": 1.91,
            "roe_4q": 7.63,
            "gross_profit": 551906,
            "gross_margin": 16.14,
            "gross_margin_4q_avg": 19.65,
            "net_income": 147080,
            "net_income_4q": null,
            "revenue": 3419627,
            "revenue_4q": null,
            "common_shares": 4200000,
            "book_valuer_per_share": 18.23,
            "book_valuer_per_share_4q_avg": 17.84,
            "equity": 7744966,
            "current_ratio": 172.76,
            "debt_ratio": 47.11,
            "inventory_turnover_ratio": 0.87,
            "account_receivable_turnover_ratio": 1.87,
            "reinvestment_rate": -31.16,
            "research_to_sale_ratio": 2.21,
            "price_fair": 46.99,
            "eps_avg_yearly": 1.34,
            "eps_latest_yearly": 1.44,
            "eps_growth_yearly": 963.29
        },
        "20162": {
            "year_quarter": 20162,
            "year": 2016,
            "quarter": 2,
            "eps": 0.33,
            "eps_growth_year": 32,
            "eps_4q": 1.48,
            "eps_4q_growth_year": -6.71,
            "roe": 1.84,
            "roe_4q": 8.09,
            "gross_profit": 467840,
            "gross_margin": 19.13,
            "gross_margin_4q_avg": 19.55,
            "net_income": 139229,
            "net_income_4q": null,
            "revenue": 2444963,
            "revenue_4q": null,
            "common_shares": 4200000,
            "book_valuer_per_share": 17.46,
            "book_valuer_per_share_4q_avg": 17.92,
            "equity": 7427856,
            "current_ratio": 159.43,
            "debt_ratio": 50.17,
            "inventory_turnover_ratio": 0.6,
            "account_receivable_turnover_ratio": 1.42,
            "reinvestment_rate": -33.68,
            "research_to_sale_ratio": 3.21,
            "price_fair": 47.6,
            "eps_avg_yearly": 1.36,
            "eps_latest_yearly": 1.32,
            "eps_growth_yearly": 963
        },
        "20163": {
            "year_quarter": 20163,
            "year": 2016,
            "quarter": 3,
            "eps": 0.5,
            "eps_growth_year": -35.9,
            "eps_4q": 1.2,
            "eps_4q_growth_year": -40.84,
            "roe": 2.73,
            "roe_4q": 6.57,
            "gross_profit": 420168,
            "gross_margin": 14.11,
            "gross_margin_4q_avg": 15.59,
            "net_income": 203982,
            "net_income_4q": null,
            "revenue": 2977564,
            "revenue_4q": null,
            "common_shares": 4200000,
            "book_valuer_per_share": 17.75,
            "book_valuer_per_share_4q_avg": 17.84,
            "equity": 7540173,
            "current_ratio": 159.43,
            "debt_ratio": 48.72,
            "inventory_turnover_ratio": 0.73,
            "account_receivable_turnover_ratio": 2.01,
            "reinvestment_rate": -34.87,
            "research_to_sale_ratio": 2.26,
            "price_fair": 48.48,
            "eps_avg_yearly": 1.39,
            "eps_latest_yearly": 2,
            "eps_growth_yearly": 962.41
        },
        "20164": {
            "year_quarter": 20164,
            "year": 2016,
            "quarter": 4,
            "eps": 0.04,
            "eps_growth_year": 166.13,
            "eps_4q": 1.22,
            "eps_4q_growth_year": -8.73,
            "roe": 0.15,
            "roe_4q": 6.63,
            "gross_profit": 437131,
            "gross_margin": 11.28,
            "gross_margin_4q_avg": 15.17,
            "net_income": 11553,
            "net_income_4q": null,
            "revenue": 3874634,
            "revenue_4q": null,
            "common_shares": 4200000,
            "book_valuer_per_share": 17.8,
            "book_valuer_per_share_4q_avg": 17.81,
            "equity": 7555841,
            "current_ratio": 152.2,
            "debt_ratio": 49.77,
            "inventory_turnover_ratio": 1.01,
            "account_receivable_turnover_ratio": 2.3,
            "reinvestment_rate": -29.77,
            "research_to_sale_ratio": 2.18,
            "price_fair": 46.9,
            "eps_avg_yearly": 1.34,
            "eps_latest_yearly": 0.16,
            "eps_growth_yearly": 950.66
        },
        "20171": {
            "year_quarter": 20171,
            "year": 2017,
            "quarter": 1,
            "eps": 0.25,
            "eps_growth_year": -30.56,
            "eps_4q": 1.11,
            "eps_4q_growth_year": -21.1,
            "roe": 1.4,
            "roe_4q": 6.119999999999999,
            "gross_profit": 517461,
            "gross_margin": 20.2,
            "gross_margin_4q_avg": 16.18,
            "net_income": 105641,
            "net_income_4q": null,
            "revenue": 2561209,
            "revenue_4q": null,
            "common_shares": 4200000,
            "book_valuer_per_share": 17.83,
            "book_valuer_per_share_4q_avg": 17.71,
            "equity": 7561177,
            "current_ratio": 151.11,
            "debt_ratio": 48.5,
            "inventory_turnover_ratio": 0.6,
            "account_receivable_turnover_ratio": 1.45,
            "reinvestment_rate": -8.65,
            "research_to_sale_ratio": 2.28,
            "price_fair": 47.08,
            "eps_avg_yearly": 1.35,
            "eps_latest_yearly": 1,
            "eps_growth_yearly": 1080.78
        },
        "20172": {
            "year_quarter": 20172,
            "year": 2017,
            "quarter": 2,
            "eps": 0.23,
            "eps_growth_year": -30.3,
            "eps_4q": 1.01,
            "eps_4q_growth_year": -31.77,
            "roe": 1.4,
            "roe_4q": 5.68,
            "gross_profit": 251651,
            "gross_margin": 10.17,
            "gross_margin_4q_avg": 13.94,
            "net_income": 103493,
            "net_income_4q": null,
            "revenue": 2475477,
            "revenue_4q": null,
            "common_shares": 4200000,
            "book_valuer_per_share": 17.1,
            "book_valuer_per_share_4q_avg": 17.62,
            "equity": 7273238,
            "current_ratio": 146.39,
            "debt_ratio": 53.19,
            "inventory_turnover_ratio": 0.63,
            "account_receivable_turnover_ratio": 1.45,
            "reinvestment_rate": 8.29,
            "research_to_sale_ratio": 1.92,
            "price_fair": 46.38,
            "eps_avg_yearly": 1.33,
            "eps_latest_yearly": 0.92,
            "eps_growth_yearly": 1070.08
        },
        "20173": {
            "year_quarter": 20173,
            "year": 2017,
            "quarter": 3,
            "eps": 0.49,
            "eps_growth_year": -2,
            "eps_4q": 1,
            "eps_4q_growth_year": -16.48,
            "roe": 2.79,
            "roe_4q": 5.74,
            "gross_profit": 599005,
            "gross_margin": 20.35,
            "gross_margin_4q_avg": 15.5,
            "net_income": 206128,
            "net_income_4q": null,
            "revenue": 2942836,
            "revenue_4q": null,
            "common_shares": 4200000,
            "book_valuer_per_share": 17.6,
            "book_valuer_per_share_4q_avg": 17.58,
            "equity": 7486029,
            "current_ratio": 136.39,
            "debt_ratio": 52.92,
            "inventory_turnover_ratio": 0.64,
            "account_receivable_turnover_ratio": 1.58,
            "reinvestment_rate": 4.46,
            "research_to_sale_ratio": 1.96,
            "price_fair": 49,
            "eps_avg_yearly": 1.4,
            "eps_latest_yearly": 1.96,
            "eps_growth_yearly": 1108.02
        },
        "20174": {
            "year_quarter": 20174,
            "year": 2017,
            "quarter": 4,
            "eps": 0.22,
            "eps_growth_year": 515.75,
            "eps_4q": 1.19,
            "eps_4q_growth_year": -2.96,
            "roe": 1.32,
            "roe_4q": 6.91,
            "gross_profit": 457164,
            "gross_margin": 13.38,
            "gross_margin_4q_avg": 16.03,
            "net_income": 98829,
            "net_income_4q": null,
            "revenue": 3417934,
            "revenue_4q": null,
            "common_shares": 4200000,
            "book_valuer_per_share": 17.69,
            "book_valuer_per_share_4q_avg": 17.56,
            "equity": 7533552,
            "current_ratio": 136.25,
            "debt_ratio": 54.3,
            "inventory_turnover_ratio": 0.77,
            "account_receivable_turnover_ratio": 1.89,
            "reinvestment_rate": -8.61,
            "research_to_sale_ratio": 2.42,
            "price_fair": 46.38,
            "eps_avg_yearly": 1.33,
            "eps_latest_yearly": 0.88,
            "eps_growth_yearly": 1050.82
        },
        "20181": {
            "year_quarter": 20181,
            "year": 2018,
            "quarter": 1,
            "eps": 0.27,
            "eps_growth_year": 8,
            "eps_4q": 1.21,
            "eps_4q_growth_year": 9.12,
            "roe": 1.52,
            "roe_4q": 7.029999999999999,
            "gross_profit": 459394,
            "gross_margin": 17.95,
            "gross_margin_4q_avg": 15.46,
            "net_income": 115714,
            "net_income_4q": null,
            "revenue": 2559619,
            "revenue_4q": null,
            "common_shares": 4200000,
            "book_valuer_per_share": 18.08,
            "book_valuer_per_share_4q_avg": 17.62,
            "equity": 7702741,
            "current_ratio": 132.08,
            "debt_ratio": 56.22,
            "inventory_turnover_ratio": 0.51,
            "account_receivable_turnover_ratio": 1.37,
            "reinvestment_rate": 0.08,
            "research_to_sale_ratio": 2.53,
            "price_fair": 46.99,
            "eps_avg_yearly": 1.34,
            "eps_latest_yearly": 1.08,
            "eps_growth_yearly": 1071.89
        },
        "20182": {
            "year_quarter": 20182,
            "year": 2018,
            "quarter": 2,
            "eps": 0.44,
            "eps_growth_year": 91.3,
            "eps_4q": 1.41,
            "eps_4q_growth_year": 40.01,
            "roe": 2.45,
            "roe_4q": 8.08,
            "gross_profit": 625334,
            "gross_margin": 21.76,
            "gross_margin_4q_avg": 18.36,
            "net_income": 185078,
            "net_income_4q": null,
            "revenue": 2873578,
            "revenue_4q": null,
            "common_shares": 4200000,
            "book_valuer_per_share": 17.44,
            "book_valuer_per_share_4q_avg": 17.7,
            "equity": 7434444,
            "current_ratio": 123.42,
            "debt_ratio": 58.56,
            "inventory_turnover_ratio": 0.5,
            "account_receivable_turnover_ratio": 1.58,
            "reinvestment_rate": 6.1,
            "research_to_sale_ratio": 1.91,
            "price_fair": 47.78,
            "eps_avg_yearly": 1.37,
            "eps_latest_yearly": 1.76,
            "eps_growth_yearly": 1068.88
        },
        "20183": {
            "year_quarter": 20183,
            "year": 2018,
            "quarter": 3,
            "eps": 0.35,
            "eps_growth_year": -28.57,
            "eps_4q": 1.28,
            "eps_4q_growth_year": 27.64,
            "roe": 2.01,
            "roe_4q": 7.300000000000001,
            "gross_profit": 386651,
            "gross_margin": 10.91,
            "gross_margin_4q_avg": 16,
            "net_income": 150111,
            "net_income_4q": null,
            "revenue": 3544370,
            "revenue_4q": null,
            "common_shares": 4200000,
            "book_valuer_per_share": 17.62,
            "book_valuer_per_share_4q_avg": 17.71,
            "equity": 7504295,
            "current_ratio": 128.84,
            "debt_ratio": 58.22,
            "inventory_turnover_ratio": 0.67,
            "account_receivable_turnover_ratio": 1.92,
            "reinvestment_rate": 8.88,
            "research_to_sale_ratio": 1.31,
            "price_fair": 48.3,
            "eps_avg_yearly": 1.38,
            "eps_latest_yearly": 1.4,
            "eps_growth_yearly": 1068.05
        },
        "20184": {
            "year_quarter": 20184,
            "year": 2018,
            "quarter": 4,
            "eps": 0.26,
            "eps_growth_year": 20.27,
            "eps_4q": 1.33,
            "eps_4q_growth_year": 11.61,
            "roe": 1.47,
            "roe_4q": 7.449999999999999,
            "gross_profit": 470239,
            "gross_margin": 14.43,
            "gross_margin_4q_avg": 16.26,
            "net_income": 111159,
            "net_income_4q": null,
            "revenue": 3258430,
            "revenue_4q": null,
            "common_shares": 4200000,
            "book_valuer_per_share": 17.91,
            "book_valuer_per_share_4q_avg": 17.76,
            "equity": 7615810,
            "current_ratio": 119.86,
            "debt_ratio": 55.04,
            "inventory_turnover_ratio": 0.6,
            "account_receivable_turnover_ratio": 1.73,
            "reinvestment_rate": 17.94,
            "research_to_sale_ratio": 2.17,
            "price_fair": 44.45,
            "eps_avg_yearly": 1.27,
            "eps_latest_yearly": 1.04,
            "eps_growth_yearly": 1026.28
        },
        "20191": {
            "year_quarter": 20191,
            "year": 2019,
            "quarter": 1,
            "eps": 0.34,
            "eps_growth_year": 25.93,
            "eps_4q": 1.4,
            "eps_4q_growth_year": 15.84,
            "roe": 1.85,
            "roe_4q": 7.78,
            "gross_profit": 344593,
            "gross_margin": 12.87,
            "gross_margin_4q_avg": 14.99,
            "net_income": 142832,
            "net_income_4q": null,
            "revenue": 2676867,
            "revenue_4q": null,
            "common_shares": 4200000,
            "book_valuer_per_share": 18.38,
            "book_valuer_per_share_4q_avg": 17.84,
            "equity": 7814682,
            "current_ratio": 104.76,
            "debt_ratio": 58.76,
            "inventory_turnover_ratio": 0.5,
            "account_receivable_turnover_ratio": 1.77,
            "reinvestment_rate": 27.32,
            "research_to_sale_ratio": 1.49,
            "price_fair": 44.8,
            "eps_avg_yearly": 1.28,
            "eps_latest_yearly": 1.36,
            "eps_growth_yearly": 1048.26
        },
        "20192": {
            "year_quarter": 20192,
            "year": 2019,
            "quarter": 2,
            "eps": 0.3,
            "eps_growth_year": -31.82,
            "eps_4q": 1.26,
            "eps_4q_growth_year": -10.77,
            "roe": 1.58,
            "roe_4q": 6.91,
            "gross_profit": 562227,
            "gross_margin": 18.7,
            "gross_margin_4q_avg": 14.23,
            "net_income": 121310,
            "net_income_4q": null,
            "revenue": 3006741,
            "revenue_4q": null,
            "common_shares": 4200000,
            "book_valuer_per_share": 17.63,
            "book_valuer_per_share_4q_avg": 17.89,
            "equity": 7503777,
            "current_ratio": 105.64,
            "debt_ratio": 61.12,
            "inventory_turnover_ratio": 0.48,
            "account_receivable_turnover_ratio": 2.63,
            "reinvestment_rate": 34.02,
            "research_to_sale_ratio": 1.87,
            "price_fair": 45.24,
            "eps_avg_yearly": 1.29,
            "eps_latest_yearly": 1.2,
            "eps_growth_yearly": 1049.48
        },
        "20193": {
            "year_quarter": 20193,
            "year": 2019,
            "quarter": 3,
            "eps": 0.58,
            "eps_growth_year": 65.71,
            "eps_4q": 1.48,
            "eps_4q_growth_year": 15.8,
            "roe": 3.12,
            "roe_4q": 8.020000000000001,
            "gross_profit": 559918,
            "gross_margin": 17.67,
            "gross_margin_4q_avg": 15.92,
            "net_income": 236421,
            "net_income_4q": null,
            "revenue": 3167995,
            "revenue_4q": null,
            "common_shares": 4200000,
            "book_valuer_per_share": 18,
            "book_valuer_per_share_4q_avg": 17.98,
            "equity": 7647106,
            "current_ratio": 108.63,
            "debt_ratio": 62.24,
            "inventory_turnover_ratio": 0.47,
            "account_receivable_turnover_ratio": 2.51,
            "reinvestment_rate": 26.34,
            "research_to_sale_ratio": 1.97,
            "price_fair": 43.49,
            "eps_avg_yearly": 1.24,
            "eps_latest_yearly": 2.32,
            "eps_growth_yearly": 1019.82
        },
        "20194": {
            "year_quarter": 20194,
            "year": 2019,
            "quarter": 4,
            "eps": 0.33,
            "eps_growth_year": 23.55,
            "eps_4q": 1.55,
            "eps_4q_growth_year": 16.6,
            "roe": 1.79,
            "roe_4q": 8.34,
            "gross_profit": 598777,
            "gross_margin": 16.98,
            "gross_margin_4q_avg": 16.56,
            "net_income": 138225,
            "net_income_4q": null,
            "revenue": 3525913,
            "revenue_4q": null,
            "common_shares": 4200000,
            "book_valuer_per_share": 18.44,
            "book_valuer_per_share_4q_avg": 18.11,
            "equity": 7815251,
            "current_ratio": 145.87,
            "debt_ratio": 61.35,
            "inventory_turnover_ratio": 0.51,
            "account_receivable_turnover_ratio": 2.28,
            "reinvestment_rate": 45.24,
            "research_to_sale_ratio": 1.04,
            "price_fair": 46.29,
            "eps_avg_yearly": 1.32,
            "eps_latest_yearly": 1.32,
            "eps_growth_yearly": 1033.72
        },
        "20201": {
            "year_quarter": 20201,
            "year": 2020,
            "quarter": 1,
            "eps": 0.26,
            "eps_growth_year": -23.53,
            "eps_4q": 1.46,
            "eps_4q_growth_year": 4.24,
            "roe": 1.38,
            "roe_4q": 7.87,
            "gross_profit": 566715,
            "gross_margin": 18.62,
            "gross_margin_4q_avg": 17.99,
            "net_income": 108317,
            "net_income_4q": null,
            "revenue": 3043165,
            "revenue_4q": null,
            "common_shares": 4200000,
            "book_valuer_per_share": 18.62,
            "book_valuer_per_share_4q_avg": 18.17,
            "equity": 7892256,
            "current_ratio": 141.9,
            "debt_ratio": 64.36,
            "inventory_turnover_ratio": 0.42,
            "account_receivable_turnover_ratio": 2.13,
            "reinvestment_rate": 56.45,
            "research_to_sale_ratio": 1.81,
            "price_fair": 45.41,
            "eps_avg_yearly": 1.3,
            "eps_latest_yearly": 1.04,
            "eps_growth_yearly": 153.42
        },
        "20202": {
            "year_quarter": 20202,
            "year": 2020,
            "quarter": 2,
            "eps": 0.64,
            "eps_growth_year": 113.33,
            "eps_4q": 1.8,
            "eps_4q_growth_year": 42.56,
            "roe": 3.48,
            "roe_4q": 9.77,
            "gross_profit": 779645,
            "gross_margin": 23.34,
            "gross_margin_4q_avg": 19.15,
            "net_income": 271672,
            "net_income_4q": null,
            "revenue": 3339663,
            "revenue_4q": null,
            "common_shares": 4200000,
            "book_valuer_per_share": 18.21,
            "book_valuer_per_share_4q_avg": 18.32,
            "equity": 7728721,
            "current_ratio": 143.94,
            "debt_ratio": 68.09,
            "inventory_turnover_ratio": 0.4,
            "account_receivable_turnover_ratio": 2.09,
            "reinvestment_rate": 62.84,
            "research_to_sale_ratio": 1.36,
            "price_fair": 48.13,
            "eps_avg_yearly": 1.38,
            "eps_latest_yearly": 2.56,
            "eps_growth_yearly": 192.04
        },
        "20203": {
            "year_quarter": 20203,
            "year": 2020,
            "quarter": 3,
            "eps": 0.8,
            "eps_growth_year": 37.93,
            "eps_4q": 1.85,
            "eps_4q_growth_year": 24.7,
            "roe": 3.93,
            "roe_4q": 10.579999999999998,
            "gross_profit": 576736,
            "gross_margin": 16.27,
            "gross_margin_4q_avg": 18.8,
            "net_income": 336188,
            "net_income_4q": null,
            "revenue": 3544203,
            "revenue_4q": null,
            "common_shares": 4200000,
            "book_valuer_per_share": 22.18,
            "book_valuer_per_share_4q_avg": 19.36,
            "equity": 9358865,
            "current_ratio": 134.11,
            "debt_ratio": 65.67,
            "inventory_turnover_ratio": 0.37,
            "account_receivable_turnover_ratio": 1.94,
            "reinvestment_rate": 117.84,
            "research_to_sale_ratio": 1.96,
            "price_fair": 50.75,
            "eps_avg_yearly": 1.45,
            "eps_latest_yearly": 3.2,
            "eps_growth_yearly": 185.41
        },
        "20204": {
            "year_quarter": 20204,
            "year": 2020,
            "quarter": 4,
            "eps": 1.77,
            "eps_growth_year": 443.43,
            "eps_4q": 3.27,
            "eps_4q_growth_year": 111.52,
            "roe": 8.24,
            "roe_4q": 17.03,
            "gross_profit": 1362543,
            "gross_margin": 24.94,
            "gross_margin_4q_avg": 20.79,
            "net_income": 835124,
            "net_income_4q": null,
            "revenue": 5463758,
            "revenue_4q": null,
            "common_shares": 4761343,
            "book_valuer_per_share": 22.8,
            "book_valuer_per_share_4q_avg": 20.45,
            "equity": 10903546,
            "current_ratio": 136.81,
            "debt_ratio": 63.09,
            "inventory_turnover_ratio": 0.51,
            "account_receivable_turnover_ratio": 2.69,
            "reinvestment_rate": 200.7,
            "research_to_sale_ratio": 1.32,
            "price_fair": 65.89,
            "eps_avg_yearly": 1.88,
            "eps_latest_yearly": 7.08,
            "eps_growth_yearly": 238.72
        },
        "20211": {
            "year_quarter": 20211,
            "year": 2021,
            "quarter": 1,
            "eps": 1.31,
            "eps_growth_year": 403.85,
            "eps_4q": 4.36,
            "eps_4q_growth_year": 198.4,
            "roe": 5.5,
            "roe_4q": 21.150000000000002,
            "gross_profit": 1256556,
            "gross_margin": 26.83,
            "gross_margin_4q_avg": 22.85,
            "net_income": 616166,
            "net_income_4q": null,
            "revenue": 4682713,
            "revenue_4q": null,
            "common_shares": 4761343,
            "book_valuer_per_share": 24.11,
            "book_valuer_per_share_4q_avg": 21.83,
            "equity": 11515150,
            "current_ratio": 113.83,
            "debt_ratio": 61.71,
            "inventory_turnover_ratio": 0.51,
            "account_receivable_turnover_ratio": 2.01,
            "reinvestment_rate": 199.67,
            "research_to_sale_ratio": 0.76,
            "price_fair": 75.16,
            "eps_avg_yearly": 2.15,
            "eps_latest_yearly": 5.24,
            "eps_growth_yearly": 100.98
        },
        "20212": {
            "year_quarter": 20212,
            "year": 2021,
            "quarter": 2,
            "eps": 0.68,
            "eps_growth_year": 6.25,
            "eps_4q": 4.47,
            "eps_4q_growth_year": 148.65,
            "roe": 2.75,
            "roe_4q": 20.42,
            "gross_profit": 914765,
            "gross_margin": 22.52,
            "gross_margin_4q_avg": 22.64,
            "net_income": 320599,
            "net_income_4q": null,
            "revenue": 4061427,
            "revenue_4q": null,
            "common_shares": 4761343,
            "book_valuer_per_share": 24.65,
            "book_valuer_per_share_4q_avg": 23.44,
            "equity": 11769405,
            "current_ratio": 132.84,
            "debt_ratio": 62.53,
            "inventory_turnover_ratio": 0.5,
            "account_receivable_turnover_ratio": 1.9,
            "reinvestment_rate": 206.52,
            "research_to_sale_ratio": 1.3,
            "price_fair": 79.1,
            "eps_avg_yearly": 2.26,
            "eps_latest_yearly": 2.72,
            "eps_growth_yearly": 90.95
        },
        "20213": {
            "year_quarter": 20213,
            "year": 2021,
            "quarter": 3,
            "eps": 0.93,
            "eps_growth_year": 16.25,
            "eps_4q": 4.7,
            "eps_4q_growth_year": 154.14,
            "roe": 3.83,
            "roe_4q": 20.32,
            "gross_profit": 852259,
            "gross_margin": 20.69,
            "gross_margin_4q_avg": 23.75,
            "net_income": 438400,
            "net_income_4q": null,
            "revenue": 4119423,
            "revenue_4q": null,
            "common_shares": 4761343,
            "book_valuer_per_share": 23.3,
            "book_valuer_per_share_4q_avg": 23.72,
            "equity": 11135898,
            "current_ratio": 149.19,
            "debt_ratio": 65.5,
            "inventory_turnover_ratio": 0.54,
            "account_receivable_turnover_ratio": 1.97,
            "reinvestment_rate": 209.61,
            "research_to_sale_ratio": 1.11,
            "price_fair": 82.95,
            "eps_avg_yearly": 2.37,
            "eps_latest_yearly": 3.72,
            "eps_growth_yearly": 71.88
        },
        "20214": {
            "year_quarter": 20214,
            "year": 2021,
            "quarter": 4,
            "eps": 1.26,
            "eps_growth_year": -28.84,
            "eps_4q": 4.19,
            "eps_4q_growth_year": 28.14,
            "roe": 5.24,
            "roe_4q": 17.32,
            "gross_profit": 1274959,
            "gross_margin": 24.7,
            "gross_margin_4q_avg": 23.69,
            "net_income": 597395,
            "net_income_4q": null,
            "revenue": 5161198,
            "revenue_4q": null,
            "common_shares": 4761343,
            "book_valuer_per_share": 24.39,
            "book_valuer_per_share_4q_avg": 24.11,
            "equity": 11645366,
            "current_ratio": 161.17,
            "debt_ratio": 66.01,
            "inventory_turnover_ratio": 0.66,
            "account_receivable_turnover_ratio": 2.75,
            "reinvestment_rate": 197.62,
            "research_to_sale_ratio": 1.54,
            "price_fair": 92.05,
            "eps_avg_yearly": 2.63,
            "eps_latest_yearly": 5.04,
            "eps_growth_yearly": 94.53
        },
        "20221": {
            "year_quarter": 20221,
            "year": 2022,
            "quarter": 1,
            "eps": 1.2,
            "eps_growth_year": -8.4,
            "eps_4q": 4.08,
            "eps_4q_growth_year": -6.48,
            "roe": 4.72,
            "roe_4q": 16.54,
            "gross_profit": 1281111,
            "gross_margin": 27.03,
            "gross_margin_4q_avg": 23.74,
            "net_income": 571115,
            "net_income_4q": null,
            "revenue": 4739274,
            "revenue_4q": null,
            "common_shares": 4761343,
            "book_valuer_per_share": 26.22,
            "book_valuer_per_share_4q_avg": 24.64,
            "equity": 12554132,
            "current_ratio": 145.38,
            "debt_ratio": 69.09,
            "inventory_turnover_ratio": 0.6,
            "account_receivable_turnover_ratio": 2.62,
            "reinvestment_rate": 223.48,
            "research_to_sale_ratio": 0.86,
            "price_fair": 100.19,
            "eps_avg_yearly": 2.86,
            "eps_latest_yearly": 4.8,
            "eps_growth_yearly": 87.66
        },
        "20222": {
            "year_quarter": 20222,
            "year": 2022,
            "quarter": 2,
            "eps": 1.23,
            "eps_growth_year": 80.88,
            "eps_4q": 4.63,
            "eps_4q_growth_year": 3.43,
            "roe": 4.79,
            "roe_4q": 18.58,
            "gross_profit": 1163966,
            "gross_margin": 26.61,
            "gross_margin_4q_avg": 24.76,
            "net_income": 582288,
            "net_income_4q": null,
            "revenue": 4373885,
            "revenue_4q": null,
            "common_shares": 4761343,
            "book_valuer_per_share": 24.55,
            "book_valuer_per_share_4q_avg": 24.62,
            "equity": 11778410,
            "current_ratio": 144.3,
            "debt_ratio": 70.85,
            "inventory_turnover_ratio": 0.56,
            "account_receivable_turnover_ratio": 2.48,
            "reinvestment_rate": 204.26,
            "research_to_sale_ratio": 1.17,
            "price_fair": 107.1,
            "eps_avg_yearly": 3.06,
            "eps_latest_yearly": 4.92,
            "eps_growth_yearly": 72.54
        },
        "20223": {
            "year_quarter": 20223,
            "year": 2022,
            "quarter": 3,
            "eps": 1.17,
            "eps_growth_year": 25.81,
            "eps_4q": 4.87,
            "eps_4q_growth_year": 3.49,
            "roe": 4.61,
            "roe_4q": 19.36,
            "gross_profit": 1229482,
            "gross_margin": 26.53,
            "gross_margin_4q_avg": 26.22,
            "net_income": 557057,
            "net_income_4q": null,
            "revenue": 4633717,
            "revenue_4q": null,
            "common_shares": 4761343,
            "book_valuer_per_share": 25.91,
            "book_valuer_per_share_4q_avg": 25.27,
            "equity": 12372170,
            "current_ratio": 144.65,
            "debt_ratio": 69.54,
            "inventory_turnover_ratio": 0.57,
            "account_receivable_turnover_ratio": 2.88,
            "reinvestment_rate": 191.12,
            "research_to_sale_ratio": 1.52,
            "price_fair": 114.28,
            "eps_avg_yearly": 3.27,
            "eps_latest_yearly": 4.68,
            "eps_growth_yearly": 76.44
        },
        "20224": {
            "year_quarter": 20224,
            "year": 2022,
            "quarter": 4,
            "eps": 1.61,
            "eps_growth_year": 27.28,
            "eps_4q": 5.21,
            "eps_4q_growth_year": 24.32,
            "roe": 5.87,
            "roe_4q": 19.99,
            "gross_profit": 1069839,
            "gross_margin": 22.29,
            "gross_margin_4q_avg": 25.62,
            "net_income": 755988,
            "net_income_4q": null,
            "revenue": 4799063,
            "revenue_4q": null,
            "common_shares": 4761361,
            "book_valuer_per_share": 28.05,
            "book_valuer_per_share_4q_avg": 26.18,
            "equity": 13365614,
            "current_ratio": 134.59,
            "debt_ratio": 67.91,
            "inventory_turnover_ratio": 0.58,
            "account_receivable_turnover_ratio": 2.31,
            "reinvestment_rate": 171.15,
            "research_to_sale_ratio": 1.46,
            "price_fair": 126.09,
            "eps_avg_yearly": 3.6,
            "eps_latest_yearly": 6.44,
            "eps_growth_yearly": 92.27
        },
        "20231": {
            "year_quarter": 20231,
            "year": 2023,
            "quarter": 1,
            "eps": 1.56,
            "eps_growth_year": 30,
            "eps_4q": 5.39,
            "eps_4q_growth_year": 32.19,
            "roe": 5.12,
            "roe_4q": 20.39,
            "gross_profit": 1579345,
            "gross_margin": 27.04,
            "gross_margin_4q_avg": 25.62,
            "net_income": 746376,
            "net_income_4q": null,
            "revenue": 5841280,
            "revenue_4q": null,
            "common_shares": 4763267,
            "book_valuer_per_share": 33.28,
            "book_valuer_per_share_4q_avg": 27.95,
            "equity": 15816920,
            "current_ratio": 132.61,
            "debt_ratio": 62.93,
            "inventory_turnover_ratio": 0.64,
            "account_receivable_turnover_ratio": 2.4,
            "reinvestment_rate": 178.77,
            "research_to_sale_ratio": 1.37,
            "price_fair": 136.76,
            "eps_avg_yearly": 3.91,
            "eps_latest_yearly": 6.24,
            "eps_growth_yearly": 83.8
        },
        "20232": {
            "year_quarter": 20232,
            "year": 2023,
            "quarter": 2,
            "eps": -1.42,
            "eps_growth_year": -215.45,
            "eps_4q": 2.75,
            "eps_4q_growth_year": -40.58,
            "roe": -4.47,
            "roe_4q": 11.13,
            "gross_profit": 1789424,
            "gross_margin": 36.3,
            "gross_margin_4q_avg": 28.04,
            "net_income": -687335,
            "net_income_4q": null,
            "revenue": 4929885,
            "revenue_4q": null,
            "common_shares": 4948464,
            "book_valuer_per_share": 30.24,
            "book_valuer_per_share_4q_avg": 29.37,
            "equity": 14944693,
            "current_ratio": 121.79,
            "debt_ratio": 66.37,
            "inventory_turnover_ratio": 0.44,
            "account_receivable_turnover_ratio": 2.02,
            "reinvestment_rate": 214.3,
            "research_to_sale_ratio": 1.18,
            "price_fair": 143.08,
            "eps_avg_yearly": 4.09,
            "eps_latest_yearly": 6.24,
            "eps_growth_yearly": 92.52
        },
        "20233": {
            "year_quarter": 20233,
            "year": 2023,
            "quarter": 3,
            "eps": 1.51,
            "eps_growth_year": 29.06,
            "eps_4q": 3.13,
            "eps_4q_growth_year": -35.71,
            "roe": 4.93,
            "roe_4q": 11.45,
            "gross_profit": 1684317,
            "gross_margin": 30.47,
            "gross_margin_4q_avg": 29.03,
            "net_income": 737108,
            "net_income_4q": null,
            "revenue": 5527053,
            "revenue_4q": null,
            "common_shares": 5031125,
            "book_valuer_per_share": 29.87,
            "book_valuer_per_share_4q_avg": 30.36,
            "equity": 14961918,
            "current_ratio": 130.67,
            "debt_ratio": 66.49,
            "inventory_turnover_ratio": 0.48,
            "account_receivable_turnover_ratio": 2.21,
            "reinvestment_rate": 181.4,
            "research_to_sale_ratio": 1.79,
            "price_fair": 147.5,
            "eps_avg_yearly": 4.21,
            "eps_latest_yearly": 6.24,
            "eps_growth_yearly": 72.46
        }
    },
    "months": {
        "2001-06": {
            "month": "2001-06",
            "price": "9.16",
            "revenue": 1054217
        },
        "2001-07": {
            "month": "2001-07",
            "price": "8.76",
            "revenue": 847837
        },
        "2001-08": {
            "month": "2001-08",
            "price": "8.48",
            "revenue": 701002
        },
        "2001-09": {
            "month": "2001-09",
            "price": "7.94",
            "revenue": 510233
        },
        "2001-10": {
            "month": "2001-10",
            "price": "7.51",
            "revenue": 393495
        },
        "2001-11": {
            "month": "2001-11",
            "price": "6.78",
            "revenue": 1309765
        },
        "2001-12": {
            "month": "2001-12",
            "price": "7.62",
            "revenue": 668776
        },
        "2002-01": {
            "month": "2002-01",
            "price": "8.85",
            "revenue": 679824
        },
        "2002-02": {
            "month": "2002-02",
            "price": "8.57",
            "revenue": 678188
        },
        "2002-03": {
            "month": "2002-03",
            "price": "8.99",
            "revenue": 600129
        },
        "2002-04": {
            "month": "2002-04",
            "price": "10.59",
            "revenue": 591734
        },
        "2002-05": {
            "month": "2002-05",
            "price": "9.26",
            "revenue": 686766
        },
        "2002-06": {
            "month": "2002-06",
            "price": "9.62",
            "revenue": 802186
        },
        "2002-07": {
            "month": "2002-07",
            "price": "10.99",
            "revenue": 611116
        },
        "2002-08": {
            "month": "2002-08",
            "price": "10.58",
            "revenue": 697177
        },
        "2002-09": {
            "month": "2002-09",
            "price": "9.82",
            "revenue": 662988
        },
        "2002-10": {
            "month": "2002-10",
            "price": "9.51",
            "revenue": 458645
        },
        "2002-11": {
            "month": "2002-11",
            "price": "10.11",
            "revenue": 619950
        },
        "2002-12": {
            "month": "2002-12",
            "price": "10.67",
            "revenue": 1225467
        },
        "2003-01": {
            "month": "2003-01",
            "price": "11.46",
            "revenue": 351717
        },
        "2003-02": {
            "month": "2003-02",
            "price": "11.93",
            "revenue": 510261
        },
        "2003-03": {
            "month": "2003-03",
            "price": "10.64",
            "revenue": 780257
        },
        "2003-04": {
            "month": "2003-04",
            "price": "9.84",
            "revenue": 668559
        },
        "2003-05": {
            "month": "2003-05",
            "price": "8.51",
            "revenue": 878035
        },
        "2003-06": {
            "month": "2003-06",
            "price": "9.73",
            "revenue": 1282719
        },
        "2003-07": {
            "month": "2003-07",
            "price": "10.87",
            "revenue": 842843
        },
        "2003-08": {
            "month": "2003-08",
            "price": "10.62",
            "revenue": 722579
        },
        "2003-09": {
            "month": "2003-09",
            "price": "10.68",
            "revenue": 1101773
        },
        "2003-10": {
            "month": "2003-10",
            "price": "12.38",
            "revenue": 593976
        },
        "2003-11": {
            "month": "2003-11",
            "price": "13.44",
            "revenue": 670719
        },
        "2003-12": {
            "month": "2003-12",
            "price": "13.02",
            "revenue": 1236716
        },
        "2004-01": {
            "month": "2004-01",
            "price": "13.70",
            "revenue": 538747
        },
        "2004-02": {
            "month": "2004-02",
            "price": "16.08",
            "revenue": 485965
        },
        "2004-03": {
            "month": "2004-03",
            "price": "15.47",
            "revenue": 671497
        },
        "2004-04": {
            "month": "2004-04",
            "price": "14.13",
            "revenue": 630142
        },
        "2004-05": {
            "month": "2004-05",
            "price": "12.51",
            "revenue": 702387
        },
        "2004-06": {
            "month": "2004-06",
            "price": "12.09",
            "revenue": 800059
        },
        "2004-07": {
            "month": "2004-07",
            "price": "11.50",
            "revenue": 597500
        },
        "2004-08": {
            "month": "2004-08",
            "price": "11.20",
            "revenue": 567388
        },
        "2004-09": {
            "month": "2004-09",
            "price": "13.54",
            "revenue": 856054
        },
        "2004-10": {
            "month": "2004-10",
            "price": "13.68",
            "revenue": 577689
        },
        "2004-11": {
            "month": "2004-11",
            "price": "13.40",
            "revenue": 954953
        },
        "2004-12": {
            "month": "2004-12",
            "price": "14.00",
            "revenue": 1291972
        },
        "2005-01": {
            "month": "2005-01",
            "price": "15.58",
            "revenue": 645175
        },
        "2005-02": {
            "month": "2005-02",
            "price": "15.32",
            "revenue": 508078
        },
        "2005-03": {
            "month": "2005-03",
            "price": "14.67",
            "revenue": 712946
        },
        "2005-04": {
            "month": "2005-04",
            "price": "14.05",
            "revenue": 732980
        },
        "2005-05": {
            "month": "2005-05",
            "price": "13.82",
            "revenue": 1067969
        },
        "2005-06": {
            "month": "2005-06",
            "price": "14.14",
            "revenue": 985118
        },
        "2005-07": {
            "month": "2005-07",
            "price": "14.08",
            "revenue": 991623
        },
        "2005-08": {
            "month": "2005-08",
            "price": "14.23",
            "revenue": 1123492
        },
        "2005-09": {
            "month": "2005-09",
            "price": "16.72",
            "revenue": 828268
        },
        "2005-10": {
            "month": "2005-10",
            "price": "19.82",
            "revenue": 808224
        },
        "2005-11": {
            "month": "2005-11",
            "price": "20.32",
            "revenue": 850877
        },
        "2005-12": {
            "month": "2005-12",
            "price": "21.34",
            "revenue": 892182
        },
        "2006-01": {
            "month": "2006-01",
            "price": "20.48",
            "revenue": 745771
        },
        "2006-02": {
            "month": "2006-02",
            "price": "19.69",
            "revenue": 586743
        },
        "2006-03": {
            "month": "2006-03",
            "price": "21.05",
            "revenue": 914496
        },
        "2006-04": {
            "month": "2006-04",
            "price": "24.35",
            "revenue": 816258
        },
        "2006-05": {
            "month": "2006-05",
            "price": "23.50",
            "revenue": 700334
        },
        "2006-06": {
            "month": "2006-06",
            "price": "21.51",
            "revenue": 811929
        },
        "2006-07": {
            "month": "2006-07",
            "price": "21.41",
            "revenue": 837576
        },
        "2006-08": {
            "month": "2006-08",
            "price": "19.16",
            "revenue": 801808
        },
        "2006-09": {
            "month": "2006-09",
            "price": "18.76",
            "revenue": 869598
        },
        "2006-10": {
            "month": "2006-10",
            "price": "19.13",
            "revenue": 870979
        },
        "2006-11": {
            "month": "2006-11",
            "price": "18.78",
            "revenue": 948923
        },
        "2006-12": {
            "month": "2006-12",
            "price": "19.34",
            "revenue": 1110591
        },
        "2007-01": {
            "month": "2007-01",
            "price": "18.62",
            "revenue": 866395
        },
        "2007-02": {
            "month": "2007-02",
            "price": "18.86",
            "revenue": 735187
        },
        "2007-03": {
            "month": "2007-03",
            "price": "18.42",
            "revenue": 963919
        },
        "2007-04": {
            "month": "2007-04",
            "price": "21.40",
            "revenue": 801824
        },
        "2007-05": {
            "month": "2007-05",
            "price": "22.57",
            "revenue": 902640
        },
        "2007-06": {
            "month": "2007-06",
            "price": "23.12",
            "revenue": 878532
        },
        "2007-07": {
            "month": "2007-07",
            "price": "23.34",
            "revenue": 894200
        },
        "2007-08": {
            "month": "2007-08",
            "price": "35.05",
            "revenue": 871014
        },
        "2007-09": {
            "month": "2007-09",
            "price": "34.19",
            "revenue": 780452
        },
        "2007-10": {
            "month": "2007-10",
            "price": "32.80",
            "revenue": 822550
        },
        "2007-11": {
            "month": "2007-11",
            "price": "25.19",
            "revenue": 733923
        },
        "2007-12": {
            "month": "2007-12",
            "price": "23.37",
            "revenue": 938111
        },
        "2008-01": {
            "month": "2008-01",
            "price": "22.94",
            "revenue": 893001
        },
        "2008-02": {
            "month": "2008-02",
            "price": "23.07",
            "revenue": 609693
        },
        "2008-03": {
            "month": "2008-03",
            "price": "25.66",
            "revenue": 896569
        },
        "2008-04": {
            "month": "2008-04",
            "price": "27.40",
            "revenue": 780242
        },
        "2008-05": {
            "month": "2008-05",
            "price": "28.05",
            "revenue": 849184
        },
        "2008-06": {
            "month": "2008-06",
            "price": "24.84",
            "revenue": 861900
        },
        "2008-07": {
            "month": "2008-07",
            "price": "19.94",
            "revenue": 957167
        },
        "2008-08": {
            "month": "2008-08",
            "price": "19.25",
            "revenue": 769558
        },
        "2008-09": {
            "month": "2008-09",
            "price": "14.26",
            "revenue": 834336
        },
        "2008-10": {
            "month": "2008-10",
            "price": "12.30",
            "revenue": 876058
        },
        "2008-11": {
            "month": "2008-11",
            "price": "13.96",
            "revenue": 785362
        },
        "2008-12": {
            "month": "2008-12",
            "price": "15.49",
            "revenue": 830072
        },
        "2009-01": {
            "month": "2009-01",
            "price": "13.99",
            "revenue": 547738
        },
        "2009-02": {
            "month": "2009-02",
            "price": "13.29",
            "revenue": 561490
        },
        "2009-03": {
            "month": "2009-03",
            "price": "14.90",
            "revenue": 626413
        },
        "2009-04": {
            "month": "2009-04",
            "price": "16.80",
            "revenue": 684641
        },
        "2009-05": {
            "month": "2009-05",
            "price": "17.43",
            "revenue": 602197
        },
        "2009-06": {
            "month": "2009-06",
            "price": "17.52",
            "revenue": 624936
        },
        "2009-07": {
            "month": "2009-07",
            "price": "16.68",
            "revenue": 802081
        },
        "2009-08": {
            "month": "2009-08",
            "price": "17.75",
            "revenue": 574365
        },
        "2009-09": {
            "month": "2009-09",
            "price": "17.37",
            "revenue": 611780
        },
        "2009-10": {
            "month": "2009-10",
            "price": "18.87",
            "revenue": 556765
        },
        "2009-11": {
            "month": "2009-11",
            "price": "20.14",
            "revenue": 503981
        },
        "2009-12": {
            "month": "2009-12",
            "price": "19.87",
            "revenue": 905758
        },
        "2010-01": {
            "month": "2010-01",
            "price": "19.68",
            "revenue": 683766
        },
        "2010-02": {
            "month": "2010-02",
            "price": "17.15",
            "revenue": 382171
        },
        "2010-03": {
            "month": "2010-03",
            "price": "17.80",
            "revenue": 350030
        },
        "2010-04": {
            "month": "2010-04",
            "price": "18.12",
            "revenue": 1333813
        },
        "2010-05": {
            "month": "2010-05",
            "price": "17.60",
            "revenue": 511088
        },
        "2010-06": {
            "month": "2010-06",
            "price": "17.52",
            "revenue": 709145
        },
        "2010-07": {
            "month": "2010-07",
            "price": "17.80",
            "revenue": 517007
        },
        "2010-08": {
            "month": "2010-08",
            "price": "18.37",
            "revenue": 413906
        },
        "2010-09": {
            "month": "2010-09",
            "price": "17.76",
            "revenue": 710692
        },
        "2010-10": {
            "month": "2010-10",
            "price": "18.32",
            "revenue": 601346
        },
        "2010-11": {
            "month": "2010-11",
            "price": "17.89",
            "revenue": 487293
        },
        "2010-12": {
            "month": "2010-12",
            "price": "17.81",
            "revenue": 632697
        },
        "2011-01": {
            "month": "2011-01",
            "price": "17.86",
            "revenue": 548530
        },
        "2011-02": {
            "month": "2011-02",
            "price": "17.41",
            "revenue": 547550
        },
        "2011-03": {
            "month": "2011-03",
            "price": "17.45",
            "revenue": 567830
        },
        "2011-04": {
            "month": "2011-04",
            "price": "18.16",
            "revenue": 523913
        },
        "2011-05": {
            "month": "2011-05",
            "price": "17.68",
            "revenue": 492085
        },
        "2011-06": {
            "month": "2011-06",
            "price": "17.34",
            "revenue": 1180827
        },
        "2011-07": {
            "month": "2011-07",
            "price": "17.46",
            "revenue": 601432
        },
        "2011-08": {
            "month": "2011-08",
            "price": "15.97",
            "revenue": 526653
        },
        "2011-09": {
            "month": "2011-09",
            "price": "15.42",
            "revenue": 708691
        },
        "2011-10": {
            "month": "2011-10",
            "price": "14.98",
            "revenue": 601280
        },
        "2011-11": {
            "month": "2011-11",
            "price": "15.33",
            "revenue": 685171
        },
        "2011-12": {
            "month": "2011-12",
            "price": "14.93",
            "revenue": 516385
        },
        "2012-01": {
            "month": "2012-01",
            "price": "15.14",
            "revenue": 634172
        },
        "2012-02": {
            "month": "2012-02",
            "price": "16.36",
            "revenue": 716258
        },
        "2012-03": {
            "month": "2012-03",
            "price": "17.01",
            "revenue": 702108
        },
        "2012-04": {
            "month": "2012-04",
            "price": "16.77",
            "revenue": 500635
        },
        "2012-05": {
            "month": "2012-05",
            "price": "16.88",
            "revenue": 545184
        },
        "2012-06": {
            "month": "2012-06",
            "price": "16.60",
            "revenue": 681524
        },
        "2012-07": {
            "month": "2012-07",
            "price": "16.86",
            "revenue": 513417
        },
        "2012-08": {
            "month": "2012-08",
            "price": "16.40",
            "revenue": 657093
        },
        "2012-09": {
            "month": "2012-09",
            "price": "15.84",
            "revenue": 506582
        },
        "2012-10": {
            "month": "2012-10",
            "price": "15.95",
            "revenue": 557929
        },
        "2012-11": {
            "month": "2012-11",
            "price": "15.40",
            "revenue": 503559
        },
        "2012-12": {
            "month": "2012-12",
            "price": "15.55",
            "revenue": 1210086
        },
        "2013-01": {
            "month": "2013-01",
            "price": "15.81",
            "revenue": 735066
        },
        "2013-02": {
            "month": "2013-02",
            "price": "15.94",
            "revenue": 501342
        },
        "2013-03": {
            "month": "2013-03",
            "price": "16.07",
            "revenue": 969977
        },
        "2013-04": {
            "month": "2013-04",
            "price": "16.74",
            "revenue": 567002
        },
        "2013-05": {
            "month": "2013-05",
            "price": "17.06",
            "revenue": 658052
        },
        "2013-06": {
            "month": "2013-06",
            "price": "16.81",
            "revenue": 1213078
        },
        "2013-07": {
            "month": "2013-07",
            "price": "16.94",
            "revenue": 675245
        },
        "2013-08": {
            "month": "2013-08",
            "price": "17.09",
            "revenue": 693886
        },
        "2013-09": {
            "month": "2013-09",
            "price": "16.81",
            "revenue": 1243539
        },
        "2013-10": {
            "month": "2013-10",
            "price": "20.81",
            "revenue": 707373
        },
        "2013-11": {
            "month": "2013-11",
            "price": "20.40",
            "revenue": 849032
        },
        "2013-12": {
            "month": "2013-12",
            "price": "21.62",
            "revenue": 1283554
        },
        "2014-01": {
            "month": "2014-01",
            "price": "21.44",
            "revenue": 711564
        },
        "2014-02": {
            "month": "2014-02",
            "price": "20.81",
            "revenue": 602489
        },
        "2014-03": {
            "month": "2014-03",
            "price": "21.64",
            "revenue": 571872
        },
        "2014-04": {
            "month": "2014-04",
            "price": "20.73",
            "revenue": 729336
        },
        "2014-05": {
            "month": "2014-05",
            "price": "20.58",
            "revenue": 1004681
        },
        "2014-06": {
            "month": "2014-06",
            "price": "20.98",
            "revenue": 1187200
        },
        "2014-07": {
            "month": "2014-07",
            "price": "21.42",
            "revenue": 1133639
        },
        "2014-08": {
            "month": "2014-08",
            "price": "20.99",
            "revenue": 843812
        },
        "2014-09": {
            "month": "2014-09",
            "price": "20.86",
            "revenue": 914624
        },
        "2014-10": {
            "month": "2014-10",
            "price": "19.54",
            "revenue": 1377132
        },
        "2014-11": {
            "month": "2014-11",
            "price": "19.62",
            "revenue": 1041588
        },
        "2014-12": {
            "month": "2014-12",
            "price": "20.30",
            "revenue": 1207970
        },
        "2015-01": {
            "month": "2015-01",
            "price": "20.46",
            "revenue": 855877
        },
        "2015-02": {
            "month": "2015-02",
            "price": "20.36",
            "revenue": 511640
        },
        "2015-03": {
            "month": "2015-03",
            "price": "20.56",
            "revenue": 713859
        },
        "2015-04": {
            "month": "2015-04",
            "price": "21.86",
            "revenue": 713196
        },
        "2015-05": {
            "month": "2015-05",
            "price": "21.86",
            "revenue": 788543
        },
        "2015-06": {
            "month": "2015-06",
            "price": "19.06",
            "revenue": 966162
        },
        "2015-07": {
            "month": "2015-07",
            "price": "17.75",
            "revenue": 696807
        },
        "2015-08": {
            "month": "2015-08",
            "price": "16.98",
            "revenue": 1028471
        },
        "2015-09": {
            "month": "2015-09",
            "price": "16.09",
            "revenue": 836663
        },
        "2015-10": {
            "month": "2015-10",
            "price": "17.18",
            "revenue": 1180030
        },
        "2015-11": {
            "month": "2015-11",
            "price": "17.36",
            "revenue": 815209
        },
        "2015-12": {
            "month": "2015-12",
            "price": "17.06",
            "revenue": 1245553
        },
        "2016-01": {
            "month": "2016-01",
            "price": "16.76",
            "revenue": 1462961
        },
        "2016-02": {
            "month": "2016-02",
            "price": "18.03",
            "revenue": 478828
        },
        "2016-03": {
            "month": "2016-03",
            "price": "18.83",
            "revenue": 1477839
        },
        "2016-04": {
            "month": "2016-04",
            "price": "18.51",
            "revenue": 629564
        },
        "2016-05": {
            "month": "2016-05",
            "price": "18.07",
            "revenue": 1040907
        },
        "2016-06": {
            "month": "2016-06",
            "price": "18.35",
            "revenue": 774482
        },
        "2016-07": {
            "month": "2016-07",
            "price": "18.59",
            "revenue": 989344
        },
        "2016-08": {
            "month": "2016-08",
            "price": "18.72",
            "revenue": 1282623
        },
        "2016-09": {
            "month": "2016-09",
            "price": "17.64",
            "revenue": 705596
        },
        "2016-10": {
            "month": "2016-10",
            "price": "17.83",
            "revenue": 923947
        },
        "2016-11": {
            "month": "2016-11",
            "price": "17.70",
            "revenue": 1305010
        },
        "2016-12": {
            "month": "2016-12",
            "price": "18.50",
            "revenue": 1641545
        },
        "2017-01": {
            "month": "2017-01",
            "price": "20.47",
            "revenue": 789341
        },
        "2017-02": {
            "month": "2017-02",
            "price": "20.82",
            "revenue": 698395
        },
        "2017-03": {
            "month": "2017-03",
            "price": "20.65",
            "revenue": 1073473
        },
        "2017-04": {
            "month": "2017-04",
            "price": "19.58",
            "revenue": 693513
        },
        "2017-05": {
            "month": "2017-05",
            "price": "19.04",
            "revenue": 829626
        },
        "2017-06": {
            "month": "2017-06",
            "price": "19.57",
            "revenue": 952338
        },
        "2017-07": {
            "month": "2017-07",
            "price": "20.58",
            "revenue": 1310530
        },
        "2017-08": {
            "month": "2017-08",
            "price": "20.83",
            "revenue": 803307
        },
        "2017-09": {
            "month": "2017-09",
            "price": "21.49",
            "revenue": 828999
        },
        "2017-10": {
            "month": "2017-10",
            "price": "21.78",
            "revenue": 720781
        },
        "2017-11": {
            "month": "2017-11",
            "price": "21.15",
            "revenue": 1576605
        },
        "2017-12": {
            "month": "2017-12",
            "price": "22.02",
            "revenue": 1117831
        },
        "2018-01": {
            "month": "2018-01",
            "price": "21.93",
            "revenue": 691777
        },
        "2018-02": {
            "month": "2018-02",
            "price": "20.33",
            "revenue": 699306
        },
        "2018-03": {
            "month": "2018-03",
            "price": "20.57",
            "revenue": 1168536
        },
        "2018-04": {
            "month": "2018-04",
            "price": "22.28",
            "revenue": 1011622
        },
        "2018-05": {
            "month": "2018-05",
            "price": "20.99",
            "revenue": 762305
        },
        "2018-06": {
            "month": "2018-06",
            "price": "20.90",
            "revenue": 1099422
        },
        "2018-07": {
            "month": "2018-07",
            "price": "21.14",
            "revenue": 890445
        },
        "2018-08": {
            "month": "2018-08",
            "price": "21.17",
            "revenue": 881866
        },
        "2018-09": {
            "month": "2018-09",
            "price": "20.38",
            "revenue": 1772288
        },
        "2018-10": {
            "month": "2018-10",
            "price": "20.59",
            "revenue": 1022903
        },
        "2018-11": {
            "month": "2018-11",
            "price": "20.37",
            "revenue": 1059719
        },
        "2018-12": {
            "month": "2018-12",
            "price": "19.72",
            "revenue": 1179603
        },
        "2019-01": {
            "month": "2019-01",
            "price": "19.58",
            "revenue": 1074295
        },
        "2019-02": {
            "month": "2019-02",
            "price": "20.37",
            "revenue": 734869
        },
        "2019-03": {
            "month": "2019-03",
            "price": "20.41",
            "revenue": 867703
        },
        "2019-04": {
            "month": "2019-04",
            "price": "20.72",
            "revenue": 860310
        },
        "2019-05": {
            "month": "2019-05",
            "price": "20.93",
            "revenue": 1134472
        },
        "2019-06": {
            "month": "2019-06",
            "price": "21.07",
            "revenue": 1011959
        },
        "2019-07": {
            "month": "2019-07",
            "price": "21.14",
            "revenue": 1158861
        },
        "2019-08": {
            "month": "2019-08",
            "price": "20.82",
            "revenue": 833099
        },
        "2019-09": {
            "month": "2019-09",
            "price": "20.34",
            "revenue": 1176035
        },
        "2019-10": {
            "month": "2019-10",
            "price": "20.29",
            "revenue": 868367
        },
        "2019-11": {
            "month": "2019-11",
            "price": "21.05",
            "revenue": 1094349
        },
        "2019-12": {
            "month": "2019-12",
            "price": "21.96",
            "revenue": 1562768
        },
        "2020-01": {
            "month": "2020-01",
            "price": "26.25",
            "revenue": 1012380
        },
        "2020-02": {
            "month": "2020-02",
            "price": "27.49",
            "revenue": 869977
        },
        "2020-03": {
            "month": "2020-03",
            "price": "23.12",
            "revenue": 1160807
        },
        "2020-04": {
            "month": "2020-04",
            "price": "23.90",
            "revenue": 1211115
        },
        "2020-05": {
            "month": "2020-05",
            "price": "27.14",
            "revenue": 1099407
        },
        "2020-06": {
            "month": "2020-06",
            "price": "28.02",
            "revenue": 1029142
        },
        "2020-07": {
            "month": "2020-07",
            "price": "29.19",
            "revenue": 1087951
        },
        "2020-08": {
            "month": "2020-08",
            "price": "32.46",
            "revenue": 1324092
        },
        "2020-09": {
            "month": "2020-09",
            "price": "47.61",
            "revenue": 1132160
        },
        "2020-10": {
            "month": "2020-10",
            "price": "48.36",
            "revenue": 998584
        },
        "2020-11": {
            "month": "2020-11",
            "price": "50.70",
            "revenue": 1268416
        },
        "2020-12": {
            "month": "2020-12",
            "price": "56.30",
            "revenue": 3196653
        },
        "2021-01": {
            "month": "2021-01",
            "price": "47.58",
            "revenue": 1504562
        },
        "2021-02": {
            "month": "2021-02",
            "price": "49.19",
            "revenue": 973424
        },
        "2021-03": {
            "month": "2021-03",
            "price": "53.12",
            "revenue": 2204727
        },
        "2021-04": {
            "month": "2021-04",
            "price": "54.71",
            "revenue": 1678387
        },
        "2021-05": {
            "month": "2021-05",
            "price": "49.31",
            "revenue": 1043468
        },
        "2021-06": {
            "month": "2021-06",
            "price": "50.74",
            "revenue": 1339572
        },
        "2021-07": {
            "month": "2021-07",
            "price": "49.91",
            "revenue": 1246976
        },
        "2021-08": {
            "month": "2021-08",
            "price": "48.06",
            "revenue": 1466839
        },
        "2021-09": {
            "month": "2021-09",
            "price": "46.68",
            "revenue": 1405608
        },
        "2021-10": {
            "month": "2021-10",
            "price": "44.30",
            "revenue": 1896633
        },
        "2021-11": {
            "month": "2021-11",
            "price": "43.79",
            "revenue": 1300299
        },
        "2021-12": {
            "month": "2021-12",
            "price": "44.27",
            "revenue": 1966465
        },
        "2022-01": {
            "month": "2022-01",
            "price": "43.74",
            "revenue": 1327330
        },
        "2022-02": {
            "month": "2022-02",
            "price": "42.94",
            "revenue": 1435084
        },
        "2022-03": {
            "month": "2022-03",
            "price": "49.16",
            "revenue": 1976860
        },
        "2022-04": {
            "month": "2022-04",
            "price": "54.91",
            "revenue": 1464869
        },
        "2022-05": {
            "month": "2022-05",
            "price": "49.99",
            "revenue": 1407055
        },
        "2022-06": {
            "month": "2022-06",
            "price": "50.61",
            "revenue": 1502907
        },
        "2022-07": {
            "month": "2022-07",
            "price": "54.83",
            "revenue": 1498362
        },
        "2022-08": {
            "month": "2022-08",
            "price": "62.33",
            "revenue": 1486349
        },
        "2022-09": {
            "month": "2022-09",
            "price": "63.70",
            "revenue": 1649006
        },
        "2022-10": {
            "month": "2022-10",
            "price": "53.82",
            "revenue": 1632622
        },
        "2022-11": {
            "month": "2022-11",
            "price": "54.30",
            "revenue": 1599197
        },
        "2022-12": {
            "month": "2022-12",
            "price": "65.31",
            "revenue": 1573694
        },
        "2023-01": {
            "month": "2023-01",
            "price": "73.18",
            "revenue": 1775922
        },
        "2023-02": {
            "month": "2023-02",
            "price": "85.79",
            "revenue": 1982399
        },
        "2023-03": {
            "month": "2023-03",
            "price": "96.29",
            "revenue": 2082959
        },
        "2023-04": {
            "month": "2023-04",
            "price": "104.56",
            "revenue": 1431534
        },
        "2023-05": {
            "month": "2023-05",
            "price": "108.91",
            "revenue": 1858144
        },
        "2023-06": {
            "month": "2023-06",
            "price": "122.15",
            "revenue": 1640207
        },
        "2023-07": {
            "month": "2023-07",
            "price": "124.86",
            "revenue": 1967699
        },
        "2023-08": {
            "month": "2023-08",
            "price": "112.89",
            "revenue": 1849896
        },
        "2023-09": {
            "month": "2023-09",
            "price": "105.34",
            "revenue": 1709458
        },
        "2023-10": {
            "month": "2023-10",
            "price": "101.90",
            "revenue": 2005685
        },
        "2023-11": {
            "month": "2023-11",
            "price": "105.66",
            "revenue": 1825133
        }
    }
}
