{
    "summary": {
        "stock_name": "亞力",
        "stock_id": "1514",
        "category": "電機機械",
        "main_business": "配電盤<br>電機器材、電子產品<br>變壓器",
        "website_url": "http://www.allis.com.tw",
        "ceo": "鄭朝彬",
        "pe_ratio": 37,
        "report_year_from": 2001,
        "report_year_to": 2023,
        "age": 23,
        "eps_negative_percentage": 13,
        "eps_growth_avg": {
            "last_all": 11.94,
            "last_2y": 26.97,
            "last_4y": 24.11,
            "last_8y": 23.95,
            "last_12y": 21.52,
            "last_16y": 18.53,
            "last_20y": 18.16,
            "at_2006_last_3y": 15.22,
            "at_2007_last_3y": 15.7,
            "at_2008_last_3y": -13.22,
            "at_2009_last_3y": -17.63,
            "at_2010_last_3y": 5.56,
            "at_2011_last_3y": 2.63,
            "at_2012_last_3y": 49.79,
            "at_2013_last_3y": 27.86,
            "at_2014_last_3y": 16.05,
            "at_2015_last_3y": 15.44,
            "at_2016_last_3y": 2.06,
            "at_2017_last_3y": 14.97,
            "at_2018_last_3y": 23.76,
            "at_2019_last_3y": 31.11,
            "at_2020_last_3y": 35.32,
            "at_2021_last_3y": 33.67,
            "at_2022_last_3y": 20.18,
            "at_2023_last_3y": 21.42,
            "at_2024_last_3y": 21.42,
            "at_2006_last_all": -23.19,
            "at_2007_last_all": -13.22,
            "at_2008_last_all": -30.58,
            "at_2009_last_all": -30.58,
            "at_2010_last_all": -8.82,
            "at_2011_last_all": -6.43,
            "at_2012_last_all": -0.44,
            "at_2013_last_all": -4.61,
            "at_2014_last_all": 1.13,
            "at_2015_last_all": 1.52,
            "at_2016_last_all": 0.39,
            "at_2017_last_all": 1.42,
            "at_2018_last_all": 7.6,
            "at_2019_last_all": 9.41,
            "at_2020_last_all": 9.12,
            "at_2021_last_all": 9.01,
            "at_2022_last_all": 10.39,
            "at_2023_last_all": 11.94,
            "at_2024_last_all": 11.94
        },
        "latest_eps": 3.01,
        "latest_price": 111.5,
        "latest_roe": 17.73,
        "latest_gross_margin": 19.08,
        "latest_equity": 4735376,
        "latest_revenue": 3370278,
        "latest_gross_profit": 643104,
        "latest_net_income": 295210,
        "latest_debt_ratio": 57.85,
        "latest_current_ratio": 152.81,
        "latest_account_receivable_turnover_ratio": 0.86,
        "latest_inventory_turnover_ratio": 0.96,
        "latest_reinvestment_rate": 38.12,
        "latest_research_to_sale_ratio": 1.05
    },
    "eps_dividends": {
        "1992": {
            "cash": 0,
            "stock": 2.7,
            "eps": 0
        },
        "1993": {
            "cash": 0,
            "stock": 2.2,
            "eps": 0
        },
        "1994": {
            "cash": 0,
            "stock": 2,
            "eps": 0
        },
        "1995": {
            "cash": 0,
            "stock": 1.2,
            "eps": 0
        },
        "1998": {
            "cash": 0,
            "stock": 1.6,
            "eps": 0
        },
        "1999": {
            "cash": 0,
            "stock": 1.7,
            "eps": 0
        },
        "2000": {
            "cash": 0,
            "stock": 1.8,
            "eps": 0
        },
        "2001": {
            "cash": 0.6,
            "stock": 0.8,
            "eps": 0.67
        },
        "2002": {
            "cash": 0.4,
            "stock": 0.4,
            "eps": -0.29
        },
        "2003": {
            "cash": 0,
            "stock": 0,
            "eps": -0.21
        },
        "2004": {
            "cash": 0,
            "stock": 0,
            "eps": 0.23
        },
        "2005": {
            "cash": 0.15,
            "stock": 0,
            "eps": 0.23
        },
        "2006": {
            "cash": 0.2,
            "stock": 0,
            "eps": 0.3
        },
        "2007": {
            "cash": 0.25,
            "stock": 0,
            "eps": 0.35
        },
        "2008": {
            "cash": 0.27,
            "stock": 0,
            "eps": -0.78
        },
        "2009": {
            "cash": 0,
            "stock": 0,
            "eps": 0.19
        },
        "2010": {
            "cash": 0.15,
            "stock": 0,
            "eps": 0.38
        },
        "2011": {
            "cash": 0.6499999999999999,
            "stock": 0,
            "eps": 0.41
        },
        "2012": {
            "cash": 0,
            "stock": 0,
            "eps": 0.58
        },
        "2013": {
            "cash": 0.5,
            "stock": 0,
            "eps": 0.36
        },
        "2014": {
            "cash": 0.3,
            "stock": 0,
            "eps": 0.55
        },
        "2015": {
            "cash": 0.45,
            "stock": 0,
            "eps": 0.58
        },
        "2016": {
            "cash": 0.48,
            "stock": 0,
            "eps": 0.51
        },
        "2017": {
            "cash": 0.5,
            "stock": 0,
            "eps": 0.58
        },
        "2018": {
            "cash": 0.5,
            "stock": 0,
            "eps": 1.09
        },
        "2019": {
            "cash": 0.7,
            "stock": 0.3,
            "eps": 1.47
        },
        "2020": {
            "cash": 0.7,
            "stock": 0.5,
            "eps": 1.54
        },
        "2021": {
            "cash": 0.7,
            "stock": 0.5,
            "eps": 1.65
        },
        "2022": {
            "cash": 0.75,
            "stock": 0.5,
            "eps": 2.21
        },
        "2023": {
            "cash": 1,
            "stock": 0.3,
            "eps": 3.09
        },
        "2024": {
            "cash": 1.6,
            "stock": 0.2,
            "eps": 0
        }
    },
    "dividends": {
        "1992-06-26": {
            "cash": 0,
            "stock": 2.7
        },
        "1993-05-28": {
            "cash": 0,
            "stock": 2.2
        },
        "1994-05-20": {
            "cash": 0,
            "stock": 2
        },
        "1995-05-31": {
            "cash": 0,
            "stock": 1.2
        },
        "1998-05-06": {
            "cash": 0,
            "stock": 1.6
        },
        "1999-05-14": {
            "cash": 0,
            "stock": 1.7
        },
        "2000-05-03": {
            "cash": 0,
            "stock": 1.8
        },
        "2001-06-13": {
            "cash": 0.6,
            "stock": 0.8
        },
        "2002-06-20": {
            "cash": 0.4,
            "stock": 0.4
        },
        "2005-04-01": {
            "cash": 0.15,
            "stock": 0
        },
        "2006-04-03": {
            "cash": 0.2,
            "stock": 0
        },
        "2007-03-29": {
            "cash": 0.25,
            "stock": 0
        },
        "2008-03-27": {
            "cash": 0.27,
            "stock": 0
        },
        "2010-03-30": {
            "cash": 0.15,
            "stock": 0
        },
        "2011-01-01": {
            "cash": 0.35,
            "stock": 0
        },
        "2011-04-21": {
            "cash": 0.3,
            "stock": 0
        },
        "2013-03-28": {
            "cash": 0.5,
            "stock": 0
        },
        "2014-09-05": {
            "cash": 0.3,
            "stock": 0
        },
        "2015-09-04": {
            "cash": 0.45,
            "stock": 0
        },
        "2016-09-05": {
            "cash": 0.48,
            "stock": 0
        },
        "2017-09-05": {
            "cash": 0.5,
            "stock": 0
        },
        "2018-09-05": {
            "cash": 0.5,
            "stock": 0
        },
        "2019-10-17": {
            "cash": 0.7,
            "stock": 0.3
        },
        "2020-09-30": {
            "cash": 0.7,
            "stock": 0.5
        },
        "2021-09-30": {
            "cash": 0.7,
            "stock": 0.5
        },
        "2022-09-30": {
            "cash": 0.75,
            "stock": 0.5
        },
        "2023-10-02": {
            "cash": 1,
            "stock": 0.3
        },
        "2024-03-14": {
            "cash": 1.6,
            "stock": 0.2
        }
    },
    "prices": {
        "200101": "11.11",
        "200102": "12.45",
        "200103": "12.22",
        "200104": "11.68",
        "200105": "10.14",
        "200106": "9.69",
        "200107": "8.63",
        "200108": "7.67",
        "200109": "7.25",
        "200110": "6.72",
        "200111": "6.95",
        "200112": "7.75",
        "200201": "8.58",
        "200202": "8.79",
        "200203": "9.17",
        "200204": "11.15",
        "200205": "9.93",
        "200206": "10.00",
        "200207": "10.94",
        "200208": "8.74",
        "200209": "7.02",
        "200210": "7.06",
        "200211": "7.75",
        "200212": "8.29",
        "200301": "9.00",
        "200302": "8.91",
        "200303": "8.02",
        "200304": "7.52",
        "200305": "6.43",
        "200306": "7.13",
        "200307": "7.37",
        "200308": "7.06",
        "200309": "6.72",
        "200310": "6.97",
        "200311": "6.99",
        "200312": "6.93",
        "200401": "7.26",
        "200402": "8.24",
        "200403": "8.21",
        "200404": "7.72",
        "200405": "6.47",
        "200406": "6.30",
        "200407": "6.12",
        "200408": "6.28",
        "200409": "6.54",
        "200410": "6.67",
        "200411": "6.95",
        "200412": "7.10",
        "200501": "7.34",
        "200502": "7.07",
        "200503": "6.82",
        "200504": "6.57",
        "200505": "6.18",
        "200506": "6.34",
        "200507": "6.39",
        "200508": "6.11",
        "200509": "5.74",
        "200510": "5.45",
        "200511": "5.36",
        "200512": "5.72",
        "200601": "5.69",
        "200602": "5.51",
        "200603": "5.25",
        "200604": "5.91",
        "200605": "6.89",
        "200606": "6.43",
        "200607": "6.30",
        "200608": "6.27",
        "200609": "5.76",
        "200610": "6.24",
        "200611": "6.76",
        "200612": "7.72",
        "200701": "7.94",
        "200702": "7.68",
        "200703": "7.77",
        "200704": "8.34",
        "200705": "8.05",
        "200706": "8.16",
        "200707": "10.47",
        "200708": "9.96",
        "200709": "11.13",
        "200710": "12.90",
        "200711": "11.00",
        "200712": "9.24",
        "200801": "9.07",
        "200802": "9.01",
        "200803": "9.95",
        "200804": "11.00",
        "200805": "10.75",
        "200806": "10.16",
        "200807": "8.62",
        "200808": "8.13",
        "200809": "6.55",
        "200810": "5.32",
        "200811": "4.76",
        "200812": "4.93",
        "200901": "4.85",
        "200902": "4.60",
        "200903": "5.01",
        "200904": "6.12",
        "200905": "6.42",
        "200906": "6.46",
        "200907": "6.49",
        "200908": "6.93",
        "200909": "6.83",
        "200910": "8.34",
        "200911": "10.27",
        "200912": "14.96",
        "201001": "14.20",
        "201002": "11.15",
        "201003": "12.34",
        "201004": "14.38",
        "201005": "11.55",
        "201006": "11.64",
        "201007": "13.36",
        "201008": "13.24",
        "201009": "12.36",
        "201010": "12.10",
        "201011": "10.85",
        "201012": "11.72",
        "201101": "11.67",
        "201102": "11.16",
        "201103": "11.20",
        "201104": "11.54",
        "201105": "11.40",
        "201106": "11.89",
        "201107": "11.13",
        "201108": "9.22",
        "201109": "8.69",
        "201110": "8.31",
        "201111": "8.36",
        "201112": "7.13",
        "201201": "7.04",
        "201202": "8.55",
        "201203": "8.86",
        "201204": "8.04",
        "201205": "8.27",
        "201206": "8.13",
        "201207": "8.04",
        "201208": "8.78",
        "201209": "8.99",
        "201210": "8.46",
        "201211": "8.20",
        "201212": "8.34",
        "201301": "8.71",
        "201302": "8.74",
        "201303": "9.02",
        "201304": "9.09",
        "201305": "9.70",
        "201306": "9.77",
        "201307": "9.33",
        "201308": "9.17",
        "201309": "9.15",
        "201310": "9.47",
        "201311": "9.57",
        "201312": "9.78",
        "201401": "10.20",
        "201402": "10.16",
        "201403": "10.19",
        "201404": "9.89",
        "201405": "9.55",
        "201406": "9.42",
        "201407": "9.45",
        "201408": "8.98",
        "201409": "8.96",
        "201410": "8.42",
        "201411": "8.20",
        "201412": "8.89",
        "201501": "9.41",
        "201502": "9.11",
        "201503": "9.09",
        "201504": "9.85",
        "201505": "9.66",
        "201506": "9.18",
        "201507": "8.89",
        "201508": "7.91",
        "201509": "7.84",
        "201510": "8.31",
        "201511": "8.38",
        "201512": "8.23",
        "201601": "7.99",
        "201602": "8.22",
        "201603": "9.21",
        "201604": "9.40",
        "201605": "9.45",
        "201606": "10.14",
        "201607": "10.64",
        "201608": "10.12",
        "201609": "10.38",
        "201610": "10.20",
        "201611": "9.60",
        "201612": "9.44",
        "201701": "9.74",
        "201702": "10.02",
        "201703": "10.12",
        "201704": "10.73",
        "201705": "10.29",
        "201706": "10.28",
        "201707": "10.51",
        "201708": "10.15",
        "201709": "10.21",
        "201710": "10.80",
        "201711": "10.85",
        "201712": "11.46",
        "201801": "12.12",
        "201802": "11.14",
        "201803": "11.56",
        "201804": "17.01",
        "201805": "15.67",
        "201806": "16.45",
        "201807": "15.12",
        "201808": "14.30",
        "201809": "14.35",
        "201810": "13.05",
        "201811": "12.76",
        "201812": "12.95",
        "201901": "13.33",
        "201902": "14.10",
        "201903": "14.64",
        "201904": "15.34",
        "201905": "16.14",
        "201906": "16.58",
        "201907": "17.53",
        "201908": "17.24",
        "201909": "16.98",
        "201910": "16.89",
        "201911": "17.28",
        "201912": "17.40",
        "202001": "19.14",
        "202002": "20.45",
        "202003": "16.91",
        "202004": "18.26",
        "202005": "20.38",
        "202006": "22.43",
        "202007": "23.97",
        "202008": "27.35",
        "202009": "27.72",
        "202010": "27.82",
        "202011": "27.41",
        "202012": "26.63",
        "202101": "25.22",
        "202102": "24.18",
        "202103": "25.26",
        "202104": "26.76",
        "202105": "23.85",
        "202106": "24.80",
        "202107": "26.08",
        "202108": "25.63",
        "202109": "23.62",
        "202110": "23.08",
        "202111": "23.98",
        "202112": "24.80",
        "202201": "24.46",
        "202202": "23.82",
        "202203": "26.61",
        "202204": "27.90",
        "202205": "27.12",
        "202206": "28.46",
        "202207": "32.37",
        "202208": "34.00",
        "202209": "30.48",
        "202210": "26.24",
        "202211": "27.21",
        "202212": "29.96",
        "202301": "32.04",
        "202302": "34.68",
        "202303": "39.30",
        "202304": "47.10",
        "202305": "50.25",
        "202306": "58.48",
        "202307": "62.54",
        "202308": "56.00",
        "202309": "50.10",
        "202310": "53.20",
        "202311": "56.58",
        "202312": "81.26"
    },
    "quarters": {
        "20011": {
            "year_quarter": 20011,
            "year": 2001,
            "quarter": 1,
            "eps": 0.31,
            "eps_growth_year": -13.89,
            "eps_4q": 0.94,
            "eps_4q_growth_year": -16.55,
            "roe": 2.42,
            "roe_4q": 2.42,
            "gross_profit": 130310,
            "gross_margin": 18.55,
            "gross_margin_4q_avg": 18.55,
            "net_income": 60521,
            "net_income_4q": null,
            "revenue": 702599,
            "revenue_4q": null,
            "common_shares": 1972079,
            "book_valuer_per_share": 12.72,
            "book_valuer_per_share_4q_avg": 12.72,
            "equity": 2508612,
            "current_ratio": 189.92,
            "debt_ratio": 37.04,
            "inventory_turnover_ratio": 0.71,
            "account_receivable_turnover_ratio": null,
            "reinvestment_rate": null,
            "research_to_sale_ratio": null,
            "price_fair": 0,
            "eps_avg_yearly": 0,
            "eps_latest_yearly": 0,
            "eps_growth_yearly": 0
        },
        "20012": {
            "year_quarter": 20012,
            "year": 2001,
            "quarter": 2,
            "eps": 0.07,
            "eps_growth_year": -82.5,
            "eps_4q": 0.58,
            "eps_4q_growth_year": -49.8,
            "roe": 0.59,
            "roe_4q": 3.01,
            "gross_profit": 134775,
            "gross_margin": 16.86,
            "gross_margin_4q_avg": 17.71,
            "net_income": 14434,
            "net_income_4q": null,
            "revenue": 799507,
            "revenue_4q": null,
            "common_shares": 1836989,
            "book_valuer_per_share": 13.08,
            "book_valuer_per_share_4q_avg": 12.9,
            "equity": 2403651,
            "current_ratio": 166.27,
            "debt_ratio": 44.09,
            "inventory_turnover_ratio": 0.78,
            "account_receivable_turnover_ratio": null,
            "reinvestment_rate": null,
            "research_to_sale_ratio": null,
            "price_fair": 0,
            "eps_avg_yearly": 0,
            "eps_latest_yearly": 0,
            "eps_growth_yearly": 0
        },
        "20013": {
            "year_quarter": 20013,
            "year": 2001,
            "quarter": 3,
            "eps": 0.15,
            "eps_growth_year": -25,
            "eps_4q": 0.56,
            "eps_4q_growth_year": -49.96,
            "roe": 1.22,
            "roe_4q": 4.23,
            "gross_profit": 144611,
            "gross_margin": 19.97,
            "gross_margin_4q_avg": 18.46,
            "net_income": 29484,
            "net_income_4q": null,
            "revenue": 724312,
            "revenue_4q": null,
            "common_shares": 1982174,
            "book_valuer_per_share": 12.28,
            "book_valuer_per_share_4q_avg": 12.69,
            "equity": 2433181,
            "current_ratio": 175.22,
            "debt_ratio": 42.3,
            "inventory_turnover_ratio": 0.62,
            "account_receivable_turnover_ratio": null,
            "reinvestment_rate": null,
            "research_to_sale_ratio": null,
            "price_fair": 0,
            "eps_avg_yearly": 0,
            "eps_latest_yearly": 0,
            "eps_growth_yearly": 0
        },
        "20014": {
            "year_quarter": 20014,
            "year": 2001,
            "quarter": 4,
            "eps": 0.14,
            "eps_growth_year": 366.67,
            "eps_4q": 0.68,
            "eps_4q_growth_year": -27.61,
            "roe": 1.1,
            "roe_4q": 5.33,
            "gross_profit": 83444,
            "gross_margin": 10.72,
            "gross_margin_4q_avg": 16.53,
            "net_income": 26884,
            "net_income_4q": null,
            "revenue": 778661,
            "revenue_4q": null,
            "common_shares": 1982173,
            "book_valuer_per_share": 12.42,
            "book_valuer_per_share_4q_avg": 12.63,
            "equity": 2461108,
            "current_ratio": 176.12,
            "debt_ratio": 42.15,
            "inventory_turnover_ratio": 0.75,
            "account_receivable_turnover_ratio": null,
            "reinvestment_rate": null,
            "research_to_sale_ratio": null,
            "price_fair": 0,
            "eps_avg_yearly": 0,
            "eps_latest_yearly": 0,
            "eps_growth_yearly": 0
        },
        "20021": {
            "year_quarter": 20021,
            "year": 2002,
            "quarter": 1,
            "eps": 0.09,
            "eps_growth_year": -70.97,
            "eps_4q": 0.47,
            "eps_4q_growth_year": -50.22,
            "roe": 0.69,
            "roe_4q": 3.5999999999999996,
            "gross_profit": 95253,
            "gross_margin": 18.8,
            "gross_margin_4q_avg": 16.59,
            "net_income": 16831,
            "net_income_4q": null,
            "revenue": 506620,
            "revenue_4q": null,
            "common_shares": 1982173,
            "book_valuer_per_share": 12.06,
            "book_valuer_per_share_4q_avg": 12.46,
            "equity": 2391082,
            "current_ratio": 193.85,
            "debt_ratio": 39.68,
            "inventory_turnover_ratio": 0.44,
            "account_receivable_turnover_ratio": null,
            "reinvestment_rate": null,
            "research_to_sale_ratio": null,
            "price_fair": 1.08,
            "eps_avg_yearly": 0.36,
            "eps_latest_yearly": 0.36,
            "eps_growth_yearly": -142.86
        },
        "20022": {
            "year_quarter": 20022,
            "year": 2002,
            "quarter": 2,
            "eps": -0.16,
            "eps_growth_year": -328.57,
            "eps_4q": 0.21,
            "eps_4q_growth_year": -64.29,
            "roe": -1.37,
            "roe_4q": 1.64,
            "gross_profit": 30702,
            "gross_margin": 4.9,
            "gross_margin_4q_avg": 13.6,
            "net_income": -31980,
            "net_income_4q": null,
            "revenue": 626723,
            "revenue_4q": null,
            "common_shares": 1982173,
            "book_valuer_per_share": 11.46,
            "book_valuer_per_share_4q_avg": 12.06,
            "equity": 2270625,
            "current_ratio": 180.61,
            "debt_ratio": 41.46,
            "inventory_turnover_ratio": 0.65,
            "account_receivable_turnover_ratio": null,
            "reinvestment_rate": null,
            "research_to_sale_ratio": null,
            "price_fair": 1.08,
            "eps_avg_yearly": 0.36,
            "eps_latest_yearly": 0.36,
            "eps_growth_yearly": -142.86
        },
        "20023": {
            "year_quarter": 20023,
            "year": 2002,
            "quarter": 3,
            "eps": 0.11,
            "eps_growth_year": -26.67,
            "eps_4q": 0.17,
            "eps_4q_growth_year": -69.14,
            "roe": 0.9,
            "roe_4q": 1.3199999999999998,
            "gross_profit": 84772,
            "gross_margin": 14.19,
            "gross_margin_4q_avg": 12.15,
            "net_income": 20447,
            "net_income_4q": null,
            "revenue": 597392,
            "revenue_4q": null,
            "common_shares": 2060870,
            "book_valuer_per_share": 11.09,
            "book_valuer_per_share_4q_avg": 11.76,
            "equity": 2284825,
            "current_ratio": 177.32,
            "debt_ratio": 42.09,
            "inventory_turnover_ratio": 0.61,
            "account_receivable_turnover_ratio": null,
            "reinvestment_rate": null,
            "research_to_sale_ratio": null,
            "price_fair": 1.08,
            "eps_avg_yearly": 0.36,
            "eps_latest_yearly": 0.36,
            "eps_growth_yearly": -142.86
        },
        "20024": {
            "year_quarter": 20024,
            "year": 2002,
            "quarter": 4,
            "eps": -0.33,
            "eps_growth_year": -335.71,
            "eps_4q": -0.3,
            "eps_4q_growth_year": -143.87,
            "roe": -2.77,
            "roe_4q": -2.5500000000000003,
            "gross_profit": 19110,
            "gross_margin": 2.61,
            "gross_margin_4q_avg": 10.13,
            "net_income": -62275,
            "net_income_4q": null,
            "revenue": 732832,
            "revenue_4q": null,
            "common_shares": 2019870,
            "book_valuer_per_share": 10.93,
            "book_valuer_per_share_4q_avg": 11.39,
            "equity": 2208020,
            "current_ratio": 166.04,
            "debt_ratio": 44.58,
            "inventory_turnover_ratio": 0.91,
            "account_receivable_turnover_ratio": null,
            "reinvestment_rate": 55.24,
            "research_to_sale_ratio": null,
            "price_fair": 1.08,
            "eps_avg_yearly": 0.36,
            "eps_latest_yearly": 0.36,
            "eps_growth_yearly": -142.86
        },
        "20031": {
            "year_quarter": 20031,
            "year": 2003,
            "quarter": 1,
            "eps": -0.06,
            "eps_growth_year": -166.67,
            "eps_4q": -0.44,
            "eps_4q_growth_year": -193.57,
            "roe": -0.53,
            "roe_4q": -3.77,
            "gross_profit": 49626,
            "gross_margin": 9.54,
            "gross_margin_4q_avg": 7.81,
            "net_income": -11701,
            "net_income_4q": null,
            "revenue": 520177,
            "revenue_4q": null,
            "common_shares": 2019870,
            "book_valuer_per_share": 10.9,
            "book_valuer_per_share_4q_avg": 11.1,
            "equity": 2201047,
            "current_ratio": 161.46,
            "debt_ratio": 45.97,
            "inventory_turnover_ratio": 0.62,
            "account_receivable_turnover_ratio": null,
            "reinvestment_rate": 55.92,
            "research_to_sale_ratio": null,
            "price_fair": 1.08,
            "eps_avg_yearly": 0.36,
            "eps_latest_yearly": 0.36,
            "eps_growth_yearly": -142.86
        },
        "20032": {
            "year_quarter": 20032,
            "year": 2003,
            "quarter": 2,
            "eps": -0.06,
            "eps_growth_year": null,
            "eps_4q": -0.32,
            "eps_4q_growth_year": -254.31,
            "roe": -0.51,
            "roe_4q": -2.91,
            "gross_profit": 56184,
            "gross_margin": 8.28,
            "gross_margin_4q_avg": 8.66,
            "net_income": -11285,
            "net_income_4q": null,
            "revenue": 678183,
            "revenue_4q": null,
            "common_shares": 2019870,
            "book_valuer_per_share": 10.85,
            "book_valuer_per_share_4q_avg": 10.94,
            "equity": 2190664,
            "current_ratio": 166.72,
            "debt_ratio": 44.25,
            "inventory_turnover_ratio": 0.83,
            "account_receivable_turnover_ratio": null,
            "reinvestment_rate": 55.35,
            "research_to_sale_ratio": null,
            "price_fair": 1.08,
            "eps_avg_yearly": 0.36,
            "eps_latest_yearly": 0.36,
            "eps_growth_yearly": -142.86
        },
        "20033": {
            "year_quarter": 20033,
            "year": 2003,
            "quarter": 3,
            "eps": -0.08,
            "eps_growth_year": -172.73,
            "eps_4q": -0.5,
            "eps_4q_growth_year": -388.8,
            "roe": -0.72,
            "roe_4q": -4.53,
            "gross_profit": 54155,
            "gross_margin": 7.84,
            "gross_margin_4q_avg": 7.07,
            "net_income": -15734,
            "net_income_4q": null,
            "revenue": 690578,
            "revenue_4q": null,
            "common_shares": 2019870,
            "book_valuer_per_share": 10.76,
            "book_valuer_per_share_4q_avg": 10.86,
            "equity": 2174368,
            "current_ratio": 165.24,
            "debt_ratio": 44.52,
            "inventory_turnover_ratio": 0.97,
            "account_receivable_turnover_ratio": null,
            "reinvestment_rate": 67.15,
            "research_to_sale_ratio": null,
            "price_fair": 1.08,
            "eps_avg_yearly": 0.36,
            "eps_latest_yearly": 0.36,
            "eps_growth_yearly": -142.86
        },
        "20034": {
            "year_quarter": 20034,
            "year": 2003,
            "quarter": 4,
            "eps": -0.01,
            "eps_growth_year": null,
            "eps_4q": -0.22,
            "eps_4q_growth_year": null,
            "roe": -0.11,
            "roe_4q": -1.8699999999999999,
            "gross_profit": 61945,
            "gross_margin": 7.34,
            "gross_margin_4q_avg": 8.25,
            "net_income": -2480,
            "net_income_4q": null,
            "revenue": 843746,
            "revenue_4q": null,
            "common_shares": 2010670,
            "book_valuer_per_share": 10.82,
            "book_valuer_per_share_4q_avg": 10.83,
            "equity": 2175669,
            "current_ratio": 165.71,
            "debt_ratio": 44.7,
            "inventory_turnover_ratio": 1.33,
            "account_receivable_turnover_ratio": null,
            "reinvestment_rate": 78.84,
            "research_to_sale_ratio": null,
            "price_fair": 1.08,
            "eps_avg_yearly": 0.36,
            "eps_latest_yearly": 0.36,
            "eps_growth_yearly": -142.86
        },
        "20041": {
            "year_quarter": 20041,
            "year": 2004,
            "quarter": 1,
            "eps": -0.03,
            "eps_growth_year": null,
            "eps_4q": -0.19,
            "eps_4q_growth_year": null,
            "roe": -0.26,
            "roe_4q": -1.5999999999999999,
            "gross_profit": 57988,
            "gross_margin": 10.9,
            "gross_margin_4q_avg": 8.59,
            "net_income": -5698,
            "net_income_4q": null,
            "revenue": 531830,
            "revenue_4q": null,
            "common_shares": 2010670,
            "book_valuer_per_share": 10.79,
            "book_valuer_per_share_4q_avg": 10.81,
            "equity": 2168690,
            "current_ratio": 171.02,
            "debt_ratio": 42.6,
            "inventory_turnover_ratio": 0.87,
            "account_receivable_turnover_ratio": null,
            "reinvestment_rate": -70.72,
            "research_to_sale_ratio": null,
            "price_fair": 1.08,
            "eps_avg_yearly": 0.36,
            "eps_latest_yearly": 0.36,
            "eps_growth_yearly": -142.86
        },
        "20042": {
            "year_quarter": 20042,
            "year": 2004,
            "quarter": 2,
            "eps": 0.14,
            "eps_growth_year": null,
            "eps_4q": 0.02,
            "eps_4q_growth_year": null,
            "roe": 1.23,
            "roe_4q": 0.14,
            "gross_profit": 69780,
            "gross_margin": 11.18,
            "gross_margin_4q_avg": 9.32,
            "net_income": 26828,
            "net_income_4q": null,
            "revenue": 624428,
            "revenue_4q": null,
            "common_shares": 2010670,
            "book_valuer_per_share": 10.95,
            "book_valuer_per_share_4q_avg": 10.83,
            "equity": 2202280,
            "current_ratio": 171.8,
            "debt_ratio": 42.61,
            "inventory_turnover_ratio": 0.93,
            "account_receivable_turnover_ratio": null,
            "reinvestment_rate": -116.37,
            "research_to_sale_ratio": null,
            "price_fair": 1.08,
            "eps_avg_yearly": 0.36,
            "eps_latest_yearly": 0.36,
            "eps_growth_yearly": -142.86
        },
        "20043": {
            "year_quarter": 20043,
            "year": 2004,
            "quarter": 3,
            "eps": 0.27,
            "eps_growth_year": null,
            "eps_4q": 0.37,
            "eps_4q_growth_year": null,
            "roe": 2.29,
            "roe_4q": 3.15,
            "gross_profit": 123737,
            "gross_margin": 13.43,
            "gross_margin_4q_avg": 10.71,
            "net_income": 50981,
            "net_income_4q": null,
            "revenue": 921347,
            "revenue_4q": null,
            "common_shares": 2010670,
            "book_valuer_per_share": 11.21,
            "book_valuer_per_share_4q_avg": 10.94,
            "equity": 2253858,
            "current_ratio": 158.87,
            "debt_ratio": 46.55,
            "inventory_turnover_ratio": 1.11,
            "account_receivable_turnover_ratio": null,
            "reinvestment_rate": -117.25,
            "research_to_sale_ratio": null,
            "price_fair": 25.2,
            "eps_avg_yearly": 0.72,
            "eps_latest_yearly": 1.08,
            "eps_growth_yearly": 114.29
        },
        "20044": {
            "year_quarter": 20044,
            "year": 2004,
            "quarter": 4,
            "eps": -0.15,
            "eps_growth_year": null,
            "eps_4q": 0.23,
            "eps_4q_growth_year": null,
            "roe": -1.29,
            "roe_4q": 1.97,
            "gross_profit": 87507,
            "gross_margin": 9.24,
            "gross_margin_4q_avg": 11.19,
            "net_income": -28797,
            "net_income_4q": null,
            "revenue": 947403,
            "revenue_4q": null,
            "common_shares": 2010670,
            "book_valuer_per_share": 11.05,
            "book_valuer_per_share_4q_avg": 11,
            "equity": 2221623,
            "current_ratio": 160.96,
            "debt_ratio": 45.74,
            "inventory_turnover_ratio": 1.24,
            "account_receivable_turnover_ratio": null,
            "reinvestment_rate": -177.44,
            "research_to_sale_ratio": null,
            "price_fair": 25.2,
            "eps_avg_yearly": 0.72,
            "eps_latest_yearly": 1.08,
            "eps_growth_yearly": 114.29
        },
        "20051": {
            "year_quarter": 20051,
            "year": 2005,
            "quarter": 1,
            "eps": -0.03,
            "eps_growth_year": null,
            "eps_4q": 0.22,
            "eps_4q_growth_year": null,
            "roe": -0.25,
            "roe_4q": 1.98,
            "gross_profit": 60552,
            "gross_margin": 8.9,
            "gross_margin_4q_avg": 10.69,
            "net_income": -5792,
            "net_income_4q": null,
            "revenue": 680232,
            "revenue_4q": null,
            "common_shares": 2010670,
            "book_valuer_per_share": 11.99,
            "book_valuer_per_share_4q_avg": 11.3,
            "equity": 2410463,
            "current_ratio": 156.63,
            "debt_ratio": 45.75,
            "inventory_turnover_ratio": 0.88,
            "account_receivable_turnover_ratio": null,
            "reinvestment_rate": 1026.44,
            "research_to_sale_ratio": null,
            "price_fair": 25.2,
            "eps_avg_yearly": 0.72,
            "eps_latest_yearly": 1.08,
            "eps_growth_yearly": 114.29
        },
        "20052": {
            "year_quarter": 20052,
            "year": 2005,
            "quarter": 2,
            "eps": -0.11,
            "eps_growth_year": -178.57,
            "eps_4q": -0.02,
            "eps_4q_growth_year": -219.56,
            "roe": -0.84,
            "roe_4q": -0.08999999999999986,
            "gross_profit": 67263,
            "gross_margin": 9.71,
            "gross_margin_4q_avg": 10.32,
            "net_income": -20050,
            "net_income_4q": null,
            "revenue": 692615,
            "revenue_4q": null,
            "common_shares": 2010670,
            "book_valuer_per_share": 11.78,
            "book_valuer_per_share_4q_avg": 11.51,
            "equity": 2368870,
            "current_ratio": 160.72,
            "debt_ratio": 44.88,
            "inventory_turnover_ratio": 0.73,
            "account_receivable_turnover_ratio": null,
            "reinvestment_rate": null,
            "research_to_sale_ratio": null,
            "price_fair": 25.2,
            "eps_avg_yearly": 0.72,
            "eps_latest_yearly": 1.08,
            "eps_growth_yearly": 114.29
        },
        "20053": {
            "year_quarter": 20053,
            "year": 2005,
            "quarter": 3,
            "eps": 0.26,
            "eps_growth_year": -3.7,
            "eps_4q": -0.03,
            "eps_4q_growth_year": -106.98,
            "roe": 2.07,
            "roe_4q": -0.31000000000000005,
            "gross_profit": 116208,
            "gross_margin": 13.19,
            "gross_margin_4q_avg": 10.26,
            "net_income": 49720,
            "net_income_4q": null,
            "revenue": 880897,
            "revenue_4q": null,
            "common_shares": 2010670,
            "book_valuer_per_share": 12.06,
            "book_valuer_per_share_4q_avg": 11.72,
            "equity": 2424898,
            "current_ratio": 173.38,
            "debt_ratio": 41.47,
            "inventory_turnover_ratio": 0.86,
            "account_receivable_turnover_ratio": null,
            "reinvestment_rate": null,
            "research_to_sale_ratio": null,
            "price_fair": 25.2,
            "eps_avg_yearly": 0.72,
            "eps_latest_yearly": 1.08,
            "eps_growth_yearly": 114.29
        },
        "20054": {
            "year_quarter": 20054,
            "year": 2005,
            "quarter": 4,
            "eps": 0.11,
            "eps_growth_year": null,
            "eps_4q": 0.23,
            "eps_4q_growth_year": 0.79,
            "roe": 0.87,
            "roe_4q": 1.85,
            "gross_profit": 111878,
            "gross_margin": 11.53,
            "gross_margin_4q_avg": 10.83,
            "net_income": 21563,
            "net_income_4q": null,
            "revenue": 970283,
            "revenue_4q": null,
            "common_shares": 2010670,
            "book_valuer_per_share": 12.16,
            "book_valuer_per_share_4q_avg": 12,
            "equity": 2534460,
            "current_ratio": 175.25,
            "debt_ratio": 44.71,
            "inventory_turnover_ratio": 0.97,
            "account_receivable_turnover_ratio": null,
            "reinvestment_rate": null,
            "research_to_sale_ratio": null,
            "price_fair": 1.88,
            "eps_avg_yearly": 0.63,
            "eps_latest_yearly": 0.44,
            "eps_growth_yearly": -0.73
        },
        "20061": {
            "year_quarter": 20061,
            "year": 2006,
            "quarter": 1,
            "eps": 0.12,
            "eps_growth_year": null,
            "eps_4q": 0.39,
            "eps_4q_growth_year": 73.62,
            "roe": 0.91,
            "roe_4q": 3.01,
            "gross_profit": 104197,
            "gross_margin": 15.22,
            "gross_margin_4q_avg": 12.41,
            "net_income": 22884,
            "net_income_4q": null,
            "revenue": 684616,
            "revenue_4q": null,
            "common_shares": 2010670,
            "book_valuer_per_share": 12.27,
            "book_valuer_per_share_4q_avg": 12.07,
            "equity": 2467947,
            "current_ratio": 183.12,
            "debt_ratio": 39.27,
            "inventory_turnover_ratio": 0.69,
            "account_receivable_turnover_ratio": null,
            "reinvestment_rate": null,
            "research_to_sale_ratio": null,
            "price_fair": 23.33,
            "eps_avg_yearly": 0.67,
            "eps_latest_yearly": 0.48,
            "eps_growth_yearly": 59.01
        },
        "20062": {
            "year_quarter": 20062,
            "year": 2006,
            "quarter": 2,
            "eps": 0.07,
            "eps_growth_year": null,
            "eps_4q": 0.58,
            "eps_4q_growth_year": null,
            "roe": 0.53,
            "roe_4q": 4.38,
            "gross_profit": 107604,
            "gross_margin": 14.1,
            "gross_margin_4q_avg": 13.51,
            "net_income": 12909,
            "net_income_4q": null,
            "revenue": 763151,
            "revenue_4q": null,
            "common_shares": 2010670,
            "book_valuer_per_share": 12.13,
            "book_valuer_per_share_4q_avg": 12.16,
            "equity": 2438508,
            "current_ratio": 173.99,
            "debt_ratio": 40.84,
            "inventory_turnover_ratio": 0.89,
            "account_receivable_turnover_ratio": null,
            "reinvestment_rate": 288.27,
            "research_to_sale_ratio": null,
            "price_fair": 7.18,
            "eps_avg_yearly": 0.57,
            "eps_latest_yearly": 0.28,
            "eps_growth_yearly": 2.59
        },
        "20063": {
            "year_quarter": 20063,
            "year": 2006,
            "quarter": 3,
            "eps": 0.08,
            "eps_growth_year": -69.23,
            "eps_4q": 0.38,
            "eps_4q_growth_year": null,
            "roe": 0.63,
            "roe_4q": 2.9400000000000004,
            "gross_profit": 97109,
            "gross_margin": 14.18,
            "gross_margin_4q_avg": 13.76,
            "net_income": 15484,
            "net_income_4q": null,
            "revenue": 684667,
            "revenue_4q": null,
            "common_shares": 2010670,
            "book_valuer_per_share": 12.23,
            "book_valuer_per_share_4q_avg": 12.2,
            "equity": 2459076,
            "current_ratio": 175.51,
            "debt_ratio": 40.73,
            "inventory_turnover_ratio": 0.83,
            "account_receivable_turnover_ratio": null,
            "reinvestment_rate": 344.55,
            "research_to_sale_ratio": null,
            "price_fair": 12.22,
            "eps_avg_yearly": 0.52,
            "eps_latest_yearly": 0.32,
            "eps_growth_yearly": 13.5
        },
        "20064": {
            "year_quarter": 20064,
            "year": 2006,
            "quarter": 4,
            "eps": 0.03,
            "eps_growth_year": -72.73,
            "eps_4q": 0.28,
            "eps_4q_growth_year": 21.98,
            "roe": 0.24,
            "roe_4q": 2.31,
            "gross_profit": 99142,
            "gross_margin": 11.29,
            "gross_margin_4q_avg": 13.7,
            "net_income": 6086,
            "net_income_4q": null,
            "revenue": 877783,
            "revenue_4q": null,
            "common_shares": 2010670,
            "book_valuer_per_share": 12.27,
            "book_valuer_per_share_4q_avg": 12.23,
            "equity": 2548390,
            "current_ratio": 179.02,
            "debt_ratio": 44.5,
            "inventory_turnover_ratio": 1.07,
            "account_receivable_turnover_ratio": null,
            "reinvestment_rate": 241,
            "research_to_sale_ratio": null,
            "price_fair": 1.36,
            "eps_avg_yearly": 0.45,
            "eps_latest_yearly": 0.12,
            "eps_growth_yearly": -30.42
        },
        "20071": {
            "year_quarter": 20071,
            "year": 2007,
            "quarter": 1,
            "eps": 0.04,
            "eps_growth_year": -66.67,
            "eps_4q": 0.23,
            "eps_4q_growth_year": -41.9,
            "roe": 0.3,
            "roe_4q": 1.7,
            "gross_profit": 79627,
            "gross_margin": 14.6,
            "gross_margin_4q_avg": 13.54,
            "net_income": 7422,
            "net_income_4q": null,
            "revenue": 545328,
            "revenue_4q": null,
            "common_shares": 2010670,
            "book_valuer_per_share": 12.32,
            "book_valuer_per_share_4q_avg": 12.24,
            "equity": 2476281,
            "current_ratio": 182.09,
            "debt_ratio": 39.11,
            "inventory_turnover_ratio": 0.68,
            "account_receivable_turnover_ratio": null,
            "reinvestment_rate": 107.96,
            "research_to_sale_ratio": null,
            "price_fair": 1.23,
            "eps_avg_yearly": 0.41,
            "eps_latest_yearly": 0.16,
            "eps_growth_yearly": -7.02
        },
        "20072": {
            "year_quarter": 20072,
            "year": 2007,
            "quarter": 2,
            "eps": 0.2,
            "eps_growth_year": 185.71,
            "eps_4q": 0.35,
            "eps_4q_growth_year": -38.96,
            "roe": 1.53,
            "roe_4q": 2.7,
            "gross_profit": 123037,
            "gross_margin": 16,
            "gross_margin_4q_avg": 14.02,
            "net_income": 37555,
            "net_income_4q": null,
            "revenue": 769163,
            "revenue_4q": null,
            "common_shares": 2010670,
            "book_valuer_per_share": 12.16,
            "book_valuer_per_share_4q_avg": 12.25,
            "equity": 2444121,
            "current_ratio": 175.84,
            "debt_ratio": 41.2,
            "inventory_turnover_ratio": 0.99,
            "account_receivable_turnover_ratio": null,
            "reinvestment_rate": 79.62,
            "research_to_sale_ratio": null,
            "price_fair": 16.1,
            "eps_avg_yearly": 0.46,
            "eps_latest_yearly": 0.8,
            "eps_growth_yearly": 193.85
        },
        "20073": {
            "year_quarter": 20073,
            "year": 2007,
            "quarter": 3,
            "eps": 0.08,
            "eps_growth_year": 0,
            "eps_4q": 0.33,
            "eps_4q_growth_year": -11.09,
            "roe": 0.65,
            "roe_4q": 2.7199999999999998,
            "gross_profit": 80868,
            "gross_margin": 10.66,
            "gross_margin_4q_avg": 13.14,
            "net_income": 16044,
            "net_income_4q": null,
            "revenue": 758568,
            "revenue_4q": null,
            "common_shares": 2010670,
            "book_valuer_per_share": 12.24,
            "book_valuer_per_share_4q_avg": 12.25,
            "equity": 2461248,
            "current_ratio": 173.2,
            "debt_ratio": 39.99,
            "inventory_turnover_ratio": 0.99,
            "account_receivable_turnover_ratio": null,
            "reinvestment_rate": 100.36,
            "research_to_sale_ratio": null,
            "price_fair": 15.56,
            "eps_avg_yearly": 0.44,
            "eps_latest_yearly": 0.32,
            "eps_growth_yearly": 145.65
        },
        "20074": {
            "year_quarter": 20074,
            "year": 2007,
            "quarter": 4,
            "eps": 0.03,
            "eps_growth_year": 0,
            "eps_4q": 0.4,
            "eps_4q_growth_year": 42.55,
            "roe": 0.19,
            "roe_4q": 2.67,
            "gross_profit": 128662,
            "gross_margin": 13.53,
            "gross_margin_4q_avg": 13.7,
            "net_income": 4907,
            "net_income_4q": null,
            "revenue": 950601,
            "revenue_4q": null,
            "common_shares": 2010670,
            "book_valuer_per_share": 12.33,
            "book_valuer_per_share_4q_avg": 12.26,
            "equity": 2602093,
            "current_ratio": 175.77,
            "debt_ratio": 43.21,
            "inventory_turnover_ratio": 0.95,
            "account_receivable_turnover_ratio": null,
            "reinvestment_rate": 159.47,
            "research_to_sale_ratio": null,
            "price_fair": 14.42,
            "eps_avg_yearly": 0.41,
            "eps_latest_yearly": 0.12,
            "eps_growth_yearly": 106.08
        },
        "20081": {
            "year_quarter": 20081,
            "year": 2008,
            "quarter": 1,
            "eps": 0.04,
            "eps_growth_year": 0,
            "eps_4q": 0.46,
            "eps_4q_growth_year": 101.96,
            "roe": 0.22,
            "roe_4q": 2.59,
            "gross_profit": 121873,
            "gross_margin": 15.56,
            "gross_margin_4q_avg": 13.94,
            "net_income": 5802,
            "net_income_4q": null,
            "revenue": 783071,
            "revenue_4q": null,
            "common_shares": 2010670,
            "book_valuer_per_share": 12.35,
            "book_valuer_per_share_4q_avg": 12.27,
            "equity": 2600892,
            "current_ratio": 176.53,
            "debt_ratio": 41.82,
            "inventory_turnover_ratio": 0.65,
            "account_receivable_turnover_ratio": null,
            "reinvestment_rate": 153.24,
            "research_to_sale_ratio": null,
            "price_fair": 13.62,
            "eps_avg_yearly": 0.39,
            "eps_latest_yearly": 0.16,
            "eps_growth_yearly": 108.56
        },
        "20082": {
            "year_quarter": 20082,
            "year": 2008,
            "quarter": 2,
            "eps": -0.02,
            "eps_growth_year": -110,
            "eps_4q": 0.12,
            "eps_4q_growth_year": -64.77,
            "roe": -0.22,
            "roe_4q": 0.8400000000000001,
            "gross_profit": 100321,
            "gross_margin": 11.41,
            "gross_margin_4q_avg": 12.79,
            "net_income": -5664,
            "net_income_4q": null,
            "revenue": 878931,
            "revenue_4q": null,
            "common_shares": 2010670,
            "book_valuer_per_share": 12.05,
            "book_valuer_per_share_4q_avg": 12.24,
            "equity": 2537864,
            "current_ratio": 171.48,
            "debt_ratio": 43.21,
            "inventory_turnover_ratio": 0.76,
            "account_receivable_turnover_ratio": null,
            "reinvestment_rate": 181.64,
            "research_to_sale_ratio": null,
            "price_fair": 13.62,
            "eps_avg_yearly": 0.39,
            "eps_latest_yearly": 0.16,
            "eps_growth_yearly": 108.56
        },
        "20083": {
            "year_quarter": 20083,
            "year": 2008,
            "quarter": 3,
            "eps": 0.01,
            "eps_growth_year": -87.5,
            "eps_4q": 0.06,
            "eps_4q_growth_year": -83.35,
            "roe": 0.15,
            "roe_4q": 0.33999999999999997,
            "gross_profit": 107948,
            "gross_margin": 12.21,
            "gross_margin_4q_avg": 13.18,
            "net_income": 3885,
            "net_income_4q": null,
            "revenue": 884369,
            "revenue_4q": null,
            "common_shares": 2010670,
            "book_valuer_per_share": 12.11,
            "book_valuer_per_share_4q_avg": 12.21,
            "equity": 2573184,
            "current_ratio": 164.39,
            "debt_ratio": 44.77,
            "inventory_turnover_ratio": 0.69,
            "account_receivable_turnover_ratio": null,
            "reinvestment_rate": 256.48,
            "research_to_sale_ratio": null,
            "price_fair": 11.2,
            "eps_avg_yearly": 0.32,
            "eps_latest_yearly": 0.16,
            "eps_growth_yearly": 82.27
        },
        "20084": {
            "year_quarter": 20084,
            "year": 2008,
            "quarter": 4,
            "eps": -0.81,
            "eps_growth_year": -2800,
            "eps_4q": -0.75,
            "eps_4q_growth_year": -284.93,
            "roe": -6.26,
            "roe_4q": -6.109999999999999,
            "gross_profit": 105762,
            "gross_margin": 10.77,
            "gross_margin_4q_avg": 12.49,
            "net_income": -156127,
            "net_income_4q": null,
            "revenue": 982228,
            "revenue_4q": null,
            "common_shares": 2010670,
            "book_valuer_per_share": 11.36,
            "book_valuer_per_share_4q_avg": 11.97,
            "equity": 2418640,
            "current_ratio": 157.85,
            "debt_ratio": 47.04,
            "inventory_turnover_ratio": 0.77,
            "account_receivable_turnover_ratio": 1.46,
            "reinvestment_rate": 2231.69,
            "research_to_sale_ratio": null,
            "price_fair": 11.2,
            "eps_avg_yearly": 0.32,
            "eps_latest_yearly": 0.16,
            "eps_growth_yearly": 82.27
        },
        "20091": {
            "year_quarter": 20091,
            "year": 2009,
            "quarter": 1,
            "eps": 0.13,
            "eps_growth_year": 225,
            "eps_4q": -0.62,
            "eps_4q_growth_year": -235.08,
            "roe": 1.12,
            "roe_4q": -5.209999999999999,
            "gross_profit": 129985,
            "gross_margin": 16.4,
            "gross_margin_4q_avg": 12.7,
            "net_income": 27388,
            "net_income_4q": null,
            "revenue": 792577,
            "revenue_4q": null,
            "common_shares": 2010670,
            "book_valuer_per_share": 11.5,
            "book_valuer_per_share_4q_avg": 11.76,
            "equity": 2452631,
            "current_ratio": 169.28,
            "debt_ratio": 43.68,
            "inventory_turnover_ratio": 0.63,
            "account_receivable_turnover_ratio": 0.58,
            "reinvestment_rate": 268.29,
            "research_to_sale_ratio": null,
            "price_fair": 11.2,
            "eps_avg_yearly": 0.32,
            "eps_latest_yearly": 0.16,
            "eps_growth_yearly": 82.27
        },
        "20092": {
            "year_quarter": 20092,
            "year": 2009,
            "quarter": 2,
            "eps": -0.04,
            "eps_growth_year": null,
            "eps_4q": -0.67,
            "eps_4q_growth_year": -632.64,
            "roe": -0.35,
            "roe_4q": -5.339999999999999,
            "gross_profit": 89209,
            "gross_margin": 13.19,
            "gross_margin_4q_avg": 13.14,
            "net_income": -8472,
            "net_income_4q": null,
            "revenue": 676519,
            "revenue_4q": null,
            "common_shares": 2010670,
            "book_valuer_per_share": 11.45,
            "book_valuer_per_share_4q_avg": 11.61,
            "equity": 2435320,
            "current_ratio": 173.03,
            "debt_ratio": 42.86,
            "inventory_turnover_ratio": 0.55,
            "account_receivable_turnover_ratio": 0.52,
            "reinvestment_rate": 225.7,
            "research_to_sale_ratio": null,
            "price_fair": 11.2,
            "eps_avg_yearly": 0.32,
            "eps_latest_yearly": 0.16,
            "eps_growth_yearly": 82.27
        },
        "20093": {
            "year_quarter": 20093,
            "year": 2009,
            "quarter": 3,
            "eps": 0.03,
            "eps_growth_year": 200,
            "eps_4q": -0.52,
            "eps_4q_growth_year": -1024.68,
            "roe": 0.31,
            "roe_4q": -5.18,
            "gross_profit": 105005,
            "gross_margin": 11.92,
            "gross_margin_4q_avg": 13.07,
            "net_income": 7610,
            "net_income_4q": null,
            "revenue": 880917,
            "revenue_4q": null,
            "common_shares": 2010670,
            "book_valuer_per_share": 11.46,
            "book_valuer_per_share_4q_avg": 11.44,
            "equity": 2439257,
            "current_ratio": 170.21,
            "debt_ratio": 42.47,
            "inventory_turnover_ratio": 0.76,
            "account_receivable_turnover_ratio": 0.72,
            "reinvestment_rate": 730.43,
            "research_to_sale_ratio": null,
            "price_fair": 11.2,
            "eps_avg_yearly": 0.32,
            "eps_latest_yearly": 0.16,
            "eps_growth_yearly": 82.27
        },
        "20094": {
            "year_quarter": 20094,
            "year": 2009,
            "quarter": 4,
            "eps": 0.07,
            "eps_growth_year": null,
            "eps_4q": 0.19,
            "eps_4q_growth_year": null,
            "roe": 0.44,
            "roe_4q": 1.52,
            "gross_profit": 128383,
            "gross_margin": 13.63,
            "gross_margin_4q_avg": 13.79,
            "net_income": 10831,
            "net_income_4q": null,
            "revenue": 942174,
            "revenue_4q": null,
            "common_shares": 2010670,
            "book_valuer_per_share": 12.2,
            "book_valuer_per_share_4q_avg": 11.65,
            "equity": 2487614,
            "current_ratio": 190.47,
            "debt_ratio": 38.64,
            "inventory_turnover_ratio": 0.91,
            "account_receivable_turnover_ratio": 1.67,
            "reinvestment_rate": 5180.05,
            "research_to_sale_ratio": null,
            "price_fair": 10.64,
            "eps_avg_yearly": 0.3,
            "eps_latest_yearly": 0.28,
            "eps_growth_yearly": 158.68
        },
        "20101": {
            "year_quarter": 20101,
            "year": 2010,
            "quarter": 1,
            "eps": -0.07,
            "eps_growth_year": -153.85,
            "eps_4q": -0.01,
            "eps_4q_growth_year": null,
            "roe": -0.43,
            "roe_4q": -0.02999999999999997,
            "gross_profit": 80978,
            "gross_margin": 13.35,
            "gross_margin_4q_avg": 13.02,
            "net_income": -10723,
            "net_income_4q": null,
            "revenue": 606569,
            "revenue_4q": null,
            "common_shares": 2010670,
            "book_valuer_per_share": 12.13,
            "book_valuer_per_share_4q_avg": 11.81,
            "equity": 2475037,
            "current_ratio": 193.78,
            "debt_ratio": 37.85,
            "inventory_turnover_ratio": 0.61,
            "account_receivable_turnover_ratio": 0.56,
            "reinvestment_rate": null,
            "research_to_sale_ratio": 3.29,
            "price_fair": 9.96,
            "eps_avg_yearly": 0.28,
            "eps_latest_yearly": 0.28,
            "eps_growth_yearly": 172.28
        },
        "20102": {
            "year_quarter": 20102,
            "year": 2010,
            "quarter": 2,
            "eps": 0.04,
            "eps_growth_year": null,
            "eps_4q": 0.07,
            "eps_4q_growth_year": null,
            "roe": 0.34,
            "roe_4q": 0.66,
            "gross_profit": 103744,
            "gross_margin": 13,
            "gross_margin_4q_avg": 12.98,
            "net_income": 8302,
            "net_income_4q": null,
            "revenue": 797909,
            "revenue_4q": null,
            "common_shares": 2010670,
            "book_valuer_per_share": 12.02,
            "book_valuer_per_share_4q_avg": 11.95,
            "equity": 2455236,
            "current_ratio": 179.48,
            "debt_ratio": 41.06,
            "inventory_turnover_ratio": 0.77,
            "account_receivable_turnover_ratio": 0.69,
            "reinvestment_rate": null,
            "research_to_sale_ratio": 2.97,
            "price_fair": 9.98,
            "eps_avg_yearly": 0.29,
            "eps_latest_yearly": 0.28,
            "eps_growth_yearly": 214.64
        },
        "20103": {
            "year_quarter": 20103,
            "year": 2010,
            "quarter": 3,
            "eps": 0.11,
            "eps_growth_year": 254.34,
            "eps_4q": 0.14,
            "eps_4q_growth_year": null,
            "roe": 0.92,
            "roe_4q": 1.27,
            "gross_profit": 117388,
            "gross_margin": 13.71,
            "gross_margin_4q_avg": 13.42,
            "net_income": 22696,
            "net_income_4q": null,
            "revenue": 856269,
            "revenue_4q": null,
            "common_shares": 2010670,
            "book_valuer_per_share": 12.12,
            "book_valuer_per_share_4q_avg": 12.12,
            "equity": 2475680,
            "current_ratio": 177.81,
            "debt_ratio": 41.71,
            "inventory_turnover_ratio": 0.77,
            "account_receivable_turnover_ratio": 0.67,
            "reinvestment_rate": null,
            "research_to_sale_ratio": 2.14,
            "price_fair": 10.5,
            "eps_avg_yearly": 0.3,
            "eps_latest_yearly": 0.44,
            "eps_growth_yearly": 295
        },
        "20104": {
            "year_quarter": 20104,
            "year": 2010,
            "quarter": 4,
            "eps": 0.3,
            "eps_growth_year": 325.49,
            "eps_4q": 0.37,
            "eps_4q_growth_year": 100.94,
            "roe": 2.14,
            "roe_4q": 2.9699999999999998,
            "gross_profit": 168595,
            "gross_margin": 12.45,
            "gross_margin_4q_avg": 13.13,
            "net_income": 53123,
            "net_income_4q": null,
            "revenue": 1354263,
            "revenue_4q": null,
            "common_shares": 2010670,
            "book_valuer_per_share": 12.29,
            "book_valuer_per_share_4q_avg": 12.14,
            "equity": 2498520,
            "current_ratio": 171.78,
            "debt_ratio": 44.12,
            "inventory_turnover_ratio": 1.34,
            "account_receivable_turnover_ratio": 0.96,
            "reinvestment_rate": 1230.49,
            "research_to_sale_ratio": 2.12,
            "price_fair": 15.23,
            "eps_avg_yearly": 0.44,
            "eps_latest_yearly": 1.2,
            "eps_growth_yearly": 412.61
        },
        "20111": {
            "year_quarter": 20111,
            "year": 2011,
            "quarter": 1,
            "eps": 0.14,
            "eps_growth_year": null,
            "eps_4q": 0.58,
            "eps_4q_growth_year": null,
            "roe": 1.09,
            "roe_4q": 4.49,
            "gross_profit": 109511,
            "gross_margin": 14.36,
            "gross_margin_4q_avg": 13.38,
            "net_income": 27508,
            "net_income_4q": null,
            "revenue": 762486,
            "revenue_4q": null,
            "common_shares": 2010670,
            "book_valuer_per_share": 12.44,
            "book_valuer_per_share_4q_avg": 12.22,
            "equity": 2529309,
            "current_ratio": 177.97,
            "debt_ratio": 42.51,
            "inventory_turnover_ratio": 0.82,
            "account_receivable_turnover_ratio": 0.49,
            "reinvestment_rate": 750.97,
            "research_to_sale_ratio": 2.88,
            "price_fair": 16.98,
            "eps_avg_yearly": 0.49,
            "eps_latest_yearly": 0.56,
            "eps_growth_yearly": 369.28
        },
        "20112": {
            "year_quarter": 20112,
            "year": 2011,
            "quarter": 2,
            "eps": 0.05,
            "eps_growth_year": 40.38,
            "eps_4q": 0.59,
            "eps_4q_growth_year": 805.31,
            "roe": 0.32,
            "roe_4q": 4.470000000000001,
            "gross_profit": 116647,
            "gross_margin": 11.4,
            "gross_margin_4q_avg": 12.98,
            "net_income": 7967,
            "net_income_4q": null,
            "revenue": 1023123,
            "revenue_4q": null,
            "common_shares": 2010670,
            "book_valuer_per_share": 12.17,
            "book_valuer_per_share_4q_avg": 12.26,
            "equity": 2473582,
            "current_ratio": 174.11,
            "debt_ratio": 43.05,
            "inventory_turnover_ratio": 1.08,
            "account_receivable_turnover_ratio": 0.68,
            "reinvestment_rate": 2072.42,
            "research_to_sale_ratio": 2.13,
            "price_fair": 14.35,
            "eps_avg_yearly": 0.41,
            "eps_latest_yearly": 0.2,
            "eps_growth_yearly": 137.14
        },
        "20113": {
            "year_quarter": 20113,
            "year": 2011,
            "quarter": 3,
            "eps": -0.01,
            "eps_growth_year": -104.87,
            "eps_4q": 0.48,
            "eps_4q_growth_year": 230.8,
            "roe": -0.1,
            "roe_4q": 3.45,
            "gross_profit": 105293,
            "gross_margin": 11.73,
            "gross_margin_4q_avg": 12.49,
            "net_income": -2562,
            "net_income_4q": null,
            "revenue": 897945,
            "revenue_4q": null,
            "common_shares": 2010670,
            "book_valuer_per_share": 12.22,
            "book_valuer_per_share_4q_avg": 12.28,
            "equity": 2487986,
            "current_ratio": 170.75,
            "debt_ratio": 43.94,
            "inventory_turnover_ratio": 0.92,
            "account_receivable_turnover_ratio": 0.6,
            "reinvestment_rate": null,
            "research_to_sale_ratio": 2.74,
            "price_fair": 14.8,
            "eps_avg_yearly": 0.42,
            "eps_latest_yearly": 0.2,
            "eps_growth_yearly": 191.01
        },
        "20114": {
            "year_quarter": 20114,
            "year": 2011,
            "quarter": 4,
            "eps": 0.23,
            "eps_growth_year": -23.84,
            "eps_4q": 0.41,
            "eps_4q_growth_year": 8.82,
            "roe": 1.84,
            "roe_4q": 3.1500000000000004,
            "gross_profit": 147889,
            "gross_margin": 14.36,
            "gross_margin_4q_avg": 12.96,
            "net_income": 45406,
            "net_income_4q": null,
            "revenue": 1030205,
            "revenue_4q": null,
            "common_shares": 2010670,
            "book_valuer_per_share": 12.3,
            "book_valuer_per_share_4q_avg": 12.28,
            "equity": 2435867,
            "current_ratio": 170.02,
            "debt_ratio": 44.68,
            "inventory_turnover_ratio": 1.11,
            "account_receivable_turnover_ratio": 0.67,
            "reinvestment_rate": 468.7,
            "research_to_sale_ratio": 2.32,
            "price_fair": 16.57,
            "eps_avg_yearly": 0.47,
            "eps_latest_yearly": 0.2,
            "eps_growth_yearly": 264.52
        },
        "20121": {
            "year_quarter": 20121,
            "year": 2012,
            "quarter": 1,
            "eps": 0.2,
            "eps_growth_year": 42.86,
            "eps_4q": 0.47,
            "eps_4q_growth_year": -18.63,
            "roe": 1.48,
            "roe_4q": 3.54,
            "gross_profit": 123457,
            "gross_margin": 14.23,
            "gross_margin_4q_avg": 12.93,
            "net_income": 36346,
            "net_income_4q": null,
            "revenue": 867846,
            "revenue_4q": null,
            "common_shares": 2010670,
            "book_valuer_per_share": 12.48,
            "book_valuer_per_share_4q_avg": 12.29,
            "equity": 2468709,
            "current_ratio": 196.32,
            "debt_ratio": 38.79,
            "inventory_turnover_ratio": 1.09,
            "account_receivable_turnover_ratio": 0.64,
            "reinvestment_rate": 243.81,
            "research_to_sale_ratio": 2.25,
            "price_fair": 20.3,
            "eps_avg_yearly": 0.58,
            "eps_latest_yearly": 0.8,
            "eps_growth_yearly": 233.6
        },
        "20122": {
            "year_quarter": 20122,
            "year": 2012,
            "quarter": 2,
            "eps": 0.09,
            "eps_growth_year": 74.62,
            "eps_4q": 0.51,
            "eps_4q_growth_year": -14.24,
            "roe": 0.69,
            "roe_4q": 3.9099999999999997,
            "gross_profit": 133438,
            "gross_margin": 14.16,
            "gross_margin_4q_avg": 13.62,
            "net_income": 16746,
            "net_income_4q": null,
            "revenue": 942539,
            "revenue_4q": null,
            "common_shares": 2010670,
            "book_valuer_per_share": 12.2,
            "book_valuer_per_share_4q_avg": 12.3,
            "equity": 2414910,
            "current_ratio": 177.43,
            "debt_ratio": 42.97,
            "inventory_turnover_ratio": 1.08,
            "account_receivable_turnover_ratio": 0.8,
            "reinvestment_rate": 165.7,
            "research_to_sale_ratio": 2.24,
            "price_fair": 19.2,
            "eps_avg_yearly": 0.55,
            "eps_latest_yearly": 0.36,
            "eps_growth_yearly": 168.8
        },
        "20123": {
            "year_quarter": 20123,
            "year": 2012,
            "quarter": 3,
            "eps": 0.22,
            "eps_growth_year": null,
            "eps_4q": 0.73,
            "eps_4q_growth_year": 52.86,
            "roe": 1.77,
            "roe_4q": 5.78,
            "gross_profit": 151076,
            "gross_margin": 13.65,
            "gross_margin_4q_avg": 14.1,
            "net_income": 43021,
            "net_income_4q": null,
            "revenue": 1106558,
            "revenue_4q": null,
            "common_shares": 2010670,
            "book_valuer_per_share": 12.43,
            "book_valuer_per_share_4q_avg": 12.35,
            "equity": 2459412,
            "current_ratio": 175.07,
            "debt_ratio": 43.92,
            "inventory_turnover_ratio": 1.15,
            "account_receivable_turnover_ratio": 0.79,
            "reinvestment_rate": 103.51,
            "research_to_sale_ratio": 1.93,
            "price_fair": 20.65,
            "eps_avg_yearly": 0.59,
            "eps_latest_yearly": 0.88,
            "eps_growth_yearly": 219.92
        },
        "20124": {
            "year_quarter": 20124,
            "year": 2012,
            "quarter": 4,
            "eps": 0.07,
            "eps_growth_year": -68.15,
            "eps_4q": 0.58,
            "eps_4q_growth_year": 41.57,
            "roe": 0.57,
            "roe_4q": 4.51,
            "gross_profit": 140067,
            "gross_margin": 15.03,
            "gross_margin_4q_avg": 14.27,
            "net_income": 14130,
            "net_income_4q": null,
            "revenue": 931872,
            "revenue_4q": null,
            "common_shares": 2010670,
            "book_valuer_per_share": 12.45,
            "book_valuer_per_share_4q_avg": 12.39,
            "equity": 2462859,
            "current_ratio": 181.3,
            "debt_ratio": 43.02,
            "inventory_turnover_ratio": 0.92,
            "account_receivable_turnover_ratio": 0.63,
            "reinvestment_rate": 42.73,
            "research_to_sale_ratio": 3.11,
            "price_fair": 19.44,
            "eps_avg_yearly": 0.56,
            "eps_latest_yearly": 0.28,
            "eps_growth_yearly": 165.18
        },
        "20131": {
            "year_quarter": 20131,
            "year": 2013,
            "quarter": 1,
            "eps": 0.15,
            "eps_growth_year": -25,
            "eps_4q": 0.54,
            "eps_4q_growth_year": 14.29,
            "roe": 1.13,
            "roe_4q": 4.16,
            "gross_profit": 114757,
            "gross_margin": 11.7,
            "gross_margin_4q_avg": 13.64,
            "net_income": 29044,
            "net_income_4q": null,
            "revenue": 980720,
            "revenue_4q": null,
            "common_shares": 2010670,
            "book_valuer_per_share": 13.51,
            "book_valuer_per_share_4q_avg": 12.65,
            "equity": 2666409,
            "current_ratio": 174.11,
            "debt_ratio": 44.3,
            "inventory_turnover_ratio": 0.96,
            "account_receivable_turnover_ratio": 0.65,
            "reinvestment_rate": 47.02,
            "research_to_sale_ratio": 1.85,
            "price_fair": 19.6,
            "eps_avg_yearly": 0.56,
            "eps_latest_yearly": 0.6,
            "eps_growth_yearly": 194.38
        },
        "20132": {
            "year_quarter": 20132,
            "year": 2013,
            "quarter": 2,
            "eps": 0.12,
            "eps_growth_year": 35.89,
            "eps_4q": 0.56,
            "eps_4q_growth_year": 11.35,
            "roe": 0.83,
            "roe_4q": 4.3,
            "gross_profit": 126421,
            "gross_margin": 13.83,
            "gross_margin_4q_avg": 13.55,
            "net_income": 21939,
            "net_income_4q": null,
            "revenue": 913797,
            "revenue_4q": null,
            "common_shares": 2010670,
            "book_valuer_per_share": 13.11,
            "book_valuer_per_share_4q_avg": 12.88,
            "equity": 2589459,
            "current_ratio": 162.66,
            "debt_ratio": 47.12,
            "inventory_turnover_ratio": 0.9,
            "account_receivable_turnover_ratio": 0.52,
            "reinvestment_rate": 45.17,
            "research_to_sale_ratio": 2.62,
            "price_fair": 19.35,
            "eps_avg_yearly": 0.55,
            "eps_latest_yearly": 0.48,
            "eps_growth_yearly": 169.44
        },
        "20133": {
            "year_quarter": 20133,
            "year": 2013,
            "quarter": 3,
            "eps": 0.01,
            "eps_growth_year": -95.46,
            "eps_4q": 0.35,
            "eps_4q_growth_year": -52.23,
            "roe": 0.03,
            "roe_4q": 2.5599999999999996,
            "gross_profit": 84783,
            "gross_margin": 11.14,
            "gross_margin_4q_avg": 12.93,
            "net_income": 876,
            "net_income_4q": null,
            "revenue": 761236,
            "revenue_4q": null,
            "common_shares": 2010670,
            "book_valuer_per_share": 13.14,
            "book_valuer_per_share_4q_avg": 13.05,
            "equity": 2586447,
            "current_ratio": 167.25,
            "debt_ratio": 45.33,
            "inventory_turnover_ratio": 0.86,
            "account_receivable_turnover_ratio": 0.43,
            "reinvestment_rate": 48.14,
            "research_to_sale_ratio": 2.64,
            "price_fair": 17.85,
            "eps_avg_yearly": 0.51,
            "eps_latest_yearly": 0.04,
            "eps_growth_yearly": 124.76
        },
        "20134": {
            "year_quarter": 20134,
            "year": 2013,
            "quarter": 4,
            "eps": 0.08,
            "eps_growth_year": 16.37,
            "eps_4q": 0.36,
            "eps_4q_growth_year": -37.38,
            "roe": 0.62,
            "roe_4q": 2.61,
            "gross_profit": 113078,
            "gross_margin": 14.11,
            "gross_margin_4q_avg": 12.7,
            "net_income": 16139,
            "net_income_4q": null,
            "revenue": 801263,
            "revenue_4q": null,
            "common_shares": 2010670,
            "book_valuer_per_share": 13.34,
            "book_valuer_per_share_4q_avg": 13.28,
            "equity": 2626094,
            "current_ratio": 176.43,
            "debt_ratio": 41.89,
            "inventory_turnover_ratio": 0.99,
            "account_receivable_turnover_ratio": 0.5,
            "reinvestment_rate": -29.47,
            "research_to_sale_ratio": 2.6,
            "price_fair": 17.97,
            "eps_avg_yearly": 0.51,
            "eps_latest_yearly": 0.32,
            "eps_growth_yearly": 313.65
        },
        "20141": {
            "year_quarter": 20141,
            "year": 2014,
            "quarter": 1,
            "eps": 0.12,
            "eps_growth_year": -20,
            "eps_4q": 0.32,
            "eps_4q_growth_year": -40.82,
            "roe": 0.86,
            "roe_4q": 2.34,
            "gross_profit": 89449,
            "gross_margin": 14.01,
            "gross_margin_4q_avg": 13.27,
            "net_income": 22855,
            "net_income_4q": null,
            "revenue": 638535,
            "revenue_4q": null,
            "common_shares": 2010670,
            "book_valuer_per_share": 13.32,
            "book_valuer_per_share_4q_avg": 13.23,
            "equity": 2702783,
            "current_ratio": 182.55,
            "debt_ratio": 41.01,
            "inventory_turnover_ratio": 0.72,
            "account_receivable_turnover_ratio": 0.47,
            "reinvestment_rate": -20.25,
            "research_to_sale_ratio": 3.31,
            "price_fair": 17.88,
            "eps_avg_yearly": 0.51,
            "eps_latest_yearly": 0.48,
            "eps_growth_yearly": 304.91
        },
        "20142": {
            "year_quarter": 20142,
            "year": 2014,
            "quarter": 2,
            "eps": -0.04,
            "eps_growth_year": -133.33,
            "eps_4q": 0.17,
            "eps_4q_growth_year": -70.09,
            "roe": -0.28,
            "roe_4q": 1.23,
            "gross_profit": 88821,
            "gross_margin": 10.63,
            "gross_margin_4q_avg": 12.47,
            "net_income": -7567,
            "net_income_4q": null,
            "revenue": 835625,
            "revenue_4q": null,
            "common_shares": 2010670,
            "book_valuer_per_share": 12.98,
            "book_valuer_per_share_4q_avg": 13.2,
            "equity": 2632573,
            "current_ratio": 177.75,
            "debt_ratio": 41.97,
            "inventory_turnover_ratio": 0.94,
            "account_receivable_turnover_ratio": 0.65,
            "reinvestment_rate": -24.19,
            "research_to_sale_ratio": 3.19,
            "price_fair": 17.88,
            "eps_avg_yearly": 0.51,
            "eps_latest_yearly": 0.48,
            "eps_growth_yearly": 304.91
        },
        "20143": {
            "year_quarter": 20143,
            "year": 2014,
            "quarter": 3,
            "eps": 0.18,
            "eps_growth_year": 1700,
            "eps_4q": 0.34,
            "eps_4q_growth_year": -2.97,
            "roe": 1.39,
            "roe_4q": 2.59,
            "gross_profit": 124076,
            "gross_margin": 16.46,
            "gross_margin_4q_avg": 13.8,
            "net_income": 36780,
            "net_income_4q": null,
            "revenue": 753653,
            "revenue_4q": null,
            "common_shares": 2010670,
            "book_valuer_per_share": 13.17,
            "book_valuer_per_share_4q_avg": 13.2,
            "equity": 2672579,
            "current_ratio": 176.03,
            "debt_ratio": 42.34,
            "inventory_turnover_ratio": 0.81,
            "account_receivable_turnover_ratio": 0.54,
            "reinvestment_rate": -20.56,
            "research_to_sale_ratio": 3.58,
            "price_fair": 18.08,
            "eps_avg_yearly": 0.52,
            "eps_latest_yearly": 0.48,
            "eps_growth_yearly": 271.98
        },
        "20144": {
            "year_quarter": 20144,
            "year": 2014,
            "quarter": 4,
            "eps": 0.29,
            "eps_growth_year": 243.83,
            "eps_4q": 0.55,
            "eps_4q_growth_year": 51.27,
            "roe": 2.18,
            "roe_4q": 4.15,
            "gross_profit": 157151,
            "gross_margin": 13.37,
            "gross_margin_4q_avg": 13.62,
            "net_income": 58829,
            "net_income_4q": null,
            "revenue": 1175311,
            "revenue_4q": null,
            "common_shares": 2010670,
            "book_valuer_per_share": 13.45,
            "book_valuer_per_share_4q_avg": 13.23,
            "equity": 2731626,
            "current_ratio": 180.05,
            "debt_ratio": 42.14,
            "inventory_turnover_ratio": 1.36,
            "account_receivable_turnover_ratio": 0.75,
            "reinvestment_rate": -29.68,
            "research_to_sale_ratio": 2.14,
            "price_fair": 17.97,
            "eps_avg_yearly": 0.51,
            "eps_latest_yearly": 1.16,
            "eps_growth_yearly": 234.78
        },
        "20151": {
            "year_quarter": 20151,
            "year": 2015,
            "quarter": 1,
            "eps": 0.11,
            "eps_growth_year": -8.33,
            "eps_4q": 0.54,
            "eps_4q_growth_year": 69.56,
            "roe": 0.73,
            "roe_4q": 4.02,
            "gross_profit": 102503,
            "gross_margin": 12.93,
            "gross_margin_4q_avg": 13.35,
            "net_income": 19917,
            "net_income_4q": null,
            "revenue": 792923,
            "revenue_4q": null,
            "common_shares": 2010670,
            "book_valuer_per_share": 13.55,
            "book_valuer_per_share_4q_avg": 13.29,
            "equity": 2749985,
            "current_ratio": 178.4,
            "debt_ratio": 42.46,
            "inventory_turnover_ratio": 1.05,
            "account_receivable_turnover_ratio": 0.46,
            "reinvestment_rate": -1.72,
            "research_to_sale_ratio": 2.65,
            "price_fair": 17.62,
            "eps_avg_yearly": 0.5,
            "eps_latest_yearly": 0.44,
            "eps_growth_yearly": 231.86
        },
        "20152": {
            "year_quarter": 20152,
            "year": 2015,
            "quarter": 2,
            "eps": 0.11,
            "eps_growth_year": null,
            "eps_4q": 0.69,
            "eps_4q_growth_year": 307.95,
            "roe": 0.83,
            "roe_4q": 5.13,
            "gross_profit": 113023,
            "gross_margin": 12.09,
            "gross_margin_4q_avg": 13.71,
            "net_income": 22527,
            "net_income_4q": null,
            "revenue": 935114,
            "revenue_4q": null,
            "common_shares": 2010670,
            "book_valuer_per_share": 13.21,
            "book_valuer_per_share_4q_avg": 13.35,
            "equity": 2680380,
            "current_ratio": 167.71,
            "debt_ratio": 45,
            "inventory_turnover_ratio": 1.27,
            "account_receivable_turnover_ratio": 0.52,
            "reinvestment_rate": 9.25,
            "research_to_sale_ratio": 2.41,
            "price_fair": 18.32,
            "eps_avg_yearly": 0.52,
            "eps_latest_yearly": 0.44,
            "eps_growth_yearly": 253.29
        },
        "20153": {
            "year_quarter": 20153,
            "year": 2015,
            "quarter": 3,
            "eps": 0.33,
            "eps_growth_year": 83.33,
            "eps_4q": 0.84,
            "eps_4q_growth_year": 147.72,
            "roe": 2.51,
            "roe_4q": 6.25,
            "gross_profit": 132175,
            "gross_margin": 14.5,
            "gross_margin_4q_avg": 13.22,
            "net_income": 68136,
            "net_income_4q": null,
            "revenue": 911337,
            "revenue_4q": null,
            "common_shares": 2010670,
            "book_valuer_per_share": 13.55,
            "book_valuer_per_share_4q_avg": 13.44,
            "equity": 2752840,
            "current_ratio": 161.41,
            "debt_ratio": 47.29,
            "inventory_turnover_ratio": 1.06,
            "account_receivable_turnover_ratio": 0.49,
            "reinvestment_rate": 10.58,
            "research_to_sale_ratio": 2.3,
            "price_fair": 20.46,
            "eps_avg_yearly": 0.58,
            "eps_latest_yearly": 1.32,
            "eps_growth_yearly": 295.35
        },
        "20154": {
            "year_quarter": 20154,
            "year": 2015,
            "quarter": 4,
            "eps": 0.03,
            "eps_growth_year": -87.96,
            "eps_4q": 0.59,
            "eps_4q_growth_year": 7.18,
            "roe": 0.27,
            "roe_4q": 4.34,
            "gross_profit": 115025,
            "gross_margin": 12.73,
            "gross_margin_4q_avg": 13.06,
            "net_income": 7308,
            "net_income_4q": null,
            "revenue": 903602,
            "revenue_4q": null,
            "common_shares": 2010670,
            "book_valuer_per_share": 13.43,
            "book_valuer_per_share_4q_avg": 13.44,
            "equity": 2727765,
            "current_ratio": 168.98,
            "debt_ratio": 45.07,
            "inventory_turnover_ratio": 0.91,
            "account_receivable_turnover_ratio": 0.54,
            "reinvestment_rate": -12.36,
            "research_to_sale_ratio": 2.36,
            "price_fair": 19.3,
            "eps_avg_yearly": 0.55,
            "eps_latest_yearly": 0.12,
            "eps_growth_yearly": 248.28
        },
        "20161": {
            "year_quarter": 20161,
            "year": 2016,
            "quarter": 1,
            "eps": 0.41,
            "eps_growth_year": 272.73,
            "eps_4q": 0.89,
            "eps_4q_growth_year": 66.08,
            "roe": 3.07,
            "roe_4q": 6.68,
            "gross_profit": 192797,
            "gross_margin": 16.99,
            "gross_margin_4q_avg": 14.08,
            "net_income": 85038,
            "net_income_4q": null,
            "revenue": 1134443,
            "revenue_4q": null,
            "common_shares": 2010670,
            "book_valuer_per_share": 13.84,
            "book_valuer_per_share_4q_avg": 13.51,
            "equity": 2812465,
            "current_ratio": 177.72,
            "debt_ratio": 42.81,
            "inventory_turnover_ratio": 1.11,
            "account_receivable_turnover_ratio": 0.71,
            "reinvestment_rate": -7.59,
            "research_to_sale_ratio": 1.9,
            "price_fair": 21.4,
            "eps_avg_yearly": 0.61,
            "eps_latest_yearly": 1.64,
            "eps_growth_yearly": 613.91
        },
        "20162": {
            "year_quarter": 20162,
            "year": 2016,
            "quarter": 2,
            "eps": 0.08,
            "eps_growth_year": -27.27,
            "eps_4q": 0.85,
            "eps_4q_growth_year": 23.96,
            "roe": 0.51,
            "roe_4q": 6.359999999999999,
            "gross_profit": 86931,
            "gross_margin": 9.2,
            "gross_margin_4q_avg": 13.36,
            "net_income": 14090,
            "net_income_4q": null,
            "revenue": 945275,
            "revenue_4q": null,
            "common_shares": 2010670,
            "book_valuer_per_share": 13.42,
            "book_valuer_per_share_4q_avg": 13.56,
            "equity": 2726872,
            "current_ratio": 159.12,
            "debt_ratio": 47.76,
            "inventory_turnover_ratio": 1.05,
            "account_receivable_turnover_ratio": 0.51,
            "reinvestment_rate": -3.16,
            "research_to_sale_ratio": 2.23,
            "price_fair": 21.3,
            "eps_avg_yearly": 0.61,
            "eps_latest_yearly": 0.32,
            "eps_growth_yearly": 606.63
        },
        "20163": {
            "year_quarter": 20163,
            "year": 2016,
            "quarter": 3,
            "eps": 0.05,
            "eps_growth_year": -84.85,
            "eps_4q": 0.57,
            "eps_4q_growth_year": -31.84,
            "roe": 0.19,
            "roe_4q": 4.039999999999999,
            "gross_profit": 88810,
            "gross_margin": 9.34,
            "gross_margin_4q_avg": 12.07,
            "net_income": 5290,
            "net_income_4q": null,
            "revenue": 950671,
            "revenue_4q": null,
            "common_shares": 2010670,
            "book_valuer_per_share": 13.47,
            "book_valuer_per_share_4q_avg": 13.54,
            "equity": 2729630,
            "current_ratio": 162.68,
            "debt_ratio": 45.74,
            "inventory_turnover_ratio": 1.06,
            "account_receivable_turnover_ratio": 0.48,
            "reinvestment_rate": 4.73,
            "research_to_sale_ratio": 2.39,
            "price_fair": 19.6,
            "eps_avg_yearly": 0.56,
            "eps_latest_yearly": 0.2,
            "eps_growth_yearly": 554.64
        },
        "20164": {
            "year_quarter": 20164,
            "year": 2016,
            "quarter": 4,
            "eps": -0.03,
            "eps_growth_year": -180.12,
            "eps_4q": 0.51,
            "eps_4q_growth_year": -12.97,
            "roe": -0.24,
            "roe_4q": 3.53,
            "gross_profit": 112094,
            "gross_margin": 12.81,
            "gross_margin_4q_avg": 12.09,
            "net_income": -6598,
            "net_income_4q": null,
            "revenue": 875278,
            "revenue_4q": null,
            "common_shares": 2010670,
            "book_valuer_per_share": 13.46,
            "book_valuer_per_share_4q_avg": 13.55,
            "equity": 2726762,
            "current_ratio": 158.61,
            "debt_ratio": 47.38,
            "inventory_turnover_ratio": 1.03,
            "account_receivable_turnover_ratio": 0.44,
            "reinvestment_rate": 4.81,
            "research_to_sale_ratio": 2.69,
            "price_fair": 20.35,
            "eps_avg_yearly": 0.58,
            "eps_latest_yearly": 0.2,
            "eps_growth_yearly": 618.29
        },
        "20171": {
            "year_quarter": 20171,
            "year": 2017,
            "quarter": 1,
            "eps": 0.01,
            "eps_growth_year": -97.56,
            "eps_4q": 0.11,
            "eps_4q_growth_year": -87.96,
            "roe": 0.04,
            "roe_4q": 0.5,
            "gross_profit": 101699,
            "gross_margin": 13.57,
            "gross_margin_4q_avg": 11.23,
            "net_income": 1068,
            "net_income_4q": null,
            "revenue": 749272,
            "revenue_4q": null,
            "common_shares": 2010670,
            "book_valuer_per_share": 13.46,
            "book_valuer_per_share_4q_avg": 13.45,
            "equity": 2724791,
            "current_ratio": 172.4,
            "debt_ratio": 42.84,
            "inventory_turnover_ratio": 0.88,
            "account_receivable_turnover_ratio": 0.41,
            "reinvestment_rate": 3.52,
            "research_to_sale_ratio": 2.92,
            "price_fair": 20.3,
            "eps_avg_yearly": 0.58,
            "eps_latest_yearly": 0.2,
            "eps_growth_yearly": 631.72
        },
        "20172": {
            "year_quarter": 20172,
            "year": 2017,
            "quarter": 2,
            "eps": 0.16,
            "eps_growth_year": 100,
            "eps_4q": 0.19,
            "eps_4q_growth_year": -77.52,
            "roe": 1.21,
            "roe_4q": 1.2,
            "gross_profit": 109981,
            "gross_margin": 13.96,
            "gross_margin_4q_avg": 12.42,
            "net_income": 32549,
            "net_income_4q": null,
            "revenue": 787697,
            "revenue_4q": null,
            "common_shares": 2010670,
            "book_valuer_per_share": 13.12,
            "book_valuer_per_share_4q_avg": 13.38,
            "equity": 2657177,
            "current_ratio": 159.23,
            "debt_ratio": 47.21,
            "inventory_turnover_ratio": 0.82,
            "account_receivable_turnover_ratio": 0.47,
            "reinvestment_rate": -6.6,
            "research_to_sale_ratio": 2.69,
            "price_fair": 20.77,
            "eps_avg_yearly": 0.59,
            "eps_latest_yearly": 0.64,
            "eps_growth_yearly": 1138.38
        },
        "20173": {
            "year_quarter": 20173,
            "year": 2017,
            "quarter": 3,
            "eps": 0.18,
            "eps_growth_year": 260,
            "eps_4q": 0.32,
            "eps_4q_growth_year": -43.4,
            "roe": 1.42,
            "roe_4q": 2.4299999999999997,
            "gross_profit": 133989,
            "gross_margin": 13.81,
            "gross_margin_4q_avg": 13.54,
            "net_income": 38017,
            "net_income_4q": null,
            "revenue": 969919,
            "revenue_4q": null,
            "common_shares": 2010670,
            "book_valuer_per_share": 13.31,
            "book_valuer_per_share_4q_avg": 13.34,
            "equity": 2696397,
            "current_ratio": 161.61,
            "debt_ratio": 46.3,
            "inventory_turnover_ratio": 0.97,
            "account_receivable_turnover_ratio": 0.53,
            "reinvestment_rate": -3.17,
            "research_to_sale_ratio": 2.21,
            "price_fair": 22.75,
            "eps_avg_yearly": 0.65,
            "eps_latest_yearly": 0.72,
            "eps_growth_yearly": 1173.1
        },
        "20174": {
            "year_quarter": 20174,
            "year": 2017,
            "quarter": 4,
            "eps": 0.23,
            "eps_growth_year": null,
            "eps_4q": 0.58,
            "eps_4q_growth_year": 14.38,
            "roe": 1.67,
            "roe_4q": 4.34,
            "gross_profit": 208530,
            "gross_margin": 16.32,
            "gross_margin_4q_avg": 14.42,
            "net_income": 45350,
            "net_income_4q": null,
            "revenue": 1277406,
            "revenue_4q": null,
            "common_shares": 2010670,
            "book_valuer_per_share": 13.53,
            "book_valuer_per_share_4q_avg": 13.36,
            "equity": 2740008,
            "current_ratio": 159.14,
            "debt_ratio": 46.82,
            "inventory_turnover_ratio": 1.34,
            "account_receivable_turnover_ratio": 0.68,
            "reinvestment_rate": 5.42,
            "research_to_sale_ratio": 2.42,
            "price_fair": 24.5,
            "eps_avg_yearly": 0.7,
            "eps_latest_yearly": 0.92,
            "eps_growth_yearly": 949.03
        },
        "20181": {
            "year_quarter": 20181,
            "year": 2018,
            "quarter": 1,
            "eps": 0.28,
            "eps_growth_year": 2700,
            "eps_4q": 0.85,
            "eps_4q_growth_year": 690,
            "roe": 1.83,
            "roe_4q": 6.13,
            "gross_profit": 156219,
            "gross_margin": 15.22,
            "gross_margin_4q_avg": 14.83,
            "net_income": 51047,
            "net_income_4q": null,
            "revenue": 1026078,
            "revenue_4q": null,
            "common_shares": 2010670,
            "book_valuer_per_share": 14.03,
            "book_valuer_per_share_4q_avg": 13.5,
            "equity": 2849417,
            "current_ratio": 159.28,
            "debt_ratio": 46.06,
            "inventory_turnover_ratio": 1.03,
            "account_receivable_turnover_ratio": 0.58,
            "reinvestment_rate": -9.88,
            "research_to_sale_ratio": 2.4,
            "price_fair": 26.37,
            "eps_avg_yearly": 0.75,
            "eps_latest_yearly": 1.12,
            "eps_growth_yearly": 939.61
        },
        "20182": {
            "year_quarter": 20182,
            "year": 2018,
            "quarter": 2,
            "eps": 0.23,
            "eps_growth_year": 43.75,
            "eps_4q": 0.92,
            "eps_4q_growth_year": 379.13,
            "roe": 1.58,
            "roe_4q": 6.5,
            "gross_profit": 153850,
            "gross_margin": 15.21,
            "gross_margin_4q_avg": 15.14,
            "net_income": 44447,
            "net_income_4q": null,
            "revenue": 1011784,
            "revenue_4q": null,
            "common_shares": 2010670,
            "book_valuer_per_share": 13.75,
            "book_valuer_per_share_4q_avg": 13.66,
            "equity": 2791697,
            "current_ratio": 155.8,
            "debt_ratio": 47.94,
            "inventory_turnover_ratio": 0.95,
            "account_receivable_turnover_ratio": 0.57,
            "reinvestment_rate": -18.45,
            "research_to_sale_ratio": 2.28,
            "price_fair": 26.82,
            "eps_avg_yearly": 0.77,
            "eps_latest_yearly": 0.92,
            "eps_growth_yearly": 861.84
        },
        "20183": {
            "year_quarter": 20183,
            "year": 2018,
            "quarter": 3,
            "eps": 0.22,
            "eps_growth_year": 22.22,
            "eps_4q": 0.95,
            "eps_4q_growth_year": 194.09,
            "roe": 1.55,
            "roe_4q": 6.63,
            "gross_profit": 151548,
            "gross_margin": 16.48,
            "gross_margin_4q_avg": 15.81,
            "net_income": 43536,
            "net_income_4q": null,
            "revenue": 919444,
            "revenue_4q": null,
            "common_shares": 2010670,
            "book_valuer_per_share": 13.96,
            "book_valuer_per_share_4q_avg": 13.82,
            "equity": 2837019,
            "current_ratio": 157.83,
            "debt_ratio": 47.3,
            "inventory_turnover_ratio": 0.82,
            "account_receivable_turnover_ratio": 0.49,
            "reinvestment_rate": -17.72,
            "research_to_sale_ratio": 2.46,
            "price_fair": 27.1,
            "eps_avg_yearly": 0.77,
            "eps_latest_yearly": 0.88,
            "eps_growth_yearly": 799.04
        },
        "20184": {
            "year_quarter": 20184,
            "year": 2018,
            "quarter": 4,
            "eps": 0.36,
            "eps_growth_year": 57.63,
            "eps_4q": 1.09,
            "eps_4q_growth_year": 86.27,
            "roe": 2.49,
            "roe_4q": 7.45,
            "gross_profit": 205183,
            "gross_margin": 15.55,
            "gross_margin_4q_avg": 15.62,
            "net_income": 71432,
            "net_income_4q": null,
            "revenue": 1319130,
            "revenue_4q": null,
            "common_shares": 2010670,
            "book_valuer_per_share": 14.26,
            "book_valuer_per_share_4q_avg": 14,
            "equity": 2892231,
            "current_ratio": 148.31,
            "debt_ratio": 49.29,
            "inventory_turnover_ratio": 1.06,
            "account_receivable_turnover_ratio": 0.7,
            "reinvestment_rate": -8.37,
            "research_to_sale_ratio": 2.25,
            "price_fair": 27.8,
            "eps_avg_yearly": 0.79,
            "eps_latest_yearly": 1.44,
            "eps_growth_yearly": 799.76
        },
        "20191": {
            "year_quarter": 20191,
            "year": 2019,
            "quarter": 1,
            "eps": 0.35,
            "eps_growth_year": 25,
            "eps_4q": 1.16,
            "eps_4q_growth_year": 36.86,
            "roe": 2.33,
            "roe_4q": 7.95,
            "gross_profit": 194276,
            "gross_margin": 17.56,
            "gross_margin_4q_avg": 16.2,
            "net_income": 68282,
            "net_income_4q": null,
            "revenue": 1106303,
            "revenue_4q": null,
            "common_shares": 2010670,
            "book_valuer_per_share": 14.62,
            "book_valuer_per_share_4q_avg": 14.15,
            "equity": 2963008,
            "current_ratio": 153.36,
            "debt_ratio": 47.55,
            "inventory_turnover_ratio": 0.85,
            "account_receivable_turnover_ratio": 0.59,
            "reinvestment_rate": 7.77,
            "research_to_sale_ratio": 2.13,
            "price_fair": 30.2,
            "eps_avg_yearly": 0.86,
            "eps_latest_yearly": 1.4,
            "eps_growth_yearly": 816.7
        },
        "20192": {
            "year_quarter": 20192,
            "year": 2019,
            "quarter": 2,
            "eps": 0.38,
            "eps_growth_year": 65.22,
            "eps_4q": 1.27,
            "eps_4q_growth_year": 38.37,
            "roe": 2.7,
            "roe_4q": 9.07,
            "gross_profit": 221545,
            "gross_margin": 16.41,
            "gross_margin_4q_avg": 16.5,
            "net_income": 79288,
            "net_income_4q": null,
            "revenue": 1349836,
            "revenue_4q": null,
            "common_shares": 2010670,
            "book_valuer_per_share": 14.28,
            "book_valuer_per_share_4q_avg": 14.28,
            "equity": 2900376,
            "current_ratio": 146.8,
            "debt_ratio": 49.99,
            "inventory_turnover_ratio": 1.04,
            "account_receivable_turnover_ratio": 0.72,
            "reinvestment_rate": 5.6,
            "research_to_sale_ratio": 1.98,
            "price_fair": 32.9,
            "eps_avg_yearly": 0.94,
            "eps_latest_yearly": 1.52,
            "eps_growth_yearly": 819.15
        },
        "20193": {
            "year_quarter": 20193,
            "year": 2019,
            "quarter": 3,
            "eps": 0.38,
            "eps_growth_year": 72.73,
            "eps_4q": 1.44,
            "eps_4q_growth_year": 51,
            "roe": 2.53,
            "roe_4q": 10.05,
            "gross_profit": 222899,
            "gross_margin": 22.24,
            "gross_margin_4q_avg": 17.94,
            "net_income": 74272,
            "net_income_4q": null,
            "revenue": 1002153,
            "revenue_4q": null,
            "common_shares": 2010670,
            "book_valuer_per_share": 14.66,
            "book_valuer_per_share_4q_avg": 14.46,
            "equity": 2970888,
            "current_ratio": 148.48,
            "debt_ratio": 49.47,
            "inventory_turnover_ratio": 0.67,
            "account_receivable_turnover_ratio": 0.54,
            "reinvestment_rate": 4.83,
            "research_to_sale_ratio": 2.79,
            "price_fair": 33.4,
            "eps_avg_yearly": 0.95,
            "eps_latest_yearly": 1.52,
            "eps_growth_yearly": 762
        },
        "20194": {
            "year_quarter": 20194,
            "year": 2019,
            "quarter": 4,
            "eps": 0.36,
            "eps_growth_year": -1.77,
            "eps_4q": 1.44,
            "eps_4q_growth_year": 32.87,
            "roe": 2.49,
            "roe_4q": 10.05,
            "gross_profit": 201209,
            "gross_margin": 14.79,
            "gross_margin_4q_avg": 17.75,
            "net_income": 75581,
            "net_income_4q": null,
            "revenue": 1360862,
            "revenue_4q": null,
            "common_shares": 2070990,
            "book_valuer_per_share": 14.81,
            "book_valuer_per_share_4q_avg": 14.59,
            "equity": 3100200,
            "current_ratio": 154.56,
            "debt_ratio": 46.53,
            "inventory_turnover_ratio": 0.95,
            "account_receivable_turnover_ratio": 0.81,
            "reinvestment_rate": -4.98,
            "research_to_sale_ratio": 2.17,
            "price_fair": 36.7,
            "eps_avg_yearly": 1.05,
            "eps_latest_yearly": 1.44,
            "eps_growth_yearly": 786.47
        },
        "20201": {
            "year_quarter": 20201,
            "year": 2020,
            "quarter": 1,
            "eps": 0.43,
            "eps_growth_year": 22.86,
            "eps_4q": 1.54,
            "eps_4q_growth_year": 32.44,
            "roe": 2.81,
            "roe_4q": 10.530000000000001,
            "gross_profit": 220454,
            "gross_margin": 18.19,
            "gross_margin_4q_avg": 17.91,
            "net_income": 88317,
            "net_income_4q": null,
            "revenue": 1211955,
            "revenue_4q": null,
            "common_shares": 2070990,
            "book_valuer_per_share": 15.23,
            "book_valuer_per_share_4q_avg": 14.75,
            "equity": 3183809,
            "current_ratio": 158.24,
            "debt_ratio": 45.76,
            "inventory_turnover_ratio": 0.84,
            "account_receivable_turnover_ratio": 0.7,
            "reinvestment_rate": -5.75,
            "research_to_sale_ratio": 2.3,
            "price_fair": 36.9,
            "eps_avg_yearly": 1.05,
            "eps_latest_yearly": 1.72,
            "eps_growth_yearly": 430.12
        },
        "20202": {
            "year_quarter": 20202,
            "year": 2020,
            "quarter": 2,
            "eps": 0.44,
            "eps_growth_year": 15.79,
            "eps_4q": 1.53,
            "eps_4q_growth_year": 20.82,
            "roe": 2.93,
            "roe_4q": 10.76,
            "gross_profit": 253025,
            "gross_margin": 19.91,
            "gross_margin_4q_avg": 18.78,
            "net_income": 92637,
            "net_income_4q": null,
            "revenue": 1270968,
            "revenue_4q": null,
            "common_shares": 2070990,
            "book_valuer_per_share": 14.96,
            "book_valuer_per_share_4q_avg": 14.92,
            "equity": 3130233,
            "current_ratio": 147.96,
            "debt_ratio": 49.73,
            "inventory_turnover_ratio": 0.85,
            "account_receivable_turnover_ratio": 0.64,
            "reinvestment_rate": -5.38,
            "research_to_sale_ratio": 2.7,
            "price_fair": 40.5,
            "eps_avg_yearly": 1.16,
            "eps_latest_yearly": 1.76,
            "eps_growth_yearly": 453.79
        },
        "20203": {
            "year_quarter": 20203,
            "year": 2020,
            "quarter": 3,
            "eps": 0.4,
            "eps_growth_year": 5.26,
            "eps_4q": 1.58,
            "eps_4q_growth_year": 9.59,
            "roe": 2.7,
            "roe_4q": 10.930000000000001,
            "gross_profit": 195406,
            "gross_margin": 16.31,
            "gross_margin_4q_avg": 17.3,
            "net_income": 86217,
            "net_income_4q": null,
            "revenue": 1198331,
            "revenue_4q": null,
            "common_shares": 2174540,
            "book_valuer_per_share": 14.79,
            "book_valuer_per_share_4q_avg": 14.95,
            "equity": 3246845,
            "current_ratio": 153.5,
            "debt_ratio": 48.7,
            "inventory_turnover_ratio": 0.79,
            "account_receivable_turnover_ratio": 0.57,
            "reinvestment_rate": -3.04,
            "research_to_sale_ratio": 1.96,
            "price_fair": 44,
            "eps_avg_yearly": 1.26,
            "eps_latest_yearly": 1.6,
            "eps_growth_yearly": 461.9
        },
        "20204": {
            "year_quarter": 20204,
            "year": 2020,
            "quarter": 4,
            "eps": 0.27,
            "eps_growth_year": -24.32,
            "eps_4q": 1.51,
            "eps_4q_growth_year": 4.41,
            "roe": 1.61,
            "roe_4q": 10.05,
            "gross_profit": 235351,
            "gross_margin": 16.43,
            "gross_margin_4q_avg": 17.71,
            "net_income": 52974,
            "net_income_4q": null,
            "revenue": 1432638,
            "revenue_4q": null,
            "common_shares": 2174540,
            "book_valuer_per_share": 15.18,
            "book_valuer_per_share_4q_avg": 15.04,
            "equity": 3327346,
            "current_ratio": 163.55,
            "debt_ratio": 45.63,
            "inventory_turnover_ratio": 1.01,
            "account_receivable_turnover_ratio": 0.71,
            "reinvestment_rate": 3.44,
            "research_to_sale_ratio": 1.73,
            "price_fair": 43.59,
            "eps_avg_yearly": 1.25,
            "eps_latest_yearly": 1.08,
            "eps_growth_yearly": 422.44
        },
        "20211": {
            "year_quarter": 20211,
            "year": 2021,
            "quarter": 1,
            "eps": 0.45,
            "eps_growth_year": 4.65,
            "eps_4q": 1.54,
            "eps_4q_growth_year": 0.3,
            "roe": 2.93,
            "roe_4q": 10.17,
            "gross_profit": 224796,
            "gross_margin": 18.1,
            "gross_margin_4q_avg": 17.69,
            "net_income": 98892,
            "net_income_4q": null,
            "revenue": 1242141,
            "revenue_4q": null,
            "common_shares": 2174540,
            "book_valuer_per_share": 15.63,
            "book_valuer_per_share_4q_avg": 15.14,
            "equity": 3427593,
            "current_ratio": 163.02,
            "debt_ratio": 45.89,
            "inventory_turnover_ratio": 0.89,
            "account_receivable_turnover_ratio": 0.65,
            "reinvestment_rate": 15.05,
            "research_to_sale_ratio": 1.63,
            "price_fair": 44.8,
            "eps_avg_yearly": 1.28,
            "eps_latest_yearly": 1.8,
            "eps_growth_yearly": 412.71
        },
        "20212": {
            "year_quarter": 20212,
            "year": 2021,
            "quarter": 2,
            "eps": 0.4,
            "eps_growth_year": -9.09,
            "eps_4q": 1.52,
            "eps_4q_growth_year": -0.91,
            "roe": 2.54,
            "roe_4q": 9.780000000000001,
            "gross_profit": 253630,
            "gross_margin": 18.52,
            "gross_margin_4q_avg": 17.34,
            "net_income": 88032,
            "net_income_4q": null,
            "revenue": 1369749,
            "revenue_4q": null,
            "common_shares": 2174540,
            "book_valuer_per_share": 16.03,
            "book_valuer_per_share_4q_avg": 15.41,
            "equity": 3515647,
            "current_ratio": 152.5,
            "debt_ratio": 49.61,
            "inventory_turnover_ratio": 0.88,
            "account_receivable_turnover_ratio": 0.64,
            "reinvestment_rate": 20.66,
            "research_to_sale_ratio": 1.77,
            "price_fair": 46.9,
            "eps_avg_yearly": 1.34,
            "eps_latest_yearly": 1.6,
            "eps_growth_yearly": 34.93
        },
        "20213": {
            "year_quarter": 20213,
            "year": 2021,
            "quarter": 3,
            "eps": 0.46,
            "eps_growth_year": 15,
            "eps_4q": 1.52,
            "eps_4q_growth_year": -3.59,
            "roe": 3.08,
            "roe_4q": 10.16,
            "gross_profit": 259338,
            "gross_margin": 18.41,
            "gross_margin_4q_avg": 17.87,
            "net_income": 106501,
            "net_income_4q": null,
            "revenue": 1408908,
            "revenue_4q": null,
            "common_shares": 2283267,
            "book_valuer_per_share": 14.77,
            "book_valuer_per_share_4q_avg": 15.4,
            "equity": 3404873,
            "current_ratio": 140.37,
            "debt_ratio": 54.55,
            "inventory_turnover_ratio": 0.81,
            "account_receivable_turnover_ratio": 0.56,
            "reinvestment_rate": 23.77,
            "research_to_sale_ratio": 1.85,
            "price_fair": 49.35,
            "eps_avg_yearly": 1.41,
            "eps_latest_yearly": 1.84,
            "eps_growth_yearly": 35.55
        },
        "20214": {
            "year_quarter": 20214,
            "year": 2021,
            "quarter": 4,
            "eps": 0.34,
            "eps_growth_year": 25.22,
            "eps_4q": 1.6,
            "eps_4q_growth_year": 6.29,
            "roe": 2.14,
            "roe_4q": 10.690000000000001,
            "gross_profit": 238437,
            "gross_margin": 14.36,
            "gross_margin_4q_avg": 17.35,
            "net_income": 74983,
            "net_income_4q": null,
            "revenue": 1660831,
            "revenue_4q": null,
            "common_shares": 2283267,
            "book_valuer_per_share": 15.67,
            "book_valuer_per_share_4q_avg": 15.53,
            "equity": 3608568,
            "current_ratio": 138.71,
            "debt_ratio": 55.95,
            "inventory_turnover_ratio": 0.92,
            "account_receivable_turnover_ratio": 0.57,
            "reinvestment_rate": 26.68,
            "research_to_sale_ratio": 1.78,
            "price_fair": 46.13,
            "eps_avg_yearly": 1.44,
            "eps_latest_yearly": 1.36,
            "eps_growth_yearly": 22.09
        },
        "20221": {
            "year_quarter": 20221,
            "year": 2022,
            "quarter": 1,
            "eps": 0.57,
            "eps_growth_year": 26.67,
            "eps_4q": 1.74,
            "eps_4q_growth_year": 12.87,
            "roe": 3.56,
            "roe_4q": 11.32,
            "gross_profit": 291179,
            "gross_margin": 19.5,
            "gross_margin_4q_avg": 17.7,
            "net_income": 130847,
            "net_income_4q": null,
            "revenue": 1493532,
            "revenue_4q": null,
            "common_shares": 2283267,
            "book_valuer_per_share": 16.25,
            "book_valuer_per_share_4q_avg": 15.68,
            "equity": 3744549,
            "current_ratio": 141.02,
            "debt_ratio": 55.17,
            "inventory_turnover_ratio": 0.72,
            "account_receivable_turnover_ratio": 0.49,
            "reinvestment_rate": 34.04,
            "research_to_sale_ratio": 2.01,
            "price_fair": 52.85,
            "eps_avg_yearly": 1.51,
            "eps_latest_yearly": 2.28,
            "eps_growth_yearly": 33.56
        },
        "20222": {
            "year_quarter": 20222,
            "year": 2022,
            "quarter": 2,
            "eps": 0.66,
            "eps_growth_year": 65,
            "eps_4q": 1.93,
            "eps_4q_growth_year": 26.58,
            "roe": 4.08,
            "roe_4q": 12.860000000000001,
            "gross_profit": 303646,
            "gross_margin": 15.39,
            "gross_margin_4q_avg": 16.92,
            "net_income": 152260,
            "net_income_4q": null,
            "revenue": 1972675,
            "revenue_4q": null,
            "common_shares": 2283267,
            "book_valuer_per_share": 16.1,
            "book_valuer_per_share_4q_avg": 15.7,
            "equity": 3713058,
            "current_ratio": 136.72,
            "debt_ratio": 57.03,
            "inventory_turnover_ratio": 0.92,
            "account_receivable_turnover_ratio": 0.65,
            "reinvestment_rate": 35.24,
            "research_to_sale_ratio": 1.42,
            "price_fair": 56.61,
            "eps_avg_yearly": 1.62,
            "eps_latest_yearly": 2.64,
            "eps_growth_yearly": 41.98
        },
        "20223": {
            "year_quarter": 20223,
            "year": 2022,
            "quarter": 3,
            "eps": 0.53,
            "eps_growth_year": 15.22,
            "eps_4q": 2.02,
            "eps_4q_growth_year": 33.1,
            "roe": 3.48,
            "roe_4q": 13.260000000000002,
            "gross_profit": 296481,
            "gross_margin": 16.59,
            "gross_margin_4q_avg": 16.46,
            "net_income": 130422,
            "net_income_4q": null,
            "revenue": 1787523,
            "revenue_4q": null,
            "common_shares": 2397430,
            "book_valuer_per_share": 15.6,
            "book_valuer_per_share_4q_avg": 15.91,
            "equity": 3772218,
            "current_ratio": 133.67,
            "debt_ratio": 58.96,
            "inventory_turnover_ratio": 0.71,
            "account_receivable_turnover_ratio": 0.58,
            "reinvestment_rate": 38.15,
            "research_to_sale_ratio": 1.79,
            "price_fair": 59.33,
            "eps_avg_yearly": 1.7,
            "eps_latest_yearly": 2.12,
            "eps_growth_yearly": 38.14
        },
        "20224": {
            "year_quarter": 20224,
            "year": 2022,
            "quarter": 4,
            "eps": 0.45,
            "eps_growth_year": 31.59,
            "eps_4q": 2.15,
            "eps_4q_growth_year": 34.05,
            "roe": 2.92,
            "roe_4q": 14.040000000000001,
            "gross_profit": 398858,
            "gross_margin": 16.24,
            "gross_margin_4q_avg": 16.93,
            "net_income": 112351,
            "net_income_4q": null,
            "revenue": 2455422,
            "revenue_4q": null,
            "common_shares": 2397430,
            "book_valuer_per_share": 16.17,
            "book_valuer_per_share_4q_avg": 16.03,
            "equity": 3919804,
            "current_ratio": 128.57,
            "debt_ratio": 61.13,
            "inventory_turnover_ratio": 0.88,
            "account_receivable_turnover_ratio": 0.73,
            "reinvestment_rate": 41.19,
            "research_to_sale_ratio": 1.44,
            "price_fair": 48.87,
            "eps_avg_yearly": 1.72,
            "eps_latest_yearly": 1.8,
            "eps_growth_yearly": 18.46
        },
        "20231": {
            "year_quarter": 20231,
            "year": 2023,
            "quarter": 1,
            "eps": 0.6,
            "eps_growth_year": 5.26,
            "eps_4q": 2.21,
            "eps_4q_growth_year": 27.02,
            "roe": 3.68,
            "roe_4q": 14.16,
            "gross_profit": 317292,
            "gross_margin": 17.08,
            "gross_margin_4q_avg": 16.33,
            "net_income": 146603,
            "net_income_4q": null,
            "revenue": 1857584,
            "revenue_4q": null,
            "common_shares": 2397430,
            "book_valuer_per_share": 16.7,
            "book_valuer_per_share_4q_avg": 16.14,
            "equity": 4049885,
            "current_ratio": 128.5,
            "debt_ratio": 61.67,
            "inventory_turnover_ratio": 0.6,
            "account_receivable_turnover_ratio": 0.52,
            "reinvestment_rate": 34.25,
            "research_to_sale_ratio": 1.61,
            "price_fair": 62.3,
            "eps_avg_yearly": 1.78,
            "eps_latest_yearly": 2.4,
            "eps_growth_yearly": 27.48
        },
        "20232": {
            "year_quarter": 20232,
            "year": 2023,
            "quarter": 2,
            "eps": 0.68,
            "eps_growth_year": 3.03,
            "eps_4q": 2.19,
            "eps_4q_growth_year": 13.9,
            "roe": 4.14,
            "roe_4q": 14.22,
            "gross_profit": 370926,
            "gross_margin": 16.32,
            "gross_margin_4q_avg": 16.56,
            "net_income": 166452,
            "net_income_4q": null,
            "revenue": 2273075,
            "revenue_4q": null,
            "common_shares": 2397430,
            "book_valuer_per_share": 16.47,
            "book_valuer_per_share_4q_avg": 16.24,
            "equity": 3996013,
            "current_ratio": 126.58,
            "debt_ratio": 62.61,
            "inventory_turnover_ratio": 0.7,
            "account_receivable_turnover_ratio": 0.63,
            "reinvestment_rate": 33.45,
            "research_to_sale_ratio": 1.4,
            "price_fair": 64.93,
            "eps_avg_yearly": 1.86,
            "eps_latest_yearly": 2.72,
            "eps_growth_yearly": 28.67
        },
        "20233": {
            "year_quarter": 20233,
            "year": 2023,
            "quarter": 3,
            "eps": 0.66,
            "eps_growth_year": 24.53,
            "eps_4q": 2.33,
            "eps_4q_growth_year": 15.19,
            "roe": 3.87,
            "roe_4q": 14.61,
            "gross_profit": 354554,
            "gross_margin": 17.88,
            "gross_margin_4q_avg": 16.88,
            "net_income": 159096,
            "net_income_4q": null,
            "revenue": 1982455,
            "revenue_4q": null,
            "common_shares": 2469353,
            "book_valuer_per_share": 16.97,
            "book_valuer_per_share_4q_avg": 16.58,
            "equity": 4234194,
            "current_ratio": 148.82,
            "debt_ratio": 61.74,
            "inventory_turnover_ratio": 0.56,
            "account_receivable_turnover_ratio": 0.56,
            "reinvestment_rate": 31.8,
            "research_to_sale_ratio": 1.34,
            "price_fair": 67.38,
            "eps_avg_yearly": 1.93,
            "eps_latest_yearly": 2.64,
            "eps_growth_yearly": 27.94
        },
        "20234": {
            "year_quarter": 20234,
            "year": 2023,
            "quarter": 4,
            "eps": 1.15,
            "eps_growth_year": 158.5,
            "eps_4q": 3.01,
            "eps_4q_growth_year": 40.07,
            "roe": 6.58,
            "roe_4q": 18.27,
            "gross_profit": 643104,
            "gross_margin": 19.08,
            "gross_margin_4q_avg": 17.59,
            "net_income": 295210,
            "net_income_4q": null,
            "revenue": 3370278,
            "revenue_4q": null,
            "common_shares": 2469353,
            "book_valuer_per_share": 18.99,
            "book_valuer_per_share_4q_avg": 17.28,
            "equity": 4735376,
            "current_ratio": 152.81,
            "debt_ratio": 57.85,
            "inventory_turnover_ratio": 0.96,
            "account_receivable_turnover_ratio": 0.86,
            "reinvestment_rate": 38.12,
            "research_to_sale_ratio": 1.05,
            "price_fair": 74.29,
            "eps_avg_yearly": 2.12,
            "eps_latest_yearly": 4.6,
            "eps_growth_yearly": 47.82
        }
    },
    "months": {
        "2001-06": {
            "month": "2001-06",
            "price": "9.69",
            "revenue": 269025
        },
        "2001-07": {
            "month": "2001-07",
            "price": "8.63",
            "revenue": 238312
        },
        "2001-08": {
            "month": "2001-08",
            "price": "7.67",
            "revenue": 281566
        },
        "2001-09": {
            "month": "2001-09",
            "price": "7.25",
            "revenue": 204433
        },
        "2001-10": {
            "month": "2001-10",
            "price": "6.72",
            "revenue": 238053
        },
        "2001-11": {
            "month": "2001-11",
            "price": "6.95",
            "revenue": 303179
        },
        "2001-12": {
            "month": "2001-12",
            "price": "7.75",
            "revenue": 237429
        },
        "2002-01": {
            "month": "2002-01",
            "price": "8.58",
            "revenue": 144187
        },
        "2002-02": {
            "month": "2002-02",
            "price": "8.79",
            "revenue": 153269
        },
        "2002-03": {
            "month": "2002-03",
            "price": "9.17",
            "revenue": 209164
        },
        "2002-04": {
            "month": "2002-04",
            "price": "11.15",
            "revenue": 200972
        },
        "2002-05": {
            "month": "2002-05",
            "price": "9.93",
            "revenue": 212890
        },
        "2002-06": {
            "month": "2002-06",
            "price": "10.00",
            "revenue": 212860
        },
        "2002-07": {
            "month": "2002-07",
            "price": "10.94",
            "revenue": 171646
        },
        "2002-08": {
            "month": "2002-08",
            "price": "8.74",
            "revenue": 219711
        },
        "2002-09": {
            "month": "2002-09",
            "price": "7.02",
            "revenue": 210837
        },
        "2002-10": {
            "month": "2002-10",
            "price": "7.06",
            "revenue": 223277
        },
        "2002-11": {
            "month": "2002-11",
            "price": "7.75",
            "revenue": 249377
        },
        "2002-12": {
            "month": "2002-12",
            "price": "8.29",
            "revenue": 259961
        },
        "2003-01": {
            "month": "2003-01",
            "price": "9.00",
            "revenue": 154478
        },
        "2003-02": {
            "month": "2003-02",
            "price": "8.91",
            "revenue": 155409
        },
        "2003-03": {
            "month": "2003-03",
            "price": "8.02",
            "revenue": 209996
        },
        "2003-04": {
            "month": "2003-04",
            "price": "7.52",
            "revenue": 209274
        },
        "2003-05": {
            "month": "2003-05",
            "price": "6.43",
            "revenue": 214403
        },
        "2003-06": {
            "month": "2003-06",
            "price": "7.13",
            "revenue": 255393
        },
        "2003-07": {
            "month": "2003-07",
            "price": "7.37",
            "revenue": 212125
        },
        "2003-08": {
            "month": "2003-08",
            "price": "7.06",
            "revenue": 213001
        },
        "2003-09": {
            "month": "2003-09",
            "price": "6.72",
            "revenue": 265407
        },
        "2003-10": {
            "month": "2003-10",
            "price": "6.97",
            "revenue": 249274
        },
        "2003-11": {
            "month": "2003-11",
            "price": "6.99",
            "revenue": 251876
        },
        "2003-12": {
            "month": "2003-12",
            "price": "6.93",
            "revenue": 324881
        },
        "2004-01": {
            "month": "2004-01",
            "price": "7.26",
            "revenue": 102915
        },
        "2004-02": {
            "month": "2004-02",
            "price": "8.24",
            "revenue": 166121
        },
        "2004-03": {
            "month": "2004-03",
            "price": "8.21",
            "revenue": 257355
        },
        "2004-04": {
            "month": "2004-04",
            "price": "7.72",
            "revenue": 219932
        },
        "2004-05": {
            "month": "2004-05",
            "price": "6.47",
            "revenue": 217438
        },
        "2004-06": {
            "month": "2004-06",
            "price": "6.30",
            "revenue": 185165
        },
        "2004-07": {
            "month": "2004-07",
            "price": "6.12",
            "revenue": 327964
        },
        "2004-08": {
            "month": "2004-08",
            "price": "6.28",
            "revenue": 231600
        },
        "2004-09": {
            "month": "2004-09",
            "price": "6.54",
            "revenue": 358397
        },
        "2004-10": {
            "month": "2004-10",
            "price": "6.67",
            "revenue": 300788
        },
        "2004-11": {
            "month": "2004-11",
            "price": "6.95",
            "revenue": 300576
        },
        "2004-12": {
            "month": "2004-12",
            "price": "7.10",
            "revenue": 343315
        },
        "2005-01": {
            "month": "2005-01",
            "price": "7.34",
            "revenue": 162691
        },
        "2005-02": {
            "month": "2005-02",
            "price": "7.07",
            "revenue": 206133
        },
        "2005-03": {
            "month": "2005-03",
            "price": "6.82",
            "revenue": 308206
        },
        "2005-04": {
            "month": "2005-04",
            "price": "6.57",
            "revenue": 210508
        },
        "2005-05": {
            "month": "2005-05",
            "price": "6.18",
            "revenue": 236187
        },
        "2005-06": {
            "month": "2005-06",
            "price": "6.34",
            "revenue": 248711
        },
        "2005-07": {
            "month": "2005-07",
            "price": "6.39",
            "revenue": 276332
        },
        "2005-08": {
            "month": "2005-08",
            "price": "6.11",
            "revenue": 318361
        },
        "2005-09": {
            "month": "2005-09",
            "price": "5.74",
            "revenue": 283703
        },
        "2005-10": {
            "month": "2005-10",
            "price": "5.45",
            "revenue": 285653
        },
        "2005-11": {
            "month": "2005-11",
            "price": "5.36",
            "revenue": 342919
        },
        "2005-12": {
            "month": "2005-12",
            "price": "5.72",
            "revenue": 343341
        },
        "2006-01": {
            "month": "2006-01",
            "price": "5.69",
            "revenue": 200083
        },
        "2006-02": {
            "month": "2006-02",
            "price": "5.51",
            "revenue": 123517
        },
        "2006-03": {
            "month": "2006-03",
            "price": "5.25",
            "revenue": 360212
        },
        "2006-04": {
            "month": "2006-04",
            "price": "5.91",
            "revenue": 239289
        },
        "2006-05": {
            "month": "2006-05",
            "price": "6.89",
            "revenue": 280562
        },
        "2006-06": {
            "month": "2006-06",
            "price": "6.43",
            "revenue": 242661
        },
        "2006-07": {
            "month": "2006-07",
            "price": "6.30",
            "revenue": 217028
        },
        "2006-08": {
            "month": "2006-08",
            "price": "6.27",
            "revenue": 247859
        },
        "2006-09": {
            "month": "2006-09",
            "price": "5.76",
            "revenue": 219839
        },
        "2006-10": {
            "month": "2006-10",
            "price": "6.24",
            "revenue": 232218
        },
        "2006-11": {
            "month": "2006-11",
            "price": "6.76",
            "revenue": 309885
        },
        "2006-12": {
            "month": "2006-12",
            "price": "7.72",
            "revenue": 338200
        },
        "2007-01": {
            "month": "2007-01",
            "price": "7.94",
            "revenue": 129619
        },
        "2007-02": {
            "month": "2007-02",
            "price": "7.68",
            "revenue": 105387
        },
        "2007-03": {
            "month": "2007-03",
            "price": "7.77",
            "revenue": 309254
        },
        "2007-04": {
            "month": "2007-04",
            "price": "8.34",
            "revenue": 237899
        },
        "2007-05": {
            "month": "2007-05",
            "price": "8.05",
            "revenue": 260189
        },
        "2007-06": {
            "month": "2007-06",
            "price": "8.16",
            "revenue": 272674
        },
        "2007-07": {
            "month": "2007-07",
            "price": "10.47",
            "revenue": 246146
        },
        "2007-08": {
            "month": "2007-08",
            "price": "9.96",
            "revenue": 245031
        },
        "2007-09": {
            "month": "2007-09",
            "price": "11.13",
            "revenue": 282875
        },
        "2007-10": {
            "month": "2007-10",
            "price": "12.90",
            "revenue": 211588
        },
        "2007-11": {
            "month": "2007-11",
            "price": "11.00",
            "revenue": 306788
        },
        "2007-12": {
            "month": "2007-12",
            "price": "9.24",
            "revenue": 410298
        },
        "2008-01": {
            "month": "2008-01",
            "price": "9.07",
            "revenue": 207542
        },
        "2008-02": {
            "month": "2008-02",
            "price": "9.01",
            "revenue": 221751
        },
        "2008-03": {
            "month": "2008-03",
            "price": "9.95",
            "revenue": 281051
        },
        "2008-04": {
            "month": "2008-04",
            "price": "11.00",
            "revenue": 218646
        },
        "2008-05": {
            "month": "2008-05",
            "price": "10.75",
            "revenue": 245472
        },
        "2008-06": {
            "month": "2008-06",
            "price": "10.16",
            "revenue": 280186
        },
        "2008-07": {
            "month": "2008-07",
            "price": "8.62",
            "revenue": 207091
        },
        "2008-08": {
            "month": "2008-08",
            "price": "8.13",
            "revenue": 254873
        },
        "2008-09": {
            "month": "2008-09",
            "price": "6.55",
            "revenue": 307324
        },
        "2008-10": {
            "month": "2008-10",
            "price": "5.32",
            "revenue": 235993
        },
        "2008-11": {
            "month": "2008-11",
            "price": "4.76",
            "revenue": 341234
        },
        "2008-12": {
            "month": "2008-12",
            "price": "4.93",
            "revenue": 301888
        },
        "2009-01": {
            "month": "2009-01",
            "price": "4.85",
            "revenue": 120926
        },
        "2009-02": {
            "month": "2009-02",
            "price": "4.60",
            "revenue": 254052
        },
        "2009-03": {
            "month": "2009-03",
            "price": "5.01",
            "revenue": 303024
        },
        "2009-04": {
            "month": "2009-04",
            "price": "6.12",
            "revenue": 215508
        },
        "2009-05": {
            "month": "2009-05",
            "price": "6.42",
            "revenue": 195134
        },
        "2009-06": {
            "month": "2009-06",
            "price": "6.46",
            "revenue": 199144
        },
        "2009-07": {
            "month": "2009-07",
            "price": "6.49",
            "revenue": 210729
        },
        "2009-08": {
            "month": "2009-08",
            "price": "6.93",
            "revenue": 245298
        },
        "2009-09": {
            "month": "2009-09",
            "price": "6.83",
            "revenue": 344103
        },
        "2009-10": {
            "month": "2009-10",
            "price": "8.34",
            "revenue": 209003
        },
        "2009-11": {
            "month": "2009-11",
            "price": "10.27",
            "revenue": 282162
        },
        "2009-12": {
            "month": "2009-12",
            "price": "14.96",
            "revenue": 337968
        },
        "2010-01": {
            "month": "2010-01",
            "price": "14.20",
            "revenue": 162647
        },
        "2010-02": {
            "month": "2010-02",
            "price": "11.15",
            "revenue": 106352
        },
        "2010-03": {
            "month": "2010-03",
            "price": "12.34",
            "revenue": 254860
        },
        "2010-04": {
            "month": "2010-04",
            "price": "14.38",
            "revenue": 220104
        },
        "2010-05": {
            "month": "2010-05",
            "price": "11.55",
            "revenue": 246991
        },
        "2010-06": {
            "month": "2010-06",
            "price": "11.64",
            "revenue": 214095
        },
        "2010-07": {
            "month": "2010-07",
            "price": "13.36",
            "revenue": 252232
        },
        "2010-08": {
            "month": "2010-08",
            "price": "13.24",
            "revenue": 205758
        },
        "2010-09": {
            "month": "2010-09",
            "price": "12.36",
            "revenue": 303744
        },
        "2010-10": {
            "month": "2010-10",
            "price": "12.10",
            "revenue": 268600
        },
        "2010-11": {
            "month": "2010-11",
            "price": "10.85",
            "revenue": 447591
        },
        "2010-12": {
            "month": "2010-12",
            "price": "11.72",
            "revenue": 513268
        },
        "2011-01": {
            "month": "2011-01",
            "price": "11.67",
            "revenue": 205461
        },
        "2011-02": {
            "month": "2011-02",
            "price": "11.16",
            "revenue": 202477
        },
        "2011-03": {
            "month": "2011-03",
            "price": "11.20",
            "revenue": 264811
        },
        "2011-04": {
            "month": "2011-04",
            "price": "11.54",
            "revenue": 298690
        },
        "2011-05": {
            "month": "2011-05",
            "price": "11.40",
            "revenue": 278145
        },
        "2011-06": {
            "month": "2011-06",
            "price": "11.89",
            "revenue": 346943
        },
        "2011-07": {
            "month": "2011-07",
            "price": "11.13",
            "revenue": 183386
        },
        "2011-08": {
            "month": "2011-08",
            "price": "9.22",
            "revenue": 279605
        },
        "2011-09": {
            "month": "2011-09",
            "price": "8.69",
            "revenue": 299604
        },
        "2011-10": {
            "month": "2011-10",
            "price": "8.31",
            "revenue": 375760
        },
        "2011-11": {
            "month": "2011-11",
            "price": "8.36",
            "revenue": 249896
        },
        "2011-12": {
            "month": "2011-12",
            "price": "7.13",
            "revenue": 358910
        },
        "2012-01": {
            "month": "2012-01",
            "price": "7.04",
            "revenue": 260452
        },
        "2012-02": {
            "month": "2012-02",
            "price": "8.55",
            "revenue": 269524
        },
        "2012-03": {
            "month": "2012-03",
            "price": "8.86",
            "revenue": 326753
        },
        "2012-04": {
            "month": "2012-04",
            "price": "8.04",
            "revenue": 222496
        },
        "2012-05": {
            "month": "2012-05",
            "price": "8.27",
            "revenue": 326800
        },
        "2012-06": {
            "month": "2012-06",
            "price": "8.13",
            "revenue": 352291
        },
        "2012-07": {
            "month": "2012-07",
            "price": "8.04",
            "revenue": 423328
        },
        "2012-08": {
            "month": "2012-08",
            "price": "8.78",
            "revenue": 326354
        },
        "2012-09": {
            "month": "2012-09",
            "price": "8.99",
            "revenue": 321156
        },
        "2012-10": {
            "month": "2012-10",
            "price": "8.46",
            "revenue": 293446
        },
        "2012-11": {
            "month": "2012-11",
            "price": "8.20",
            "revenue": 247671
        },
        "2012-12": {
            "month": "2012-12",
            "price": "8.34",
            "revenue": 372506
        },
        "2013-01": {
            "month": "2013-01",
            "price": "8.71",
            "revenue": 327758
        },
        "2013-02": {
            "month": "2013-02",
            "price": "8.74",
            "revenue": 295626
        },
        "2013-03": {
            "month": "2013-03",
            "price": "9.02",
            "revenue": 350604
        },
        "2013-04": {
            "month": "2013-04",
            "price": "9.09",
            "revenue": 330450
        },
        "2013-05": {
            "month": "2013-05",
            "price": "9.70",
            "revenue": 312672
        },
        "2013-06": {
            "month": "2013-06",
            "price": "9.77",
            "revenue": 275995
        },
        "2013-07": {
            "month": "2013-07",
            "price": "9.33",
            "revenue": 245426
        },
        "2013-08": {
            "month": "2013-08",
            "price": "9.17",
            "revenue": 238556
        },
        "2013-09": {
            "month": "2013-09",
            "price": "9.15",
            "revenue": 269907
        },
        "2013-10": {
            "month": "2013-10",
            "price": "9.47",
            "revenue": 241649
        },
        "2013-11": {
            "month": "2013-11",
            "price": "9.57",
            "revenue": 263953
        },
        "2013-12": {
            "month": "2013-12",
            "price": "9.78",
            "revenue": 295561
        },
        "2014-01": {
            "month": "2014-01",
            "price": "10.20",
            "revenue": 216305
        },
        "2014-02": {
            "month": "2014-02",
            "price": "10.16",
            "revenue": 156163
        },
        "2014-03": {
            "month": "2014-03",
            "price": "10.19",
            "revenue": 268805
        },
        "2014-04": {
            "month": "2014-04",
            "price": "9.89",
            "revenue": 277904
        },
        "2014-05": {
            "month": "2014-05",
            "price": "9.55",
            "revenue": 253622
        },
        "2014-06": {
            "month": "2014-06",
            "price": "9.42",
            "revenue": 301260
        },
        "2014-07": {
            "month": "2014-07",
            "price": "9.45",
            "revenue": 255491
        },
        "2014-08": {
            "month": "2014-08",
            "price": "8.98",
            "revenue": 227308
        },
        "2014-09": {
            "month": "2014-09",
            "price": "8.96",
            "revenue": 270013
        },
        "2014-10": {
            "month": "2014-10",
            "price": "8.42",
            "revenue": 234571
        },
        "2014-11": {
            "month": "2014-11",
            "price": "8.20",
            "revenue": 458904
        },
        "2014-12": {
            "month": "2014-12",
            "price": "8.89",
            "revenue": 480871
        },
        "2015-01": {
            "month": "2015-01",
            "price": "9.41",
            "revenue": 272627
        },
        "2015-02": {
            "month": "2015-02",
            "price": "9.11",
            "revenue": 214630
        },
        "2015-03": {
            "month": "2015-03",
            "price": "9.09",
            "revenue": 299290
        },
        "2015-04": {
            "month": "2015-04",
            "price": "9.85",
            "revenue": 257262
        },
        "2015-05": {
            "month": "2015-05",
            "price": "9.66",
            "revenue": 232959
        },
        "2015-06": {
            "month": "2015-06",
            "price": "9.18",
            "revenue": 440034
        },
        "2015-07": {
            "month": "2015-07",
            "price": "8.89",
            "revenue": 308321
        },
        "2015-08": {
            "month": "2015-08",
            "price": "7.91",
            "revenue": 271629
        },
        "2015-09": {
            "month": "2015-09",
            "price": "7.84",
            "revenue": 328100
        },
        "2015-10": {
            "month": "2015-10",
            "price": "8.31",
            "revenue": 277902
        },
        "2015-11": {
            "month": "2015-11",
            "price": "8.38",
            "revenue": 278566
        },
        "2015-12": {
            "month": "2015-12",
            "price": "8.23",
            "revenue": 330334
        },
        "2016-01": {
            "month": "2016-01",
            "price": "7.99",
            "revenue": 326899
        },
        "2016-02": {
            "month": "2016-02",
            "price": "8.22",
            "revenue": 374713
        },
        "2016-03": {
            "month": "2016-03",
            "price": "9.21",
            "revenue": 416221
        },
        "2016-04": {
            "month": "2016-04",
            "price": "9.40",
            "revenue": 301331
        },
        "2016-05": {
            "month": "2016-05",
            "price": "9.45",
            "revenue": 278785
        },
        "2016-06": {
            "month": "2016-06",
            "price": "10.14",
            "revenue": 366218
        },
        "2016-07": {
            "month": "2016-07",
            "price": "10.64",
            "revenue": 336387
        },
        "2016-08": {
            "month": "2016-08",
            "price": "10.12",
            "revenue": 342496
        },
        "2016-09": {
            "month": "2016-09",
            "price": "10.38",
            "revenue": 271604
        },
        "2016-10": {
            "month": "2016-10",
            "price": "10.20",
            "revenue": 265711
        },
        "2016-11": {
            "month": "2016-11",
            "price": "9.60",
            "revenue": 293785
        },
        "2016-12": {
            "month": "2016-12",
            "price": "9.44",
            "revenue": 322140
        },
        "2017-01": {
            "month": "2017-01",
            "price": "9.74",
            "revenue": 223582
        },
        "2017-02": {
            "month": "2017-02",
            "price": "10.02",
            "revenue": 240915
        },
        "2017-03": {
            "month": "2017-03",
            "price": "10.12",
            "revenue": 285142
        },
        "2017-04": {
            "month": "2017-04",
            "price": "10.73",
            "revenue": 211336
        },
        "2017-05": {
            "month": "2017-05",
            "price": "10.29",
            "revenue": 266398
        },
        "2017-06": {
            "month": "2017-06",
            "price": "10.28",
            "revenue": 309006
        },
        "2017-07": {
            "month": "2017-07",
            "price": "10.51",
            "revenue": 291378
        },
        "2017-08": {
            "month": "2017-08",
            "price": "10.15",
            "revenue": 278205
        },
        "2017-09": {
            "month": "2017-09",
            "price": "10.21",
            "revenue": 401396
        },
        "2017-10": {
            "month": "2017-10",
            "price": "10.80",
            "revenue": 372526
        },
        "2017-11": {
            "month": "2017-11",
            "price": "10.85",
            "revenue": 440750
        },
        "2017-12": {
            "month": "2017-12",
            "price": "11.46",
            "revenue": 459737
        },
        "2018-01": {
            "month": "2018-01",
            "price": "12.12",
            "revenue": 362828
        },
        "2018-02": {
            "month": "2018-02",
            "price": "11.14",
            "revenue": 296187
        },
        "2018-03": {
            "month": "2018-03",
            "price": "11.56",
            "revenue": 379704
        },
        "2018-04": {
            "month": "2018-04",
            "price": "17.01",
            "revenue": 312759
        },
        "2018-05": {
            "month": "2018-05",
            "price": "15.67",
            "revenue": 373846
        },
        "2018-06": {
            "month": "2018-06",
            "price": "16.45",
            "revenue": 312426
        },
        "2018-07": {
            "month": "2018-07",
            "price": "15.12",
            "revenue": 282696
        },
        "2018-08": {
            "month": "2018-08",
            "price": "14.30",
            "revenue": 316606
        },
        "2018-09": {
            "month": "2018-09",
            "price": "14.35",
            "revenue": 320545
        },
        "2018-10": {
            "month": "2018-10",
            "price": "13.05",
            "revenue": 330652
        },
        "2018-11": {
            "month": "2018-11",
            "price": "12.76",
            "revenue": 478872
        },
        "2018-12": {
            "month": "2018-12",
            "price": "12.95",
            "revenue": 505183
        },
        "2019-01": {
            "month": "2019-01",
            "price": "13.33",
            "revenue": 332758
        },
        "2019-02": {
            "month": "2019-02",
            "price": "14.10",
            "revenue": 353895
        },
        "2019-03": {
            "month": "2019-03",
            "price": "14.64",
            "revenue": 417577
        },
        "2019-04": {
            "month": "2019-04",
            "price": "15.34",
            "revenue": 417216
        },
        "2019-05": {
            "month": "2019-05",
            "price": "16.14",
            "revenue": 424315
        },
        "2019-06": {
            "month": "2019-06",
            "price": "16.58",
            "revenue": 510087
        },
        "2019-07": {
            "month": "2019-07",
            "price": "17.53",
            "revenue": 322722
        },
        "2019-08": {
            "month": "2019-08",
            "price": "17.24",
            "revenue": 345898
        },
        "2019-09": {
            "month": "2019-09",
            "price": "16.98",
            "revenue": 344470
        },
        "2019-10": {
            "month": "2019-10",
            "price": "16.89",
            "revenue": 375703
        },
        "2019-11": {
            "month": "2019-11",
            "price": "17.28",
            "revenue": 423430
        },
        "2019-12": {
            "month": "2019-12",
            "price": "17.40",
            "revenue": 570145
        },
        "2020-01": {
            "month": "2020-01",
            "price": "19.14",
            "revenue": 384478
        },
        "2020-02": {
            "month": "2020-02",
            "price": "20.45",
            "revenue": 358518
        },
        "2020-03": {
            "month": "2020-03",
            "price": "16.91",
            "revenue": 468388
        },
        "2020-04": {
            "month": "2020-04",
            "price": "18.26",
            "revenue": 431356
        },
        "2020-05": {
            "month": "2020-05",
            "price": "20.38",
            "revenue": 435413
        },
        "2020-06": {
            "month": "2020-06",
            "price": "22.43",
            "revenue": 417133
        },
        "2020-07": {
            "month": "2020-07",
            "price": "23.97",
            "revenue": 416869
        },
        "2020-08": {
            "month": "2020-08",
            "price": "27.35",
            "revenue": 362926
        },
        "2020-09": {
            "month": "2020-09",
            "price": "27.72",
            "revenue": 405959
        },
        "2020-10": {
            "month": "2020-10",
            "price": "27.82",
            "revenue": 379584
        },
        "2020-11": {
            "month": "2020-11",
            "price": "27.41",
            "revenue": 477166
        },
        "2020-12": {
            "month": "2020-12",
            "price": "26.63",
            "revenue": 567071
        },
        "2021-01": {
            "month": "2021-01",
            "price": "25.22",
            "revenue": 399915
        },
        "2021-02": {
            "month": "2021-02",
            "price": "24.18",
            "revenue": 411153
        },
        "2021-03": {
            "month": "2021-03",
            "price": "25.26",
            "revenue": 419387
        },
        "2021-04": {
            "month": "2021-04",
            "price": "26.76",
            "revenue": 386044
        },
        "2021-05": {
            "month": "2021-05",
            "price": "23.85",
            "revenue": 452007
        },
        "2021-06": {
            "month": "2021-06",
            "price": "24.80",
            "revenue": 506362
        },
        "2021-07": {
            "month": "2021-07",
            "price": "26.08",
            "revenue": 525318
        },
        "2021-08": {
            "month": "2021-08",
            "price": "25.63",
            "revenue": 443719
        },
        "2021-09": {
            "month": "2021-09",
            "price": "23.62",
            "revenue": 482037
        },
        "2021-10": {
            "month": "2021-10",
            "price": "23.08",
            "revenue": 456601
        },
        "2021-11": {
            "month": "2021-11",
            "price": "23.98",
            "revenue": 657473
        },
        "2021-12": {
            "month": "2021-12",
            "price": "24.80",
            "revenue": 542315
        },
        "2022-01": {
            "month": "2022-01",
            "price": "24.46",
            "revenue": 425119
        },
        "2022-02": {
            "month": "2022-02",
            "price": "23.82",
            "revenue": 474890
        },
        "2022-03": {
            "month": "2022-03",
            "price": "26.61",
            "revenue": 588575
        },
        "2022-04": {
            "month": "2022-04",
            "price": "27.90",
            "revenue": 599332
        },
        "2022-05": {
            "month": "2022-05",
            "price": "27.12",
            "revenue": 578515
        },
        "2022-06": {
            "month": "2022-06",
            "price": "28.46",
            "revenue": 786621
        },
        "2022-07": {
            "month": "2022-07",
            "price": "32.37",
            "revenue": 497977
        },
        "2022-08": {
            "month": "2022-08",
            "price": "34.00",
            "revenue": 581803
        },
        "2022-09": {
            "month": "2022-09",
            "price": "30.48",
            "revenue": 692853
        },
        "2022-10": {
            "month": "2022-10",
            "price": "26.24",
            "revenue": 800822
        },
        "2022-11": {
            "month": "2022-11",
            "price": "27.21",
            "revenue": 769327
        },
        "2022-12": {
            "month": "2022-12",
            "price": "29.96",
            "revenue": 883938
        },
        "2023-01": {
            "month": "2023-01",
            "price": "32.04",
            "revenue": 526927
        },
        "2023-02": {
            "month": "2023-02",
            "price": "34.68",
            "revenue": 595193
        },
        "2023-03": {
            "month": "2023-03",
            "price": "39.30",
            "revenue": 711519
        },
        "2023-04": {
            "month": "2023-04",
            "price": "47.10",
            "revenue": 730961
        },
        "2023-05": {
            "month": "2023-05",
            "price": "50.25",
            "revenue": 693069
        },
        "2023-06": {
            "month": "2023-06",
            "price": "58.48",
            "revenue": 857240
        },
        "2023-07": {
            "month": "2023-07",
            "price": "62.54",
            "revenue": 575418
        },
        "2023-08": {
            "month": "2023-08",
            "price": "56.00",
            "revenue": 629670
        },
        "2023-09": {
            "month": "2023-09",
            "price": "50.10",
            "revenue": 777195
        },
        "2023-10": {
            "month": "2023-10",
            "price": "53.20",
            "revenue": 938539
        },
        "2023-11": {
            "month": "2023-11",
            "price": "56.58",
            "revenue": 1169516
        },
        "2023-12": {
            "month": "2023-12",
            "price": "81.26",
            "revenue": 1251523
        }
    }
}
