{
    "summary": {
        "stock_name": "力山",
        "stock_id": "1515",
        "category": "電機機械",
        "main_business": "工具機及其零件之製造加工買賣<br>健身機及其零件之製造加工買賣",
        "website_url": "http://www.rexon.net",
        "ceo": "羅政洲",
        "pe_ratio": -16,
        "report_year_from": 2001,
        "report_year_to": 2023,
        "age": 22,
        "eps_negative_percentage": 26,
        "eps_growth_avg": {
            "last_all": -3.22,
            "last_2y": -35.69,
            "last_4y": 8.32,
            "last_8y": 9.34,
            "last_12y": 3.28,
            "last_16y": -4.66,
            "last_20y": -3.22,
            "at_2006_last_3y": -31.39,
            "at_2007_last_3y": -66.2,
            "at_2008_last_3y": -100,
            "at_2009_last_3y": -100,
            "at_2010_last_3y": -72.31,
            "at_2011_last_3y": -72.31,
            "at_2012_last_3y": -72.31,
            "at_2013_last_3y": -14.87,
            "at_2014_last_3y": -9.44,
            "at_2015_last_3y": 19.78,
            "at_2016_last_3y": 10.61,
            "at_2017_last_3y": 10.61,
            "at_2018_last_3y": 29.85,
            "at_2019_last_3y": 57.94,
            "at_2020_last_3y": 53.25,
            "at_2021_last_3y": 35.4,
            "at_2022_last_3y": -1.77,
            "at_2023_last_3y": -1.77,
            "at_2006_last_all": 1.46,
            "at_2007_last_all": -18.84,
            "at_2008_last_all": -18.84,
            "at_2009_last_all": -18.84,
            "at_2010_last_all": -23.13,
            "at_2011_last_all": -34.11,
            "at_2012_last_all": -34.11,
            "at_2013_last_all": -17.35,
            "at_2014_last_all": -18.57,
            "at_2015_last_all": -17.95,
            "at_2016_last_all": -17.85,
            "at_2017_last_all": -8.03,
            "at_2018_last_all": -3.67,
            "at_2019_last_all": 3.73,
            "at_2020_last_all": 1.11,
            "at_2021_last_all": 2.83,
            "at_2022_last_all": -3.22,
            "at_2023_last_all": -3.22
        },
        "latest_eps": -1.78,
        "latest_price": 29.35,
        "latest_roe": -9.1,
        "latest_gross_margin": 6.48,
        "latest_equity": 3434790,
        "latest_revenue": 588693,
        "latest_gross_profit": 38119,
        "latest_net_income": -76240,
        "latest_debt_ratio": 51.91,
        "latest_current_ratio": 91.4,
        "latest_account_receivable_turnover_ratio": 0.97,
        "latest_inventory_turnover_ratio": 0.95,
        "latest_reinvestment_rate": 63.01,
        "latest_research_to_sale_ratio": 5.5
    },
    "eps_dividends": {
        "1993": {
            "cash": 0,
            "stock": 3,
            "eps": 0
        },
        "1994": {
            "cash": 0,
            "stock": 2,
            "eps": 0
        },
        "1996": {
            "cash": 0,
            "stock": 1,
            "eps": 0
        },
        "1997": {
            "cash": 0,
            "stock": 1,
            "eps": 0
        },
        "1998": {
            "cash": 0,
            "stock": 2,
            "eps": 0
        },
        "2000": {
            "cash": 0,
            "stock": 3,
            "eps": 0
        },
        "2001": {
            "cash": 0,
            "stock": 0,
            "eps": 0.02
        },
        "2002": {
            "cash": 0,
            "stock": 0,
            "eps": 0.68
        },
        "2003": {
            "cash": 0,
            "stock": 0,
            "eps": 0.71
        },
        "2004": {
            "cash": 0,
            "stock": 0,
            "eps": 0.72
        },
        "2005": {
            "cash": 1,
            "stock": 0,
            "eps": -0.82
        },
        "2006": {
            "cash": 0,
            "stock": 0,
            "eps": 0.12
        },
        "2007": {
            "cash": 0,
            "stock": 0,
            "eps": -0.27
        },
        "2008": {
            "cash": 0,
            "stock": 0,
            "eps": -3.45
        },
        "2009": {
            "cash": 0,
            "stock": 0,
            "eps": 0.65
        },
        "2010": {
            "cash": 0,
            "stock": 0,
            "eps": 0.36
        },
        "2011": {
            "cash": 0,
            "stock": 0,
            "eps": -0.51
        },
        "2012": {
            "cash": 0,
            "stock": 0,
            "eps": 0.3
        },
        "2013": {
            "cash": 0,
            "stock": 0,
            "eps": 1.13
        },
        "2014": {
            "cash": 1,
            "stock": 0,
            "eps": 0.81
        },
        "2015": {
            "cash": 0,
            "stock": 0,
            "eps": 0.71
        },
        "2016": {
            "cash": 1,
            "stock": 0,
            "eps": 0.59
        },
        "2017": {
            "cash": 1,
            "stock": 0,
            "eps": 1.48
        },
        "2018": {
            "cash": 1,
            "stock": 0,
            "eps": 2.2
        },
        "2019": {
            "cash": 2,
            "stock": 0,
            "eps": 7.01
        },
        "2020": {
            "cash": 3,
            "stock": 0,
            "eps": 4.51
        },
        "2021": {
            "cash": 4,
            "stock": 0,
            "eps": 5.8
        },
        "2022": {
            "cash": 3,
            "stock": 0,
            "eps": -1.65
        },
        "2023": {
            "cash": 0,
            "stock": 0,
            "eps": -0.42
        }
    },
    "dividends": {
        "1993-03-27": {
            "cash": 0,
            "stock": 2.5
        },
        "1994-04-19": {
            "cash": 0,
            "stock": 2
        },
        "1996-05-30": {
            "cash": 0,
            "stock": 1.2
        },
        "1997-06-11": {
            "cash": 0,
            "stock": 1.2
        },
        "1998-06-05": {
            "cash": 0,
            "stock": 2
        },
        "2000-06-21": {
            "cash": 0,
            "stock": 2.5
        },
        "2001-06-09": {
            "cash": 0.2,
            "stock": 0
        },
        "2003-06-26": {
            "cash": 0.4,
            "stock": 0.1
        },
        "2004-06-24": {
            "cash": 0.4,
            "stock": 0
        },
        "2005-04-07": {
            "cash": 0.6,
            "stock": 0
        },
        "2014-06-06": {
            "cash": 0.5,
            "stock": 0
        },
        "2016-09-14": {
            "cash": 0.5,
            "stock": 0
        },
        "2017-08-24": {
            "cash": 0.5,
            "stock": 0
        },
        "2018-08-09": {
            "cash": 1.2,
            "stock": 0
        },
        "2019-07-26": {
            "cash": 2,
            "stock": 0
        },
        "2020-08-13": {
            "cash": 3,
            "stock": 0
        },
        "2021-07-07": {
            "cash": 3.6,
            "stock": 0
        },
        "2022-07-07": {
            "cash": 3,
            "stock": 0
        }
    },
    "prices": {
        "200101": "10.17",
        "200102": "11.31",
        "200103": "11.56",
        "200104": "9.36",
        "200105": "7.44",
        "200106": "8.10",
        "200107": "6.53",
        "200108": "6.38",
        "200109": "5.22",
        "200110": "4.89",
        "200111": "5.07",
        "200112": "5.25",
        "200201": "6.20",
        "200202": "6.15",
        "200203": "6.82",
        "200204": "9.03",
        "200205": "9.04",
        "200206": "11.92",
        "200207": "10.75",
        "200208": "8.85",
        "200209": "8.70",
        "200210": "9.19",
        "200211": "12.10",
        "200212": "11.86",
        "200301": "12.84",
        "200302": "12.19",
        "200303": "12.21",
        "200304": "12.78",
        "200305": "13.56",
        "200306": "14.66",
        "200307": "14.70",
        "200308": "13.59",
        "200309": "12.82",
        "200310": "12.41",
        "200311": "12.09",
        "200312": "11.88",
        "200401": "12.25",
        "200402": "13.35",
        "200403": "14.60",
        "200404": "13.08",
        "200405": "11.94",
        "200406": "11.24",
        "200407": "10.68",
        "200408": "10.43",
        "200409": "11.81",
        "200410": "12.39",
        "200411": "11.91",
        "200412": "11.31",
        "200501": "10.53",
        "200502": "11.19",
        "200503": "10.57",
        "200504": "10.04",
        "200505": "9.94",
        "200506": "9.84",
        "200507": "9.46",
        "200508": "8.72",
        "200509": "8.46",
        "200510": "8.25",
        "200511": "8.12",
        "200512": "8.12",
        "200601": "8.05",
        "200602": "7.96",
        "200603": "7.34",
        "200604": "7.44",
        "200605": "7.89",
        "200606": "7.39",
        "200607": "6.59",
        "200608": "6.62",
        "200609": "7.28",
        "200610": "8.46",
        "200611": "8.71",
        "200612": "10.06",
        "200701": "10.10",
        "200702": "9.50",
        "200703": "10.54",
        "200704": "12.35",
        "200705": "10.98",
        "200706": "10.81",
        "200707": "13.56",
        "200708": "11.68",
        "200709": "11.77",
        "200710": "10.92",
        "200711": "8.86",
        "200712": "8.17",
        "200801": "7.70",
        "200802": "7.76",
        "200803": "8.98",
        "200804": "8.80",
        "200805": "8.21",
        "200806": "7.61",
        "200807": "6.35",
        "200808": "5.67",
        "200809": "4.22",
        "200810": "3.45",
        "200811": "3.15",
        "200812": "3.27",
        "200901": "3.08",
        "200902": "3.06",
        "200903": "3.62",
        "200904": "4.68",
        "200905": "4.94",
        "200906": "6.10",
        "200907": "6.71",
        "200908": "7.48",
        "200909": "8.12",
        "200910": "9.67",
        "200911": "10.53",
        "200912": "10.09",
        "201001": "9.90",
        "201002": "8.51",
        "201003": "9.80",
        "201004": "11.98",
        "201005": "12.47",
        "201006": "11.77",
        "201007": "11.35",
        "201008": "11.05",
        "201009": "10.20",
        "201010": "9.92",
        "201011": "10.05",
        "201012": "9.92",
        "201101": "10.04",
        "201102": "8.90",
        "201103": "8.03",
        "201104": "8.07",
        "201105": "7.15",
        "201106": "5.62",
        "201107": "5.42",
        "201108": "5.17",
        "201109": "4.88",
        "201110": "4.52",
        "201111": "4.63",
        "201112": "4.69",
        "201201": "4.60",
        "201202": "5.40",
        "201203": "5.98",
        "201204": "5.01",
        "201205": "5.11",
        "201206": "4.95",
        "201207": "4.90",
        "201208": "5.04",
        "201209": "5.77",
        "201210": "6.01",
        "201211": "5.27",
        "201212": "7.49",
        "201301": "8.65",
        "201302": "9.48",
        "201303": "8.31",
        "201304": "8.20",
        "201305": "8.72",
        "201306": "8.91",
        "201307": "9.07",
        "201308": "10.60",
        "201309": "10.57",
        "201310": "11.99",
        "201311": "11.95",
        "201312": "11.99",
        "201401": "12.01",
        "201402": "11.61",
        "201403": "11.41",
        "201404": "11.62",
        "201405": "11.04",
        "201406": "11.02",
        "201407": "10.33",
        "201408": "9.65",
        "201409": "9.54",
        "201410": "10.86",
        "201411": "10.89",
        "201412": "10.36",
        "201501": "10.76",
        "201502": "10.92",
        "201503": "10.90",
        "201504": "10.80",
        "201505": "9.73",
        "201506": "9.59",
        "201507": "9.88",
        "201508": "9.92",
        "201509": "11.27",
        "201510": "12.59",
        "201511": "11.31",
        "201512": "10.30",
        "201601": "10.06",
        "201602": "10.44",
        "201603": "10.88",
        "201604": "10.66",
        "201605": "10.65",
        "201606": "12.54",
        "201607": "14.82",
        "201608": "15.02",
        "201609": "16.02",
        "201610": "13.54",
        "201611": "12.39",
        "201612": "14.51",
        "201701": "15.04",
        "201702": "15.54",
        "201703": "16.84",
        "201704": "21.89",
        "201705": "22.18",
        "201706": "23.03",
        "201707": "25.93",
        "201708": "33.02",
        "201709": "41.77",
        "201710": "57.40",
        "201711": "65.38",
        "201712": "56.02",
        "201801": "47.60",
        "201802": "42.28",
        "201803": "44.39",
        "201804": "45.98",
        "201805": "41.57",
        "201806": "39.36",
        "201807": "46.59",
        "201808": "50.67",
        "201809": "50.40",
        "201810": "51.02",
        "201811": "55.18",
        "201812": "69.56",
        "201901": "75.36",
        "201902": "86.11",
        "201903": "88.00",
        "201904": "79.36",
        "201905": "77.36",
        "201906": "83.11",
        "201907": "88.02",
        "201908": "93.14",
        "201909": "91.57",
        "201910": "85.17",
        "201911": "80.55",
        "201912": "73.19",
        "202001": "70.61",
        "202002": "61.13",
        "202003": "47.52",
        "202004": "56.50",
        "202005": "73.64",
        "202006": "81.68",
        "202007": "79.96",
        "202008": "88.56",
        "202009": "89.66",
        "202010": "82.63",
        "202011": "78.18",
        "202012": "75.40",
        "202101": "74.69",
        "202102": "81.32",
        "202103": "90.17",
        "202104": "94.08",
        "202105": "75.05",
        "202106": "78.49",
        "202107": "80.44",
        "202108": "72.99",
        "202109": "70.38",
        "202110": "66.32",
        "202111": "65.26",
        "202112": "58.20",
        "202201": "51.68",
        "202202": "44.33",
        "202203": "44.18",
        "202204": "41.87",
        "202205": "38.08",
        "202206": "32.85",
        "202207": "31.15",
        "202208": "32.80",
        "202209": "32.76",
        "202210": "28.58",
        "202211": "29.47",
        "202212": "32.05",
        "202301": "29.90",
        "202302": "31.46",
        "202303": "29.54",
        "202304": "29.20",
        "202305": "29.83"
    },
    "quarters": {
        "20011": {
            "year_quarter": 20011,
            "year": 2001,
            "quarter": 1,
            "eps": -0.18,
            "eps_growth_year": -140,
            "eps_4q": -0.28,
            "eps_4q_growth_year": -121.51,
            "roe": -1.49,
            "roe_4q": -1.49,
            "gross_profit": 116941,
            "gross_margin": 16.85,
            "gross_margin_4q_avg": 16.85,
            "net_income": -44510,
            "revenue": 694160,
            "common_shares": 2497131,
            "book_valuer_per_share": 11.86,
            "book_valuer_per_share_4q_avg": 11.86,
            "equity": 2961311,
            "current_ratio": 131.97,
            "debt_ratio": 53.72,
            "inventory_turnover_ratio": 1.33,
            "account_receivable_turnover_ratio": null,
            "reinvestment_rate": null,
            "research_to_sale_ratio": null,
            "price_fair": 0,
            "eps_avg_yearly": 0,
            "eps_latest_yearly": 0,
            "eps_growth_yearly": 0
        },
        "20012": {
            "year_quarter": 20012,
            "year": 2001,
            "quarter": 2,
            "eps": -0.16,
            "eps_growth_year": null,
            "eps_4q": -0.4,
            "eps_4q_growth_year": -150.28,
            "roe": -1.35,
            "roe_4q": -2.84,
            "gross_profit": 97049,
            "gross_margin": 13.73,
            "gross_margin_4q_avg": 15.29,
            "net_income": -39551,
            "revenue": 706652,
            "common_shares": 2497131,
            "book_valuer_per_share": 11.57,
            "book_valuer_per_share_4q_avg": 11.72,
            "equity": 2889391,
            "current_ratio": 144.01,
            "debt_ratio": 55.5,
            "inventory_turnover_ratio": 1.71,
            "account_receivable_turnover_ratio": null,
            "reinvestment_rate": null,
            "research_to_sale_ratio": null,
            "price_fair": 0,
            "eps_avg_yearly": 0,
            "eps_latest_yearly": 0,
            "eps_growth_yearly": 0
        },
        "20013": {
            "year_quarter": 20013,
            "year": 2001,
            "quarter": 3,
            "eps": 0.08,
            "eps_growth_year": null,
            "eps_4q": -0.29,
            "eps_4q_growth_year": -190.15,
            "roe": 0.68,
            "roe_4q": -2.16,
            "gross_profit": 240592,
            "gross_margin": 22.42,
            "gross_margin_4q_avg": 17.67,
            "net_income": 19553,
            "revenue": 1073199,
            "common_shares": 2497131,
            "book_valuer_per_share": 11.58,
            "book_valuer_per_share_4q_avg": 11.67,
            "equity": 2891136,
            "current_ratio": 140.78,
            "debt_ratio": 56.96,
            "inventory_turnover_ratio": 2.39,
            "account_receivable_turnover_ratio": null,
            "reinvestment_rate": null,
            "research_to_sale_ratio": null,
            "price_fair": 0,
            "eps_avg_yearly": 0,
            "eps_latest_yearly": 0,
            "eps_growth_yearly": 0
        },
        "20014": {
            "year_quarter": 20014,
            "year": 2001,
            "quarter": 4,
            "eps": 0.28,
            "eps_growth_year": null,
            "eps_4q": 0.03,
            "eps_4q_growth_year": -90.83,
            "roe": 2.42,
            "roe_4q": 0.26,
            "gross_profit": 295278,
            "gross_margin": 21.66,
            "gross_margin_4q_avg": 18.67,
            "net_income": 70996,
            "revenue": 1363209,
            "common_shares": 2497131,
            "book_valuer_per_share": 11.82,
            "book_valuer_per_share_4q_avg": 11.71,
            "equity": 2987628,
            "current_ratio": 151.23,
            "debt_ratio": 54.86,
            "inventory_turnover_ratio": 3.15,
            "account_receivable_turnover_ratio": null,
            "reinvestment_rate": null,
            "research_to_sale_ratio": null,
            "price_fair": 0,
            "eps_avg_yearly": 0,
            "eps_latest_yearly": 0,
            "eps_growth_yearly": 0
        },
        "20021": {
            "year_quarter": 20021,
            "year": 2002,
            "quarter": 1,
            "eps": 0.12,
            "eps_growth_year": null,
            "eps_4q": 0.32,
            "eps_4q_growth_year": null,
            "roe": 1.03,
            "roe_4q": 2.78,
            "gross_profit": 199360,
            "gross_margin": 22.69,
            "gross_margin_4q_avg": 20.13,
            "net_income": 30837,
            "revenue": 878545,
            "common_shares": 2497131,
            "book_valuer_per_share": 11.93,
            "book_valuer_per_share_4q_avg": 11.73,
            "equity": 2980072,
            "current_ratio": 155.35,
            "debt_ratio": 54.09,
            "inventory_turnover_ratio": 2.33,
            "account_receivable_turnover_ratio": null,
            "reinvestment_rate": null,
            "research_to_sale_ratio": null,
            "price_fair": 1.44,
            "eps_avg_yearly": 0.48,
            "eps_latest_yearly": 0.48,
            "eps_growth_yearly": -228.57
        },
        "20022": {
            "year_quarter": 20022,
            "year": 2002,
            "quarter": 2,
            "eps": 0.1,
            "eps_growth_year": null,
            "eps_4q": 0.57,
            "eps_4q_growth_year": null,
            "roe": 0.86,
            "roe_4q": 4.99,
            "gross_profit": 237726,
            "gross_margin": 23.24,
            "gross_margin_4q_avg": 22.5,
            "net_income": 25774,
            "revenue": 1023131,
            "common_shares": 2497131,
            "book_valuer_per_share": 11.97,
            "book_valuer_per_share_4q_avg": 11.83,
            "equity": 2990205,
            "current_ratio": 154.06,
            "debt_ratio": 53.86,
            "inventory_turnover_ratio": 2.83,
            "account_receivable_turnover_ratio": null,
            "reinvestment_rate": null,
            "research_to_sale_ratio": null,
            "price_fair": 1.32,
            "eps_avg_yearly": 0.44,
            "eps_latest_yearly": 0.4,
            "eps_growth_yearly": -147.62
        },
        "20023": {
            "year_quarter": 20023,
            "year": 2002,
            "quarter": 3,
            "eps": 0.31,
            "eps_growth_year": 287.5,
            "eps_4q": 0.83,
            "eps_4q_growth_year": null,
            "roe": 2.52,
            "roe_4q": 6.83,
            "gross_profit": 216328,
            "gross_margin": 17.41,
            "gross_margin_4q_avg": 21.25,
            "net_income": 76344,
            "revenue": 1242380,
            "common_shares": 2497131,
            "book_valuer_per_share": 12.31,
            "book_valuer_per_share_4q_avg": 12.01,
            "equity": 3073479,
            "current_ratio": 141.29,
            "debt_ratio": 54.65,
            "inventory_turnover_ratio": 3.07,
            "account_receivable_turnover_ratio": null,
            "reinvestment_rate": null,
            "research_to_sale_ratio": null,
            "price_fair": 24.73,
            "eps_avg_yearly": 0.71,
            "eps_latest_yearly": 1.24,
            "eps_growth_yearly": 181.59
        },
        "20024": {
            "year_quarter": 20024,
            "year": 2002,
            "quarter": 4,
            "eps": 0.15,
            "eps_growth_year": -46.43,
            "eps_4q": 0.67,
            "eps_4q_growth_year": 2523.96,
            "roe": 1.23,
            "roe_4q": 5.640000000000001,
            "gross_profit": 274752,
            "gross_margin": 18.81,
            "gross_margin_4q_avg": 20.54,
            "net_income": 38248,
            "revenue": 1460994,
            "common_shares": 2497131,
            "book_valuer_per_share": 12.46,
            "book_valuer_per_share_4q_avg": 12.17,
            "equity": 3148812,
            "current_ratio": 149.83,
            "debt_ratio": 53.7,
            "inventory_turnover_ratio": 3.15,
            "account_receivable_turnover_ratio": null,
            "reinvestment_rate": 92.93,
            "research_to_sale_ratio": null,
            "price_fair": 23.8,
            "eps_avg_yearly": 0.68,
            "eps_latest_yearly": 0.6,
            "eps_growth_yearly": 84.58
        },
        "20031": {
            "year_quarter": 20031,
            "year": 2003,
            "quarter": 1,
            "eps": 0.21,
            "eps_growth_year": 75,
            "eps_4q": 0.78,
            "eps_4q_growth_year": 145.98,
            "roe": 1.63,
            "roe_4q": 6.24,
            "gross_profit": 260221,
            "gross_margin": 22.56,
            "gross_margin_4q_avg": 20.51,
            "net_income": 51412,
            "revenue": 1153294,
            "common_shares": 2497131,
            "book_valuer_per_share": 12.67,
            "book_valuer_per_share_4q_avg": 12.35,
            "equity": 3163099,
            "current_ratio": 144.78,
            "debt_ratio": 52.17,
            "inventory_turnover_ratio": 2.61,
            "account_receivable_turnover_ratio": null,
            "reinvestment_rate": 160.82,
            "research_to_sale_ratio": null,
            "price_fair": 24.92,
            "eps_avg_yearly": 0.71,
            "eps_latest_yearly": 0.84,
            "eps_growth_yearly": 99.66
        },
        "20032": {
            "year_quarter": 20032,
            "year": 2003,
            "quarter": 2,
            "eps": 0.09,
            "eps_growth_year": -10,
            "eps_4q": 0.79,
            "eps_4q_growth_year": 38.42,
            "roe": 0.69,
            "roe_4q": 6.07,
            "gross_profit": 186985,
            "gross_margin": 18.85,
            "gross_margin_4q_avg": 19.41,
            "net_income": 21333,
            "revenue": 991868,
            "common_shares": 2497131,
            "book_valuer_per_share": 12.27,
            "book_valuer_per_share_4q_avg": 12.43,
            "equity": 3063139,
            "current_ratio": 100.64,
            "debt_ratio": 52.33,
            "inventory_turnover_ratio": 3.08,
            "account_receivable_turnover_ratio": null,
            "reinvestment_rate": 185.89,
            "research_to_sale_ratio": null,
            "price_fair": 22.87,
            "eps_avg_yearly": 0.65,
            "eps_latest_yearly": 0.36,
            "eps_growth_yearly": 44.96
        },
        "20033": {
            "year_quarter": 20033,
            "year": 2003,
            "quarter": 3,
            "eps": 0.04,
            "eps_growth_year": -87.1,
            "eps_4q": 0.47,
            "eps_4q_growth_year": -42.92,
            "roe": 0.33,
            "roe_4q": 3.88,
            "gross_profit": 239502,
            "gross_margin": 19.74,
            "gross_margin_4q_avg": 19.99,
            "net_income": 10260,
            "revenue": 1213483,
            "common_shares": 2522103,
            "book_valuer_per_share": 12.2,
            "book_valuer_per_share_4q_avg": 12.4,
            "equity": 3076642,
            "current_ratio": 134.93,
            "debt_ratio": 53.77,
            "inventory_turnover_ratio": 3.89,
            "account_receivable_turnover_ratio": null,
            "reinvestment_rate": 225.07,
            "research_to_sale_ratio": null,
            "price_fair": 9.79,
            "eps_avg_yearly": 0.58,
            "eps_latest_yearly": 0.16,
            "eps_growth_yearly": 6.79
        },
        "20034": {
            "year_quarter": 20034,
            "year": 2003,
            "quarter": 4,
            "eps": 0.37,
            "eps_growth_year": 146.67,
            "eps_4q": 0.7,
            "eps_4q_growth_year": 4.77,
            "roe": 2.99,
            "roe_4q": 5.64,
            "gross_profit": 293046,
            "gross_margin": 22.48,
            "gross_margin_4q_avg": 20.91,
            "net_income": 92111,
            "revenue": 1303524,
            "common_shares": 2522103,
            "book_valuer_per_share": 12.11,
            "book_valuer_per_share_4q_avg": 12.31,
            "equity": 3091444,
            "current_ratio": 108.5,
            "debt_ratio": 54.85,
            "inventory_turnover_ratio": 3.28,
            "account_receivable_turnover_ratio": null,
            "reinvestment_rate": 91.79,
            "research_to_sale_ratio": null,
            "price_fair": 24.33,
            "eps_avg_yearly": 0.7,
            "eps_latest_yearly": 1.48,
            "eps_growth_yearly": 418.44
        },
        "20041": {
            "year_quarter": 20041,
            "year": 2004,
            "quarter": 1,
            "eps": -0.09,
            "eps_growth_year": -142.86,
            "eps_4q": 0.4,
            "eps_4q_growth_year": -48.31,
            "roe": -0.74,
            "roe_4q": 3.27,
            "gross_profit": 177011,
            "gross_margin": 20.95,
            "gross_margin_4q_avg": 20.51,
            "net_income": -22494,
            "revenue": 845028,
            "common_shares": 2522103,
            "book_valuer_per_share": 11.86,
            "book_valuer_per_share_4q_avg": 12.11,
            "equity": 2991914,
            "current_ratio": 99.02,
            "debt_ratio": 54.91,
            "inventory_turnover_ratio": 2.05,
            "account_receivable_turnover_ratio": null,
            "reinvestment_rate": 203.8,
            "research_to_sale_ratio": null,
            "price_fair": 24.33,
            "eps_avg_yearly": 0.7,
            "eps_latest_yearly": 1.48,
            "eps_growth_yearly": 418.44
        },
        "20042": {
            "year_quarter": 20042,
            "year": 2004,
            "quarter": 2,
            "eps": -0.01,
            "eps_growth_year": -111.11,
            "eps_4q": 0.3,
            "eps_4q_growth_year": -61.42,
            "roe": -0.1,
            "roe_4q": 2.4800000000000004,
            "gross_profit": 236462,
            "gross_margin": 22.29,
            "gross_margin_4q_avg": 21.37,
            "net_income": -2983,
            "revenue": 1061003,
            "common_shares": 2522103,
            "book_valuer_per_share": 11,
            "book_valuer_per_share_4q_avg": 11.79,
            "equity": 2773458,
            "current_ratio": 93.06,
            "debt_ratio": 57.23,
            "inventory_turnover_ratio": 2.65,
            "account_receivable_turnover_ratio": null,
            "reinvestment_rate": 190.75,
            "research_to_sale_ratio": null,
            "price_fair": 24.33,
            "eps_avg_yearly": 0.7,
            "eps_latest_yearly": 1.48,
            "eps_growth_yearly": 418.44
        },
        "20043": {
            "year_quarter": 20043,
            "year": 2004,
            "quarter": 3,
            "eps": 0.53,
            "eps_growth_year": 1225,
            "eps_4q": 0.82,
            "eps_4q_growth_year": 73.59,
            "roe": 4.3,
            "roe_4q": 6.45,
            "gross_profit": 365861,
            "gross_margin": 20.33,
            "gross_margin_4q_avg": 21.51,
            "net_income": 121525,
            "revenue": 1799643,
            "common_shares": 2522103,
            "book_valuer_per_share": 11.42,
            "book_valuer_per_share_4q_avg": 11.6,
            "equity": 2880546,
            "current_ratio": 108.57,
            "debt_ratio": 59.63,
            "inventory_turnover_ratio": 4.08,
            "account_receivable_turnover_ratio": null,
            "reinvestment_rate": 117.88,
            "research_to_sale_ratio": null,
            "price_fair": 24.33,
            "eps_avg_yearly": 0.7,
            "eps_latest_yearly": 1.48,
            "eps_growth_yearly": 418.44
        },
        "20044": {
            "year_quarter": 20044,
            "year": 2004,
            "quarter": 4,
            "eps": 0.29,
            "eps_growth_year": -21.62,
            "eps_4q": 0.71,
            "eps_4q_growth_year": 0.72,
            "roe": 2.28,
            "roe_4q": 5.74,
            "gross_profit": 377316,
            "gross_margin": 20.46,
            "gross_margin_4q_avg": 21.01,
            "net_income": 66561,
            "revenue": 1843847,
            "common_shares": 2522103,
            "book_valuer_per_share": 11.6,
            "book_valuer_per_share_4q_avg": 11.47,
            "equity": 2962426,
            "current_ratio": 115.02,
            "debt_ratio": 56.61,
            "inventory_turnover_ratio": 2.9,
            "account_receivable_turnover_ratio": null,
            "reinvestment_rate": -34.32,
            "research_to_sale_ratio": null,
            "price_fair": 26.13,
            "eps_avg_yearly": 0.75,
            "eps_latest_yearly": 1.16,
            "eps_growth_yearly": 351.82
        },
        "20051": {
            "year_quarter": 20051,
            "year": 2005,
            "quarter": 1,
            "eps": -0.34,
            "eps_growth_year": null,
            "eps_4q": 0.46,
            "eps_4q_growth_year": 14.56,
            "roe": -2.7,
            "roe_4q": 3.7799999999999994,
            "gross_profit": 242336,
            "gross_margin": 19.84,
            "gross_margin_4q_avg": 20.73,
            "net_income": -78288,
            "revenue": 1221251,
            "common_shares": 2522103,
            "book_valuer_per_share": 11.24,
            "book_valuer_per_share_4q_avg": 11.32,
            "equity": 2833658,
            "current_ratio": 106.83,
            "debt_ratio": 53.5,
            "inventory_turnover_ratio": 2.06,
            "account_receivable_turnover_ratio": null,
            "reinvestment_rate": -99.17,
            "research_to_sale_ratio": null,
            "price_fair": 26.13,
            "eps_avg_yearly": 0.75,
            "eps_latest_yearly": 1.16,
            "eps_growth_yearly": 351.82
        },
        "20052": {
            "year_quarter": 20052,
            "year": 2005,
            "quarter": 2,
            "eps": -0.5,
            "eps_growth_year": null,
            "eps_4q": -0.01,
            "eps_4q_growth_year": -104.49,
            "roe": -4.2,
            "roe_4q": -0.3200000000000012,
            "gross_profit": 124254,
            "gross_margin": 14.7,
            "gross_margin_4q_avg": 18.83,
            "net_income": -113247,
            "revenue": 845253,
            "common_shares": 2522103,
            "book_valuer_per_share": 10.14,
            "book_valuer_per_share_4q_avg": 11.1,
            "equity": 2556180,
            "current_ratio": 93.2,
            "debt_ratio": 56.55,
            "inventory_turnover_ratio": 2.23,
            "account_receivable_turnover_ratio": null,
            "reinvestment_rate": -122.52,
            "research_to_sale_ratio": null,
            "price_fair": 26.13,
            "eps_avg_yearly": 0.75,
            "eps_latest_yearly": 1.16,
            "eps_growth_yearly": 351.82
        },
        "20053": {
            "year_quarter": 20053,
            "year": 2005,
            "quarter": 3,
            "eps": 0.35,
            "eps_growth_year": -33.96,
            "eps_4q": -0.19,
            "eps_4q_growth_year": -123.56,
            "roe": 3.08,
            "roe_4q": -1.5400000000000005,
            "gross_profit": 153806,
            "gross_margin": 15.58,
            "gross_margin_4q_avg": 17.65,
            "net_income": 80503,
            "revenue": 987074,
            "common_shares": 2522103,
            "book_valuer_per_share": 10.57,
            "book_valuer_per_share_4q_avg": 10.89,
            "equity": 2666267,
            "current_ratio": 95.79,
            "debt_ratio": 57.66,
            "inventory_turnover_ratio": 2.42,
            "account_receivable_turnover_ratio": null,
            "reinvestment_rate": -103.81,
            "research_to_sale_ratio": null,
            "price_fair": 26.13,
            "eps_avg_yearly": 0.75,
            "eps_latest_yearly": 1.16,
            "eps_growth_yearly": 351.82
        },
        "20054": {
            "year_quarter": 20054,
            "year": 2005,
            "quarter": 4,
            "eps": -0.33,
            "eps_growth_year": -213.79,
            "eps_4q": -0.71,
            "eps_4q_growth_year": -200.76,
            "roe": -2.64,
            "roe_4q": -6.460000000000001,
            "gross_profit": 204691,
            "gross_margin": 17.97,
            "gross_margin_4q_avg": 17.02,
            "net_income": -74222,
            "revenue": 1138981,
            "common_shares": 2522103,
            "book_valuer_per_share": 10.07,
            "book_valuer_per_share_4q_avg": 10.51,
            "equity": 2952006,
            "current_ratio": 113.9,
            "debt_ratio": 58.4,
            "inventory_turnover_ratio": 1.54,
            "account_receivable_turnover_ratio": null,
            "reinvestment_rate": 47.98,
            "research_to_sale_ratio": null,
            "price_fair": 26.13,
            "eps_avg_yearly": 0.75,
            "eps_latest_yearly": 1.16,
            "eps_growth_yearly": 351.82
        },
        "20061": {
            "year_quarter": 20061,
            "year": 2006,
            "quarter": 1,
            "eps": 0.05,
            "eps_growth_year": null,
            "eps_4q": -0.39,
            "eps_4q_growth_year": -183.84,
            "roe": 0.44,
            "roe_4q": -3.3200000000000003,
            "gross_profit": 155538,
            "gross_margin": 16.64,
            "gross_margin_4q_avg": 16.22,
            "net_income": 12185,
            "revenue": 934668,
            "common_shares": 2522103,
            "book_valuer_per_share": 10.07,
            "book_valuer_per_share_4q_avg": 10.21,
            "equity": 2540859,
            "current_ratio": 94.58,
            "debt_ratio": 58.49,
            "inventory_turnover_ratio": 1.33,
            "account_receivable_turnover_ratio": null,
            "reinvestment_rate": -189.48,
            "research_to_sale_ratio": null,
            "price_fair": 27.3,
            "eps_avg_yearly": 0.78,
            "eps_latest_yearly": 1.16,
            "eps_growth_yearly": 424.37
        },
        "20062": {
            "year_quarter": 20062,
            "year": 2006,
            "quarter": 2,
            "eps": -0.05,
            "eps_growth_year": null,
            "eps_4q": 0.03,
            "eps_4q_growth_year": null,
            "roe": -0.42,
            "roe_4q": 0.45999999999999996,
            "gross_profit": 193820,
            "gross_margin": 17.69,
            "gross_margin_4q_avg": 16.97,
            "net_income": -10538,
            "revenue": 1095876,
            "common_shares": 2522103,
            "book_valuer_per_share": 10.04,
            "book_valuer_per_share_4q_avg": 10.19,
            "equity": 2530950,
            "current_ratio": 91.13,
            "debt_ratio": 59.65,
            "inventory_turnover_ratio": 2.79,
            "account_receivable_turnover_ratio": null,
            "reinvestment_rate": -198.78,
            "research_to_sale_ratio": null,
            "price_fair": 29.2,
            "eps_avg_yearly": 0.83,
            "eps_latest_yearly": 1.16,
            "eps_growth_yearly": 494.52
        },
        "20063": {
            "year_quarter": 20063,
            "year": 2006,
            "quarter": 3,
            "eps": 0.02,
            "eps_growth_year": -94.29,
            "eps_4q": -0.33,
            "eps_4q_growth_year": null,
            "roe": 0.16,
            "roe_4q": -2.46,
            "gross_profit": 177074,
            "gross_margin": 15.93,
            "gross_margin_4q_avg": 17.06,
            "net_income": 4112,
            "revenue": 1111523,
            "common_shares": 2522103,
            "book_valuer_per_share": 10.12,
            "book_valuer_per_share_4q_avg": 10.08,
            "equity": 2553151,
            "current_ratio": 89.71,
            "debt_ratio": 60.57,
            "inventory_turnover_ratio": 2.9,
            "account_receivable_turnover_ratio": null,
            "reinvestment_rate": -262.48,
            "research_to_sale_ratio": null,
            "price_fair": 26.83,
            "eps_avg_yearly": 0.77,
            "eps_latest_yearly": 1.16,
            "eps_growth_yearly": 436.94
        },
        "20064": {
            "year_quarter": 20064,
            "year": 2006,
            "quarter": 4,
            "eps": 0.1,
            "eps_growth_year": null,
            "eps_4q": 0.13,
            "eps_4q_growth_year": null,
            "roe": 0.81,
            "roe_4q": 0.99,
            "gross_profit": 227078,
            "gross_margin": 16.8,
            "gross_margin_4q_avg": 16.77,
            "net_income": 22360,
            "revenue": 1351912,
            "common_shares": 2522103,
            "book_valuer_per_share": 10.26,
            "book_valuer_per_share_4q_avg": 10.12,
            "equity": 2952386,
            "current_ratio": 113.88,
            "debt_ratio": 61.41,
            "inventory_turnover_ratio": 1.8,
            "account_receivable_turnover_ratio": null,
            "reinvestment_rate": 95.73,
            "research_to_sale_ratio": null,
            "price_fair": 25.67,
            "eps_avg_yearly": 0.73,
            "eps_latest_yearly": 0.4,
            "eps_growth_yearly": 738.01
        },
        "20071": {
            "year_quarter": 20071,
            "year": 2007,
            "quarter": 1,
            "eps": 0.1,
            "eps_growth_year": 100,
            "eps_4q": 0.17,
            "eps_4q_growth_year": null,
            "roe": 0.81,
            "roe_4q": 1.36,
            "gross_profit": 185962,
            "gross_margin": 16.03,
            "gross_margin_4q_avg": 16.61,
            "net_income": 22985,
            "revenue": 1160249,
            "common_shares": 2522103,
            "book_valuer_per_share": 10.69,
            "book_valuer_per_share_4q_avg": 10.28,
            "equity": 2695200,
            "current_ratio": 98.35,
            "debt_ratio": 57.81,
            "inventory_turnover_ratio": 1.62,
            "account_receivable_turnover_ratio": null,
            "reinvestment_rate": -337.55,
            "research_to_sale_ratio": null,
            "price_fair": 23.1,
            "eps_avg_yearly": 0.66,
            "eps_latest_yearly": 0.4,
            "eps_growth_yearly": 711.35
        },
        "20072": {
            "year_quarter": 20072,
            "year": 2007,
            "quarter": 2,
            "eps": 0.04,
            "eps_growth_year": null,
            "eps_4q": 0.26,
            "eps_4q_growth_year": 737.49,
            "roe": 0.33,
            "roe_4q": 2.1100000000000003,
            "gross_profit": 110186,
            "gross_margin": 11.71,
            "gross_margin_4q_avg": 15.12,
            "net_income": 8861,
            "revenue": 940738,
            "common_shares": 2287843,
            "book_valuer_per_share": 11.85,
            "book_valuer_per_share_4q_avg": 10.73,
            "equity": 2710479,
            "current_ratio": 107.58,
            "debt_ratio": 56.62,
            "inventory_turnover_ratio": 2.95,
            "account_receivable_turnover_ratio": null,
            "reinvestment_rate": -370.05,
            "research_to_sale_ratio": null,
            "price_fair": 21.93,
            "eps_avg_yearly": 0.63,
            "eps_latest_yearly": 0.16,
            "eps_growth_yearly": 709.44
        },
        "20073": {
            "year_quarter": 20073,
            "year": 2007,
            "quarter": 3,
            "eps": 0.07,
            "eps_growth_year": 250,
            "eps_4q": 0.32,
            "eps_4q_growth_year": null,
            "roe": 0.55,
            "roe_4q": 2.5,
            "gross_profit": 143854,
            "gross_margin": 12.68,
            "gross_margin_4q_avg": 14.31,
            "net_income": 14890,
            "revenue": 1134827,
            "common_shares": 2287843,
            "book_valuer_per_share": 11.82,
            "book_valuer_per_share_4q_avg": 11.16,
            "equity": 2705126,
            "current_ratio": 110.79,
            "debt_ratio": 56.4,
            "inventory_turnover_ratio": 3.61,
            "account_receivable_turnover_ratio": null,
            "reinvestment_rate": -337.64,
            "research_to_sale_ratio": null,
            "price_fair": 22.63,
            "eps_avg_yearly": 0.65,
            "eps_latest_yearly": 0.28,
            "eps_growth_yearly": 796.48
        },
        "20074": {
            "year_quarter": 20074,
            "year": 2007,
            "quarter": 4,
            "eps": -0.48,
            "eps_growth_year": -580,
            "eps_4q": -0.24,
            "eps_4q_growth_year": -292.02,
            "roe": -3.83,
            "roe_4q": -2.14,
            "gross_profit": 166472,
            "gross_margin": 16.09,
            "gross_margin_4q_avg": 14.13,
            "net_income": -108531,
            "revenue": 1034525,
            "common_shares": 2287843,
            "book_valuer_per_share": 11.36,
            "book_valuer_per_share_4q_avg": 11.43,
            "equity": 2959068,
            "current_ratio": 128.01,
            "debt_ratio": 58.31,
            "inventory_turnover_ratio": 1.56,
            "account_receivable_turnover_ratio": null,
            "reinvestment_rate": null,
            "research_to_sale_ratio": null,
            "price_fair": 16.8,
            "eps_avg_yearly": 0.48,
            "eps_latest_yearly": 0.28,
            "eps_growth_yearly": 295.77
        },
        "20081": {
            "year_quarter": 20081,
            "year": 2008,
            "quarter": 1,
            "eps": -0.97,
            "eps_growth_year": -1070,
            "eps_4q": -1.31,
            "eps_4q_growth_year": -875.55,
            "roe": -8.5,
            "roe_4q": -11.45,
            "gross_profit": 138248,
            "gross_margin": 15.89,
            "gross_margin_4q_avg": 14.09,
            "net_income": -226523,
            "revenue": 870222,
            "common_shares": 2287843,
            "book_valuer_per_share": 10.26,
            "book_valuer_per_share_4q_avg": 11.32,
            "equity": 2370219,
            "current_ratio": 118.47,
            "debt_ratio": 60.48,
            "inventory_turnover_ratio": 1,
            "account_receivable_turnover_ratio": null,
            "reinvestment_rate": null,
            "research_to_sale_ratio": null,
            "price_fair": 16.8,
            "eps_avg_yearly": 0.48,
            "eps_latest_yearly": 0.28,
            "eps_growth_yearly": 295.77
        },
        "20082": {
            "year_quarter": 20082,
            "year": 2008,
            "quarter": 2,
            "eps": -0.97,
            "eps_growth_year": -2525,
            "eps_4q": -2.35,
            "eps_4q_growth_year": -991.91,
            "roe": -9.27,
            "roe_4q": -21.05,
            "gross_profit": 123952,
            "gross_margin": 10.44,
            "gross_margin_4q_avg": 13.78,
            "net_income": -209354,
            "revenue": 1187295,
            "common_shares": 2287843,
            "book_valuer_per_share": 9.21,
            "book_valuer_per_share_4q_avg": 10.66,
            "equity": 2147276,
            "current_ratio": 109.43,
            "debt_ratio": 63.3,
            "inventory_turnover_ratio": 1.61,
            "account_receivable_turnover_ratio": null,
            "reinvestment_rate": null,
            "research_to_sale_ratio": null,
            "price_fair": 16.8,
            "eps_avg_yearly": 0.48,
            "eps_latest_yearly": 0.28,
            "eps_growth_yearly": 295.77
        },
        "20083": {
            "year_quarter": 20083,
            "year": 2008,
            "quarter": 3,
            "eps": -0.36,
            "eps_growth_year": -614.29,
            "eps_4q": -2.77,
            "eps_4q_growth_year": -954.19,
            "roe": -4.03,
            "roe_4q": -25.630000000000003,
            "gross_profit": 75937,
            "gross_margin": 7.64,
            "gross_margin_4q_avg": 12.52,
            "net_income": -84271,
            "revenue": 994537,
            "common_shares": 2287843,
            "book_valuer_per_share": 8.71,
            "book_valuer_per_share_4q_avg": 9.89,
            "equity": 2033623,
            "current_ratio": 89.05,
            "debt_ratio": 65.15,
            "inventory_turnover_ratio": 1.29,
            "account_receivable_turnover_ratio": null,
            "reinvestment_rate": null,
            "research_to_sale_ratio": null,
            "price_fair": 16.8,
            "eps_avg_yearly": 0.48,
            "eps_latest_yearly": 0.28,
            "eps_growth_yearly": 295.77
        },
        "20084": {
            "year_quarter": 20084,
            "year": 2008,
            "quarter": 4,
            "eps": -1.15,
            "eps_growth_year": null,
            "eps_4q": -3.39,
            "eps_4q_growth_year": null,
            "roe": -15.09,
            "roe_4q": -36.89,
            "gross_profit": 127221,
            "gross_margin": 15.59,
            "gross_margin_4q_avg": 12.39,
            "net_income": -282872,
            "revenue": 815925,
            "common_shares": 2287843,
            "book_valuer_per_share": 7.33,
            "book_valuer_per_share_4q_avg": 8.88,
            "equity": 1715657,
            "current_ratio": 81.23,
            "debt_ratio": 66.34,
            "inventory_turnover_ratio": 1.03,
            "account_receivable_turnover_ratio": 2.75,
            "reinvestment_rate": null,
            "research_to_sale_ratio": null,
            "price_fair": 10.85,
            "eps_avg_yearly": 0.31,
            "eps_latest_yearly": 0.28,
            "eps_growth_yearly": 415
        },
        "20091": {
            "year_quarter": 20091,
            "year": 2009,
            "quarter": 1,
            "eps": 0.06,
            "eps_growth_year": null,
            "eps_4q": -2.47,
            "eps_4q_growth_year": null,
            "roe": 0.78,
            "roe_4q": -27.61,
            "gross_profit": 152431,
            "gross_margin": 26.91,
            "gross_margin_4q_avg": 15.15,
            "net_income": 13459,
            "revenue": 566536,
            "common_shares": 2287843,
            "book_valuer_per_share": 7.41,
            "book_valuer_per_share_4q_avg": 8.17,
            "equity": 1735936,
            "current_ratio": 84.66,
            "debt_ratio": 64.23,
            "inventory_turnover_ratio": 0.76,
            "account_receivable_turnover_ratio": 1.01,
            "reinvestment_rate": null,
            "research_to_sale_ratio": null,
            "price_fair": 10.85,
            "eps_avg_yearly": 0.31,
            "eps_latest_yearly": 0.28,
            "eps_growth_yearly": 415
        },
        "20092": {
            "year_quarter": 20092,
            "year": 2009,
            "quarter": 2,
            "eps": 0.08,
            "eps_growth_year": null,
            "eps_4q": -1.69,
            "eps_4q_growth_year": null,
            "roe": 0.85,
            "roe_4q": -17.490000000000002,
            "gross_profit": 198501,
            "gross_margin": 25.15,
            "gross_margin_4q_avg": 18.82,
            "net_income": 14948,
            "revenue": 789178,
            "common_shares": 2287843,
            "book_valuer_per_share": 7.45,
            "book_valuer_per_share_4q_avg": 7.73,
            "equity": 1770519,
            "current_ratio": 103.8,
            "debt_ratio": 63.19,
            "inventory_turnover_ratio": 1.27,
            "account_receivable_turnover_ratio": 1.36,
            "reinvestment_rate": null,
            "research_to_sale_ratio": null,
            "price_fair": 10.92,
            "eps_avg_yearly": 0.31,
            "eps_latest_yearly": 0.32,
            "eps_growth_yearly": 358.67
        },
        "20093": {
            "year_quarter": 20093,
            "year": 2009,
            "quarter": 3,
            "eps": 0.31,
            "eps_growth_year": null,
            "eps_4q": -0.68,
            "eps_4q_growth_year": null,
            "roe": 3.99,
            "roe_4q": -9.469999999999999,
            "gross_profit": 273047,
            "gross_margin": 33.19,
            "gross_margin_4q_avg": 25.21,
            "net_income": 73603,
            "revenue": 822588,
            "common_shares": 2287843,
            "book_valuer_per_share": 8.1,
            "book_valuer_per_share_4q_avg": 7.57,
            "equity": 1921046,
            "current_ratio": 109.88,
            "debt_ratio": 61.62,
            "inventory_turnover_ratio": 1.18,
            "account_receivable_turnover_ratio": 1.21,
            "reinvestment_rate": null,
            "research_to_sale_ratio": null,
            "price_fair": 16.33,
            "eps_avg_yearly": 0.47,
            "eps_latest_yearly": 1.24,
            "eps_growth_yearly": 490.56
        },
        "20094": {
            "year_quarter": 20094,
            "year": 2009,
            "quarter": 4,
            "eps": 0.2,
            "eps_growth_year": null,
            "eps_4q": 0.64,
            "eps_4q_growth_year": null,
            "roe": 1.98,
            "roe_4q": 7.6000000000000005,
            "gross_profit": 254618,
            "gross_margin": 24.99,
            "gross_margin_4q_avg": 27.56,
            "net_income": 42151,
            "revenue": 1018926,
            "common_shares": 2287843,
            "book_valuer_per_share": 9.9,
            "book_valuer_per_share_4q_avg": 8.22,
            "equity": 2329999,
            "current_ratio": 109.86,
            "debt_ratio": 55.82,
            "inventory_turnover_ratio": 1.6,
            "account_receivable_turnover_ratio": 3.55,
            "reinvestment_rate": null,
            "research_to_sale_ratio": null,
            "price_fair": 18,
            "eps_avg_yearly": 0.51,
            "eps_latest_yearly": 0.8,
            "eps_growth_yearly": 400.2
        },
        "20101": {
            "year_quarter": 20101,
            "year": 2010,
            "quarter": 1,
            "eps": 0.25,
            "eps_growth_year": 316.67,
            "eps_4q": 0.83,
            "eps_4q_growth_year": null,
            "roe": 2.46,
            "roe_4q": 9.28,
            "gross_profit": 231395,
            "gross_margin": 27.79,
            "gross_margin_4q_avg": 27.78,
            "net_income": 57020,
            "revenue": 832775,
            "common_shares": 2287843,
            "book_valuer_per_share": 9.92,
            "book_valuer_per_share_4q_avg": 8.84,
            "equity": 2296737,
            "current_ratio": 110.4,
            "debt_ratio": 56.92,
            "inventory_turnover_ratio": 1.29,
            "account_receivable_turnover_ratio": 1.31,
            "reinvestment_rate": null,
            "research_to_sale_ratio": 3.04,
            "price_fair": 20.13,
            "eps_avg_yearly": 0.58,
            "eps_latest_yearly": 1,
            "eps_growth_yearly": 362.67
        },
        "20102": {
            "year_quarter": 20102,
            "year": 2010,
            "quarter": 2,
            "eps": 0.11,
            "eps_growth_year": 37.49,
            "eps_4q": 0.87,
            "eps_4q_growth_year": null,
            "roe": 1.06,
            "roe_4q": 9.49,
            "gross_profit": 192626,
            "gross_margin": 25.6,
            "gross_margin_4q_avg": 27.89,
            "net_income": 24118,
            "revenue": 752315,
            "common_shares": 2287843,
            "book_valuer_per_share": 9.82,
            "book_valuer_per_share_4q_avg": 9.44,
            "equity": 2272358,
            "current_ratio": 114.27,
            "debt_ratio": 55.15,
            "inventory_turnover_ratio": 1.12,
            "account_receivable_turnover_ratio": 1.17,
            "reinvestment_rate": null,
            "research_to_sale_ratio": 3.19,
            "price_fair": 19.6,
            "eps_avg_yearly": 0.56,
            "eps_latest_yearly": 0.44,
            "eps_growth_yearly": 297.49
        },
        "20103": {
            "year_quarter": 20103,
            "year": 2010,
            "quarter": 3,
            "eps": 0.26,
            "eps_growth_year": -16.03,
            "eps_4q": 0.82,
            "eps_4q_growth_year": null,
            "roe": 2.6,
            "roe_4q": 8.1,
            "gross_profit": 263246,
            "gross_margin": 25.49,
            "gross_margin_4q_avg": 25.97,
            "net_income": 60055,
            "revenue": 1032777,
            "common_shares": 2287843,
            "book_valuer_per_share": 10.14,
            "book_valuer_per_share_4q_avg": 9.95,
            "equity": 2345559,
            "current_ratio": 115.22,
            "debt_ratio": 56.39,
            "inventory_turnover_ratio": 1.51,
            "account_receivable_turnover_ratio": 1.36,
            "reinvestment_rate": null,
            "research_to_sale_ratio": 2.42,
            "price_fair": 21.28,
            "eps_avg_yearly": 0.61,
            "eps_latest_yearly": 1.04,
            "eps_growth_yearly": 322.29
        },
        "20104": {
            "year_quarter": 20104,
            "year": 2010,
            "quarter": 4,
            "eps": -0.26,
            "eps_growth_year": -228.72,
            "eps_4q": 0.36,
            "eps_4q_growth_year": -43.71,
            "roe": -2.71,
            "roe_4q": 3.41,
            "gross_profit": 168288,
            "gross_margin": 21.5,
            "gross_margin_4q_avg": 25.1,
            "net_income": -61406,
            "revenue": 782848,
            "common_shares": 2287843,
            "book_valuer_per_share": 9.46,
            "book_valuer_per_share_4q_avg": 9.84,
            "equity": 2187365,
            "current_ratio": 112.4,
            "debt_ratio": 55.47,
            "inventory_turnover_ratio": 1.26,
            "account_receivable_turnover_ratio": 1.02,
            "reinvestment_rate": null,
            "research_to_sale_ratio": 2.48,
            "price_fair": 22.09,
            "eps_avg_yearly": 0.63,
            "eps_latest_yearly": 1.04,
            "eps_growth_yearly": 180.32
        },
        "20111": {
            "year_quarter": 20111,
            "year": 2011,
            "quarter": 1,
            "eps": -0.11,
            "eps_growth_year": -144,
            "eps_4q": 0,
            "eps_4q_growth_year": -99.46,
            "roe": -1.16,
            "roe_4q": -0.20999999999999996,
            "gross_profit": 96626,
            "gross_margin": 18.24,
            "gross_margin_4q_avg": 22.71,
            "net_income": -25059,
            "revenue": 529799,
            "common_shares": 2287843,
            "book_valuer_per_share": 9.18,
            "book_valuer_per_share_4q_avg": 9.65,
            "equity": 2125227,
            "current_ratio": 115.22,
            "debt_ratio": 55.29,
            "inventory_turnover_ratio": 0.93,
            "account_receivable_turnover_ratio": 1.04,
            "reinvestment_rate": null,
            "research_to_sale_ratio": 5.09,
            "price_fair": 23.1,
            "eps_avg_yearly": 0.66,
            "eps_latest_yearly": 1.04,
            "eps_growth_yearly": 202.86
        },
        "20112": {
            "year_quarter": 20112,
            "year": 2011,
            "quarter": 2,
            "eps": -0.13,
            "eps_growth_year": -219.71,
            "eps_4q": -0.24,
            "eps_4q_growth_year": -127.37,
            "roe": -1.41,
            "roe_4q": -2.6799999999999993,
            "gross_profit": 113304,
            "gross_margin": 18.62,
            "gross_margin_4q_avg": 20.96,
            "net_income": -29313,
            "revenue": 608566,
            "common_shares": 2287843,
            "book_valuer_per_share": 8.81,
            "book_valuer_per_share_4q_avg": 9.4,
            "equity": 2043174,
            "current_ratio": 116.31,
            "debt_ratio": 55.61,
            "inventory_turnover_ratio": 1.09,
            "account_receivable_turnover_ratio": 1.33,
            "reinvestment_rate": null,
            "research_to_sale_ratio": 4.92,
            "price_fair": 25.6,
            "eps_avg_yearly": 0.73,
            "eps_latest_yearly": 1.04,
            "eps_growth_yearly": 266.12
        },
        "20113": {
            "year_quarter": 20113,
            "year": 2011,
            "quarter": 3,
            "eps": -0.09,
            "eps_growth_year": -135.96,
            "eps_4q": -0.59,
            "eps_4q_growth_year": -172.28,
            "roe": -1.03,
            "roe_4q": -6.31,
            "gross_profit": 124078,
            "gross_margin": 18.01,
            "gross_margin_4q_avg": 19.09,
            "net_income": -20806,
            "revenue": 688859,
            "common_shares": 2287843,
            "book_valuer_per_share": 8.59,
            "book_valuer_per_share_4q_avg": 9.01,
            "equity": 1992003,
            "current_ratio": 111.72,
            "debt_ratio": 58.89,
            "inventory_turnover_ratio": 1.13,
            "account_receivable_turnover_ratio": 1.19,
            "reinvestment_rate": null,
            "research_to_sale_ratio": 4.44,
            "price_fair": 28.23,
            "eps_avg_yearly": 0.81,
            "eps_latest_yearly": 1.04,
            "eps_growth_yearly": 260.48
        },
        "20114": {
            "year_quarter": 20114,
            "year": 2011,
            "quarter": 4,
            "eps": -0.18,
            "eps_growth_year": null,
            "eps_4q": -0.52,
            "eps_4q_growth_year": -244.01,
            "roe": -2.19,
            "roe_4q": -5.79,
            "gross_profit": 130984,
            "gross_margin": 18.71,
            "gross_margin_4q_avg": 18.4,
            "net_income": -42646,
            "revenue": 700040,
            "common_shares": 2287843,
            "book_valuer_per_share": 8.28,
            "book_valuer_per_share_4q_avg": 8.72,
            "equity": 1906500,
            "current_ratio": 110.54,
            "debt_ratio": 58.68,
            "inventory_turnover_ratio": 1.08,
            "account_receivable_turnover_ratio": 1.19,
            "reinvestment_rate": null,
            "research_to_sale_ratio": 2.94,
            "price_fair": 28.23,
            "eps_avg_yearly": 0.81,
            "eps_latest_yearly": 1.04,
            "eps_growth_yearly": 260.48
        },
        "20121": {
            "year_quarter": 20121,
            "year": 2012,
            "quarter": 1,
            "eps": 0.01,
            "eps_growth_year": null,
            "eps_4q": -0.41,
            "eps_4q_growth_year": -9185.79,
            "roe": 0.1,
            "roe_4q": -4.53,
            "gross_profit": 153658,
            "gross_margin": 21.52,
            "gross_margin_4q_avg": 19.22,
            "net_income": 2055,
            "revenue": 713961,
            "common_shares": 2287843,
            "book_valuer_per_share": 8.8,
            "book_valuer_per_share_4q_avg": 8.62,
            "equity": 2024566,
            "current_ratio": 111.05,
            "debt_ratio": 57.26,
            "inventory_turnover_ratio": 1.08,
            "account_receivable_turnover_ratio": 1.23,
            "reinvestment_rate": null,
            "research_to_sale_ratio": 3.8,
            "price_fair": 28.23,
            "eps_avg_yearly": 0.81,
            "eps_latest_yearly": 1.04,
            "eps_growth_yearly": 260.48
        },
        "20122": {
            "year_quarter": 20122,
            "year": 2012,
            "quarter": 2,
            "eps": 0.13,
            "eps_growth_year": null,
            "eps_4q": -0.14,
            "eps_4q_growth_year": null,
            "roe": 1.5,
            "roe_4q": -1.6199999999999999,
            "gross_profit": 181432,
            "gross_margin": 20.67,
            "gross_margin_4q_avg": 19.73,
            "net_income": 30193,
            "revenue": 877653,
            "common_shares": 2287843,
            "book_valuer_per_share": 8.64,
            "book_valuer_per_share_4q_avg": 8.58,
            "equity": 1988782,
            "current_ratio": 110.14,
            "debt_ratio": 59.14,
            "inventory_turnover_ratio": 1.34,
            "account_receivable_turnover_ratio": 1.29,
            "reinvestment_rate": null,
            "research_to_sale_ratio": 3.27,
            "price_fair": 26.8,
            "eps_avg_yearly": 0.77,
            "eps_latest_yearly": 0.52,
            "eps_growth_yearly": 908.98
        },
        "20123": {
            "year_quarter": 20123,
            "year": 2012,
            "quarter": 3,
            "eps": 0.05,
            "eps_growth_year": null,
            "eps_4q": 0,
            "eps_4q_growth_year": null,
            "roe": 0.58,
            "roe_4q": -0.009999999999999787,
            "gross_profit": 163329,
            "gross_margin": 21.16,
            "gross_margin_4q_avg": 20.52,
            "net_income": 11700,
            "revenue": 771910,
            "common_shares": 2287843,
            "book_valuer_per_share": 8.78,
            "book_valuer_per_share_4q_avg": 8.63,
            "equity": 2036566,
            "current_ratio": 110.12,
            "debt_ratio": 58.22,
            "inventory_turnover_ratio": 1.15,
            "account_receivable_turnover_ratio": 1.13,
            "reinvestment_rate": null,
            "research_to_sale_ratio": 3.7,
            "price_fair": 24.33,
            "eps_avg_yearly": 0.7,
            "eps_latest_yearly": 0.2,
            "eps_growth_yearly": 764.59
        },
        "20124": {
            "year_quarter": 20124,
            "year": 2012,
            "quarter": 4,
            "eps": 0.11,
            "eps_growth_year": null,
            "eps_4q": 0.35,
            "eps_4q_growth_year": null,
            "roe": 0.92,
            "roe_4q": 3.1,
            "gross_profit": 200007,
            "gross_margin": 20.95,
            "gross_margin_4q_avg": 21.08,
            "net_income": 18516,
            "revenue": 954556,
            "common_shares": 1814735,
            "book_valuer_per_share": 10.87,
            "book_valuer_per_share_4q_avg": 9.27,
            "equity": 1998292,
            "current_ratio": 105.12,
            "debt_ratio": 59.74,
            "inventory_turnover_ratio": 1.4,
            "account_receivable_turnover_ratio": 1.34,
            "reinvestment_rate": -14.38,
            "research_to_sale_ratio": 2.71,
            "price_fair": 23.33,
            "eps_avg_yearly": 0.67,
            "eps_latest_yearly": 0.44,
            "eps_growth_yearly": 732.97
        },
        "20131": {
            "year_quarter": 20131,
            "year": 2013,
            "quarter": 1,
            "eps": 0.06,
            "eps_growth_year": 500,
            "eps_4q": 0.4,
            "eps_4q_growth_year": null,
            "roe": 0.54,
            "roe_4q": 3.54,
            "gross_profit": 137279,
            "gross_margin": 20.5,
            "gross_margin_4q_avg": 20.82,
            "net_income": 10961,
            "revenue": 669734,
            "common_shares": 1814735,
            "book_valuer_per_share": 11.14,
            "book_valuer_per_share_4q_avg": 9.86,
            "equity": 2048298,
            "current_ratio": 105.6,
            "debt_ratio": 58.18,
            "inventory_turnover_ratio": 1.02,
            "account_receivable_turnover_ratio": 0.97,
            "reinvestment_rate": 2.38,
            "research_to_sale_ratio": 4.82,
            "price_fair": 21.84,
            "eps_avg_yearly": 0.62,
            "eps_latest_yearly": 0.24,
            "eps_growth_yearly": 641.49
        },
        "20132": {
            "year_quarter": 20132,
            "year": 2013,
            "quarter": 2,
            "eps": 0.59,
            "eps_growth_year": 340.75,
            "eps_4q": 0.83,
            "eps_4q_growth_year": null,
            "roe": 5.16,
            "roe_4q": 7.2,
            "gross_profit": 138622,
            "gross_margin": 18.83,
            "gross_margin_4q_avg": 20.36,
            "net_income": 107723,
            "revenue": 736012,
            "common_shares": 1814735,
            "book_valuer_per_share": 11.6,
            "book_valuer_per_share_4q_avg": 10.6,
            "equity": 2130940,
            "current_ratio": 124.23,
            "debt_ratio": 53.29,
            "inventory_turnover_ratio": 1.15,
            "account_receivable_turnover_ratio": 1.21,
            "reinvestment_rate": -87.02,
            "research_to_sale_ratio": 4.34,
            "price_fair": 28.98,
            "eps_avg_yearly": 0.83,
            "eps_latest_yearly": 2.36,
            "eps_growth_yearly": 981.49
        },
        "20133": {
            "year_quarter": 20133,
            "year": 2013,
            "quarter": 3,
            "eps": 0.09,
            "eps_growth_year": 85.98,
            "eps_4q": 0.86,
            "eps_4q_growth_year": 21725.03,
            "roe": 0.78,
            "roe_4q": 7.4,
            "gross_profit": 198376,
            "gross_margin": 20.47,
            "gross_margin_4q_avg": 20.19,
            "net_income": 16897,
            "revenue": 969238,
            "common_shares": 1814735,
            "book_valuer_per_share": 12.03,
            "book_valuer_per_share_4q_avg": 11.41,
            "equity": 2209326,
            "current_ratio": 112.3,
            "debt_ratio": 56.1,
            "inventory_turnover_ratio": 1.44,
            "account_receivable_turnover_ratio": 1.31,
            "reinvestment_rate": -78.41,
            "research_to_sale_ratio": 3.53,
            "price_fair": 25.9,
            "eps_avg_yearly": 0.74,
            "eps_latest_yearly": 0.36,
            "eps_growth_yearly": 832.59
        },
        "20134": {
            "year_quarter": 20134,
            "year": 2013,
            "quarter": 4,
            "eps": 0.39,
            "eps_growth_year": 251.01,
            "eps_4q": 1.14,
            "eps_4q_growth_year": 228.07,
            "roe": 3.05,
            "roe_4q": 9.530000000000001,
            "gross_profit": 166422,
            "gross_margin": 18.25,
            "gross_margin_4q_avg": 19.51,
            "net_income": 70295,
            "revenue": 912024,
            "common_shares": 1814735,
            "book_valuer_per_share": 13.09,
            "book_valuer_per_share_4q_avg": 11.97,
            "equity": 2400060,
            "current_ratio": 127.29,
            "debt_ratio": 54.65,
            "inventory_turnover_ratio": 1.33,
            "account_receivable_turnover_ratio": 1.1,
            "reinvestment_rate": -243.38,
            "research_to_sale_ratio": 3.19,
            "price_fair": 28.56,
            "eps_avg_yearly": 0.82,
            "eps_latest_yearly": 1.56,
            "eps_growth_yearly": 980.12
        },
        "20141": {
            "year_quarter": 20141,
            "year": 2014,
            "quarter": 1,
            "eps": 0.06,
            "eps_growth_year": 0,
            "eps_4q": 1.13,
            "eps_4q_growth_year": 181.07,
            "roe": 0.4,
            "roe_4q": 9.39,
            "gross_profit": 114880,
            "gross_margin": 16.99,
            "gross_margin_4q_avg": 18.64,
            "net_income": 9596,
            "revenue": 676020,
            "common_shares": 1814735,
            "book_valuer_per_share": 12.78,
            "book_valuer_per_share_4q_avg": 12.38,
            "equity": 2343199,
            "current_ratio": 126.15,
            "debt_ratio": 54.08,
            "inventory_turnover_ratio": 0.96,
            "account_receivable_turnover_ratio": 0.92,
            "reinvestment_rate": -174.65,
            "research_to_sale_ratio": 4.8,
            "price_fair": 25.9,
            "eps_avg_yearly": 0.74,
            "eps_latest_yearly": 0.24,
            "eps_growth_yearly": 936.27
        },
        "20142": {
            "year_quarter": 20142,
            "year": 2014,
            "quarter": 2,
            "eps": -0.02,
            "eps_growth_year": -103.39,
            "eps_4q": 0.52,
            "eps_4q_growth_year": -36.78,
            "roe": -0.11,
            "roe_4q": 4.12,
            "gross_profit": 157802,
            "gross_margin": 18.95,
            "gross_margin_4q_avg": 18.67,
            "net_income": -2608,
            "revenue": 832868,
            "common_shares": 1814735,
            "book_valuer_per_share": 11.98,
            "book_valuer_per_share_4q_avg": 12.47,
            "equity": 2199514,
            "current_ratio": 114.19,
            "debt_ratio": 57.66,
            "inventory_turnover_ratio": 1.15,
            "account_receivable_turnover_ratio": 1.24,
            "reinvestment_rate": -81.36,
            "research_to_sale_ratio": 3.97,
            "price_fair": 27.07,
            "eps_avg_yearly": 0.77,
            "eps_latest_yearly": 0.24,
            "eps_growth_yearly": 1065.19
        },
        "20143": {
            "year_quarter": 20143,
            "year": 2014,
            "quarter": 3,
            "eps": 0.31,
            "eps_growth_year": 244.44,
            "eps_4q": 0.74,
            "eps_4q_growth_year": -13.9,
            "roe": 2.52,
            "roe_4q": 5.859999999999999,
            "gross_profit": 206256,
            "gross_margin": 19.58,
            "gross_margin_4q_avg": 18.44,
            "net_income": 55817,
            "revenue": 1053636,
            "common_shares": 1814735,
            "book_valuer_per_share": 12.14,
            "book_valuer_per_share_4q_avg": 12.5,
            "equity": 2227975,
            "current_ratio": 108.19,
            "debt_ratio": 58.47,
            "inventory_turnover_ratio": 1.49,
            "account_receivable_turnover_ratio": 1.28,
            "reinvestment_rate": 7.24,
            "research_to_sale_ratio": 3.2,
            "price_fair": 25.9,
            "eps_avg_yearly": 0.74,
            "eps_latest_yearly": 0.24,
            "eps_growth_yearly": 1130.16
        },
        "20144": {
            "year_quarter": 20144,
            "year": 2014,
            "quarter": 4,
            "eps": 0.46,
            "eps_growth_year": 18.94,
            "eps_4q": 0.81,
            "eps_4q_growth_year": -28.5,
            "roe": 3.63,
            "roe_4q": 6.44,
            "gross_profit": 235187,
            "gross_margin": 22.53,
            "gross_margin_4q_avg": 19.51,
            "net_income": 83278,
            "revenue": 1043741,
            "common_shares": 1814735,
            "book_valuer_per_share": 12.91,
            "book_valuer_per_share_4q_avg": 12.45,
            "equity": 2365957,
            "current_ratio": 103.37,
            "debt_ratio": 58.59,
            "inventory_turnover_ratio": 1.4,
            "account_receivable_turnover_ratio": 1.06,
            "reinvestment_rate": 103.55,
            "research_to_sale_ratio": 2.36,
            "price_fair": 30.18,
            "eps_avg_yearly": 0.86,
            "eps_latest_yearly": 1.84,
            "eps_growth_yearly": 1026.09
        },
        "20151": {
            "year_quarter": 20151,
            "year": 2015,
            "quarter": 1,
            "eps": 0.1,
            "eps_growth_year": 66.67,
            "eps_4q": 0.85,
            "eps_4q_growth_year": -24.71,
            "roe": 0.7,
            "roe_4q": 6.739999999999999,
            "gross_profit": 156067,
            "gross_margin": 20.27,
            "gross_margin_4q_avg": 20.33,
            "net_income": 16619,
            "revenue": 770101,
            "common_shares": 1814735,
            "book_valuer_per_share": 13.02,
            "book_valuer_per_share_4q_avg": 12.51,
            "equity": 2386877,
            "current_ratio": 98.75,
            "debt_ratio": 56.48,
            "inventory_turnover_ratio": 1.07,
            "account_receivable_turnover_ratio": 0.9,
            "reinvestment_rate": 129.33,
            "research_to_sale_ratio": 4.07,
            "price_fair": 28.56,
            "eps_avg_yearly": 0.82,
            "eps_latest_yearly": 0.4,
            "eps_growth_yearly": 892.18
        },
        "20152": {
            "year_quarter": 20152,
            "year": 2015,
            "quarter": 2,
            "eps": -0.06,
            "eps_growth_year": null,
            "eps_4q": 0.81,
            "eps_4q_growth_year": 54.28,
            "roe": -0.43,
            "roe_4q": 6.42,
            "gross_profit": 142161,
            "gross_margin": 20.74,
            "gross_margin_4q_avg": 20.78,
            "net_income": -10003,
            "revenue": 685286,
            "common_shares": 1814735,
            "book_valuer_per_share": 12.59,
            "book_valuer_per_share_4q_avg": 12.67,
            "equity": 2308485,
            "current_ratio": 105.85,
            "debt_ratio": 57.38,
            "inventory_turnover_ratio": 0.96,
            "account_receivable_turnover_ratio": 1.03,
            "reinvestment_rate": 128.25,
            "research_to_sale_ratio": 4.72,
            "price_fair": 28.56,
            "eps_avg_yearly": 0.82,
            "eps_latest_yearly": 0.4,
            "eps_growth_yearly": 892.18
        },
        "20153": {
            "year_quarter": 20153,
            "year": 2015,
            "quarter": 3,
            "eps": 0.66,
            "eps_growth_year": 112.9,
            "eps_4q": 1.16,
            "eps_4q_growth_year": 55.96,
            "roe": 5.06,
            "roe_4q": 8.96,
            "gross_profit": 281585,
            "gross_margin": 24.98,
            "gross_margin_4q_avg": 22.13,
            "net_income": 120284,
            "revenue": 1127349,
            "common_shares": 1814735,
            "book_valuer_per_share": 13.35,
            "book_valuer_per_share_4q_avg": 12.97,
            "equity": 2448680,
            "current_ratio": 118.03,
            "debt_ratio": 58.86,
            "inventory_turnover_ratio": 1.45,
            "account_receivable_turnover_ratio": 1.34,
            "reinvestment_rate": 98.21,
            "research_to_sale_ratio": 3.07,
            "price_fair": 28.56,
            "eps_avg_yearly": 0.82,
            "eps_latest_yearly": 0.4,
            "eps_growth_yearly": 892.18
        },
        "20154": {
            "year_quarter": 20154,
            "year": 2015,
            "quarter": 4,
            "eps": 0.01,
            "eps_growth_year": -97.14,
            "eps_4q": 0.7,
            "eps_4q_growth_year": -13.52,
            "roe": 0.04,
            "roe_4q": 5.37,
            "gross_profit": 219730,
            "gross_margin": 25.17,
            "gross_margin_4q_avg": 22.79,
            "net_income": 1019,
            "revenue": 873070,
            "common_shares": 1814735,
            "book_valuer_per_share": 13.31,
            "book_valuer_per_share_4q_avg": 13.07,
            "equity": 2439449,
            "current_ratio": 115.92,
            "debt_ratio": 57.03,
            "inventory_turnover_ratio": 1.02,
            "account_receivable_turnover_ratio": 0.98,
            "reinvestment_rate": 98.02,
            "research_to_sale_ratio": 4.45,
            "price_fair": 26.09,
            "eps_avg_yearly": 0.75,
            "eps_latest_yearly": 0.04,
            "eps_growth_yearly": 775.26
        },
        "20161": {
            "year_quarter": 20161,
            "year": 2016,
            "quarter": 1,
            "eps": 0.01,
            "eps_growth_year": -90,
            "eps_4q": 0.62,
            "eps_4q_growth_year": -27.31,
            "roe": 0.15,
            "roe_4q": 4.82,
            "gross_profit": 183203,
            "gross_margin": 24.04,
            "gross_margin_4q_avg": 23.73,
            "net_income": 3762,
            "revenue": 762051,
            "common_shares": 1814735,
            "book_valuer_per_share": 13.18,
            "book_valuer_per_share_4q_avg": 13.11,
            "equity": 2417389,
            "current_ratio": 113.57,
            "debt_ratio": 55.01,
            "inventory_turnover_ratio": 0.89,
            "account_receivable_turnover_ratio": 1.05,
            "reinvestment_rate": 75.68,
            "research_to_sale_ratio": 4.41,
            "price_fair": 24.03,
            "eps_avg_yearly": 0.69,
            "eps_latest_yearly": 0.04,
            "eps_growth_yearly": 710.65
        },
        "20162": {
            "year_quarter": 20162,
            "year": 2016,
            "quarter": 2,
            "eps": 0.11,
            "eps_growth_year": null,
            "eps_4q": 0.79,
            "eps_4q_growth_year": -2.46,
            "roe": 0.84,
            "roe_4q": 6.09,
            "gross_profit": 226231,
            "gross_margin": 22.82,
            "gross_margin_4q_avg": 24.25,
            "net_income": 19739,
            "revenue": 991223,
            "common_shares": 1814735,
            "book_valuer_per_share": 12.54,
            "book_valuer_per_share_4q_avg": 13.1,
            "equity": 2301489,
            "current_ratio": 107.41,
            "debt_ratio": 57.67,
            "inventory_turnover_ratio": 1.3,
            "account_receivable_turnover_ratio": 1.17,
            "reinvestment_rate": 79.78,
            "research_to_sale_ratio": 3.3,
            "price_fair": 23.8,
            "eps_avg_yearly": 0.68,
            "eps_latest_yearly": 0.44,
            "eps_growth_yearly": 643.98
        },
        "20163": {
            "year_quarter": 20163,
            "year": 2016,
            "quarter": 3,
            "eps": 0.42,
            "eps_growth_year": -36.36,
            "eps_4q": 0.55,
            "eps_4q_growth_year": -52.6,
            "roe": 3.22,
            "roe_4q": 4.250000000000001,
            "gross_profit": 267486,
            "gross_margin": 26.61,
            "gross_margin_4q_avg": 24.66,
            "net_income": 74881,
            "revenue": 1005335,
            "common_shares": 1814735,
            "book_valuer_per_share": 12.78,
            "book_valuer_per_share_4q_avg": 12.95,
            "equity": 2344262,
            "current_ratio": 110.46,
            "debt_ratio": 57.73,
            "inventory_turnover_ratio": 1.36,
            "account_receivable_turnover_ratio": 1,
            "reinvestment_rate": 61.23,
            "research_to_sale_ratio": 3.41,
            "price_fair": 28.12,
            "eps_avg_yearly": 0.8,
            "eps_latest_yearly": 1.68,
            "eps_growth_yearly": 758.44
        },
        "20164": {
            "year_quarter": 20164,
            "year": 2016,
            "quarter": 4,
            "eps": 0.05,
            "eps_growth_year": 275.13,
            "eps_4q": 0.58,
            "eps_4q_growth_year": -17.08,
            "roe": 0.21,
            "roe_4q": 4.420000000000001,
            "gross_profit": 217905,
            "gross_margin": 23.98,
            "gross_margin_4q_avg": 24.36,
            "net_income": 4796,
            "revenue": 908522,
            "common_shares": 1814735,
            "book_valuer_per_share": 12.71,
            "book_valuer_per_share_4q_avg": 12.8,
            "equity": 2326731,
            "current_ratio": 109.05,
            "debt_ratio": 57.01,
            "inventory_turnover_ratio": 1.24,
            "account_receivable_turnover_ratio": 0.91,
            "reinvestment_rate": 61.35,
            "research_to_sale_ratio": 4.05,
            "price_fair": 27.42,
            "eps_avg_yearly": 0.78,
            "eps_latest_yearly": 0.2,
            "eps_growth_yearly": 689.07
        },
        "20171": {
            "year_quarter": 20171,
            "year": 2017,
            "quarter": 1,
            "eps": 0.02,
            "eps_growth_year": 100,
            "eps_4q": 0.6,
            "eps_4q_growth_year": -3.69,
            "roe": 0.14,
            "roe_4q": 4.41,
            "gross_profit": 192170,
            "gross_margin": 21.73,
            "gross_margin_4q_avg": 23.79,
            "net_income": 3114,
            "revenue": 884445,
            "common_shares": 1814735,
            "book_valuer_per_share": 12.46,
            "book_valuer_per_share_4q_avg": 12.62,
            "equity": 2279662,
            "current_ratio": 108.35,
            "debt_ratio": 55.62,
            "inventory_turnover_ratio": 1.21,
            "account_receivable_turnover_ratio": 0.99,
            "reinvestment_rate": 49.38,
            "research_to_sale_ratio": 3.95,
            "price_fair": 26.95,
            "eps_avg_yearly": 0.77,
            "eps_latest_yearly": 0.08,
            "eps_growth_yearly": 684.22
        },
        "20172": {
            "year_quarter": 20172,
            "year": 2017,
            "quarter": 2,
            "eps": 0.18,
            "eps_growth_year": 63.64,
            "eps_4q": 0.67,
            "eps_4q_growth_year": -14.6,
            "roe": 1.45,
            "roe_4q": 5.02,
            "gross_profit": 220366,
            "gross_margin": 22.37,
            "gross_margin_4q_avg": 23.67,
            "net_income": 32761,
            "revenue": 984946,
            "common_shares": 1814735,
            "book_valuer_per_share": 12.29,
            "book_valuer_per_share_4q_avg": 12.56,
            "equity": 2248378,
            "current_ratio": 109.36,
            "debt_ratio": 59.1,
            "inventory_turnover_ratio": 1.21,
            "account_receivable_turnover_ratio": 1.12,
            "reinvestment_rate": 117.41,
            "research_to_sale_ratio": 3.75,
            "price_fair": 22.17,
            "eps_avg_yearly": 0.63,
            "eps_latest_yearly": 0.72,
            "eps_growth_yearly": 656.45
        },
        "20173": {
            "year_quarter": 20173,
            "year": 2017,
            "quarter": 3,
            "eps": 0.65,
            "eps_growth_year": 54.76,
            "eps_4q": 0.91,
            "eps_4q_growth_year": 66.24,
            "roe": 5.11,
            "roe_4q": 6.91,
            "gross_profit": 395705,
            "gross_margin": 23.12,
            "gross_margin_4q_avg": 22.8,
            "net_income": 118704,
            "revenue": 1711599,
            "common_shares": 1814735,
            "book_valuer_per_share": 13.11,
            "book_valuer_per_share_4q_avg": 12.64,
            "equity": 2397523,
            "current_ratio": 113.07,
            "debt_ratio": 61.67,
            "inventory_turnover_ratio": 1.85,
            "account_receivable_turnover_ratio": 1.35,
            "reinvestment_rate": 99.18,
            "research_to_sale_ratio": 2.28,
            "price_fair": 28.7,
            "eps_avg_yearly": 0.82,
            "eps_latest_yearly": 2.6,
            "eps_growth_yearly": 771.73
        },
        "20174": {
            "year_quarter": 20174,
            "year": 2017,
            "quarter": 4,
            "eps": 0.63,
            "eps_growth_year": 1161.07,
            "eps_4q": 1.49,
            "eps_4q_growth_year": 154.91,
            "roe": 4.77,
            "roe_4q": 11.469999999999999,
            "gross_profit": 380627,
            "gross_margin": 21.94,
            "gross_margin_4q_avg": 22.29,
            "net_income": 115960,
            "revenue": 1734660,
            "common_shares": 1814735,
            "book_valuer_per_share": 13.48,
            "book_valuer_per_share_4q_avg": 12.84,
            "equity": 2466792,
            "current_ratio": 113.73,
            "debt_ratio": 61.38,
            "inventory_turnover_ratio": 1.92,
            "account_receivable_turnover_ratio": 1.16,
            "reinvestment_rate": 79.05,
            "research_to_sale_ratio": 2.19,
            "price_fair": 31.5,
            "eps_avg_yearly": 0.9,
            "eps_latest_yearly": 2.52,
            "eps_growth_yearly": 659.59
        },
        "20181": {
            "year_quarter": 20181,
            "year": 2018,
            "quarter": 1,
            "eps": 0.08,
            "eps_growth_year": 300,
            "eps_4q": 1.54,
            "eps_4q_growth_year": 158.3,
            "roe": 0.57,
            "roe_4q": 11.899999999999999,
            "gross_profit": 159324,
            "gross_margin": 15.7,
            "gross_margin_4q_avg": 20.78,
            "net_income": 14121,
            "revenue": 1014894,
            "common_shares": 1814735,
            "book_valuer_per_share": 13.63,
            "book_valuer_per_share_4q_avg": 13.13,
            "equity": 2494761,
            "current_ratio": 115.16,
            "debt_ratio": 56.44,
            "inventory_turnover_ratio": 1.26,
            "account_receivable_turnover_ratio": 0.92,
            "reinvestment_rate": 45.39,
            "research_to_sale_ratio": 3.09,
            "price_fair": 31.73,
            "eps_avg_yearly": 0.91,
            "eps_latest_yearly": 0.32,
            "eps_growth_yearly": 658.7
        },
        "20182": {
            "year_quarter": 20182,
            "year": 2018,
            "quarter": 2,
            "eps": 0.3,
            "eps_growth_year": 66.67,
            "eps_4q": 1.66,
            "eps_4q_growth_year": 145.97,
            "roe": 2.24,
            "roe_4q": 12.690000000000001,
            "gross_profit": 160195,
            "gross_margin": 15.48,
            "gross_margin_4q_avg": 19.06,
            "net_income": 54744,
            "revenue": 1034774,
            "common_shares": 1814735,
            "book_valuer_per_share": 13.01,
            "book_valuer_per_share_4q_avg": 13.31,
            "equity": 2382203,
            "current_ratio": 104.83,
            "debt_ratio": 57.74,
            "inventory_turnover_ratio": 1.37,
            "account_receivable_turnover_ratio": 1.3,
            "reinvestment_rate": 30.93,
            "research_to_sale_ratio": 3.41,
            "price_fair": 32.52,
            "eps_avg_yearly": 0.93,
            "eps_latest_yearly": 1.2,
            "eps_growth_yearly": 692.65
        },
        "20183": {
            "year_quarter": 20183,
            "year": 2018,
            "quarter": 3,
            "eps": 0.47,
            "eps_growth_year": -27.69,
            "eps_4q": 1.47,
            "eps_4q_growth_year": 61.73,
            "roe": 3.55,
            "roe_4q": 11.129999999999999,
            "gross_profit": 306721,
            "gross_margin": 20.72,
            "gross_margin_4q_avg": 18.46,
            "net_income": 85398,
            "revenue": 1480489,
            "common_shares": 1814735,
            "book_valuer_per_share": 13.28,
            "book_valuer_per_share_4q_avg": 13.35,
            "equity": 2430904,
            "current_ratio": 104.02,
            "debt_ratio": 58.31,
            "inventory_turnover_ratio": 1.66,
            "account_receivable_turnover_ratio": 1.68,
            "reinvestment_rate": 5.58,
            "research_to_sale_ratio": 2.62,
            "price_fair": 34.9,
            "eps_avg_yearly": 1,
            "eps_latest_yearly": 1.88,
            "eps_growth_yearly": 659.36
        },
        "20184": {
            "year_quarter": 20184,
            "year": 2018,
            "quarter": 4,
            "eps": 1.35,
            "eps_growth_year": 115.23,
            "eps_4q": 2.2,
            "eps_4q_growth_year": 47.51,
            "roe": 9.83,
            "roe_4q": 16.189999999999998,
            "gross_profit": 607834,
            "gross_margin": 22.89,
            "gross_margin_4q_avg": 18.7,
            "net_income": 244714,
            "revenue": 2655355,
            "common_shares": 1814735,
            "book_valuer_per_share": 13.93,
            "book_valuer_per_share_4q_avg": 13.46,
            "equity": 2549558,
            "current_ratio": 109.08,
            "debt_ratio": 63.63,
            "inventory_turnover_ratio": 2.66,
            "account_receivable_turnover_ratio": 2,
            "reinvestment_rate": -26.85,
            "research_to_sale_ratio": 1.54,
            "price_fair": 43.8,
            "eps_avg_yearly": 1.25,
            "eps_latest_yearly": 5.4,
            "eps_growth_yearly": 699.03
        },
        "20191": {
            "year_quarter": 20191,
            "year": 2019,
            "quarter": 1,
            "eps": 4.56,
            "eps_growth_year": 5600,
            "eps_4q": 6.68,
            "eps_4q_growth_year": 333.13,
            "roe": 27.88,
            "roe_4q": 43.5,
            "gross_profit": 386854,
            "gross_margin": 18.93,
            "gross_margin_4q_avg": 19.51,
            "net_income": 828441,
            "revenue": 2043756,
            "common_shares": 1814735,
            "book_valuer_per_share": 18.58,
            "book_valuer_per_share_4q_avg": 14.7,
            "equity": 3392840,
            "current_ratio": 124.51,
            "debt_ratio": 54.41,
            "inventory_turnover_ratio": 2.11,
            "account_receivable_turnover_ratio": 1.5,
            "reinvestment_rate": -14.74,
            "research_to_sale_ratio": 2.77,
            "price_fair": 88.4,
            "eps_avg_yearly": 2.53,
            "eps_latest_yearly": 18.24,
            "eps_growth_yearly": 789.33
        },
        "20192": {
            "year_quarter": 20192,
            "year": 2019,
            "quarter": 2,
            "eps": 0.49,
            "eps_growth_year": 63.33,
            "eps_4q": 6.87,
            "eps_4q_growth_year": 315,
            "roe": 2.75,
            "roe_4q": 44.01,
            "gross_profit": 264008,
            "gross_margin": 17.08,
            "gross_margin_4q_avg": 19.91,
            "net_income": 89071,
            "revenue": 1545642,
            "common_shares": 1814735,
            "book_valuer_per_share": 16.94,
            "book_valuer_per_share_4q_avg": 15.68,
            "equity": 3095213,
            "current_ratio": 116.26,
            "debt_ratio": 52.62,
            "inventory_turnover_ratio": 1.56,
            "account_receivable_turnover_ratio": 1.32,
            "reinvestment_rate": -8.44,
            "research_to_sale_ratio": 2.59,
            "price_fair": 87.08,
            "eps_avg_yearly": 2.49,
            "eps_latest_yearly": 1.96,
            "eps_growth_yearly": 712.91
        },
        "20193": {
            "year_quarter": 20193,
            "year": 2019,
            "quarter": 3,
            "eps": 0.95,
            "eps_growth_year": 102.13,
            "eps_4q": 7.36,
            "eps_4q_growth_year": 399.47,
            "roe": 5.42,
            "roe_4q": 45.879999999999995,
            "gross_profit": 443980,
            "gross_margin": 20.08,
            "gross_margin_4q_avg": 19.75,
            "net_income": 171705,
            "revenue": 2211320,
            "common_shares": 1814735,
            "book_valuer_per_share": 17.75,
            "book_valuer_per_share_4q_avg": 16.8,
            "equity": 3241424,
            "current_ratio": 121.82,
            "debt_ratio": 53.8,
            "inventory_turnover_ratio": 2.33,
            "account_receivable_turnover_ratio": 1.58,
            "reinvestment_rate": -9.11,
            "research_to_sale_ratio": 1.67,
            "price_fair": 89.95,
            "eps_avg_yearly": 2.57,
            "eps_latest_yearly": 3.8,
            "eps_growth_yearly": 691.82
        },
        "20194": {
            "year_quarter": 20194,
            "year": 2019,
            "quarter": 4,
            "eps": 1.01,
            "eps_growth_year": -25.5,
            "eps_4q": 7.01,
            "eps_4q_growth_year": 219.06,
            "roe": 5.47,
            "roe_4q": 41.519999999999996,
            "gross_profit": 477569,
            "gross_margin": 22.73,
            "gross_margin_4q_avg": 19.71,
            "net_income": 183145,
            "revenue": 2101367,
            "common_shares": 1814735,
            "book_valuer_per_share": 18.9,
            "book_valuer_per_share_4q_avg": 18.04,
            "equity": 3451490,
            "current_ratio": 122.52,
            "debt_ratio": 50.01,
            "inventory_turnover_ratio": 2.42,
            "account_receivable_turnover_ratio": 1.62,
            "reinvestment_rate": -5.89,
            "research_to_sale_ratio": 2.21,
            "price_fair": 98.7,
            "eps_avg_yearly": 2.82,
            "eps_latest_yearly": 4.04,
            "eps_growth_yearly": 718.02
        },
        "20201": {
            "year_quarter": 20201,
            "year": 2020,
            "quarter": 1,
            "eps": 0.49,
            "eps_growth_year": -89.25,
            "eps_4q": 2.94,
            "eps_4q_growth_year": -55.99,
            "roe": 2.57,
            "roe_4q": 16.21,
            "gross_profit": 236149,
            "gross_margin": 16.68,
            "gross_margin_4q_avg": 19.14,
            "net_income": 89143,
            "revenue": 1415338,
            "common_shares": 1814735,
            "book_valuer_per_share": 19.03,
            "book_valuer_per_share_4q_avg": 18.16,
            "equity": 3474765,
            "current_ratio": 139.21,
            "debt_ratio": 46.54,
            "inventory_turnover_ratio": 2.04,
            "account_receivable_turnover_ratio": 1.55,
            "reinvestment_rate": -4.33,
            "research_to_sale_ratio": 2.95,
            "price_fair": 102.9,
            "eps_avg_yearly": 2.94,
            "eps_latest_yearly": 1.96,
            "eps_growth_yearly": 705.15
        },
        "20202": {
            "year_quarter": 20202,
            "year": 2020,
            "quarter": 2,
            "eps": 0.72,
            "eps_growth_year": 46.94,
            "eps_4q": 3.16,
            "eps_4q_growth_year": -53.99,
            "roe": 4,
            "roe_4q": 17.46,
            "gross_profit": 348513,
            "gross_margin": 18.52,
            "gross_margin_4q_avg": 19.5,
            "net_income": 131657,
            "revenue": 1881592,
            "common_shares": 1814735,
            "book_valuer_per_share": 16.98,
            "book_valuer_per_share_4q_avg": 18.17,
            "equity": 3103692,
            "current_ratio": 121.45,
            "debt_ratio": 54.66,
            "inventory_turnover_ratio": 2.46,
            "account_receivable_turnover_ratio": 1.74,
            "reinvestment_rate": -4.1,
            "research_to_sale_ratio": 2.36,
            "price_fair": 108.24,
            "eps_avg_yearly": 3.09,
            "eps_latest_yearly": 2.88,
            "eps_growth_yearly": 466.88
        },
        "20203": {
            "year_quarter": 20203,
            "year": 2020,
            "quarter": 3,
            "eps": 1.4,
            "eps_growth_year": 47.37,
            "eps_4q": 3.61,
            "eps_4q_growth_year": -50.88,
            "roe": 7.93,
            "roe_4q": 19.97,
            "gross_profit": 585401,
            "gross_margin": 16.45,
            "gross_margin_4q_avg": 18.6,
            "net_income": 256009,
            "revenue": 3557638,
            "common_shares": 1814735,
            "book_valuer_per_share": 18.34,
            "book_valuer_per_share_4q_avg": 18.31,
            "equity": 3353464,
            "current_ratio": 118.58,
            "debt_ratio": 58.09,
            "inventory_turnover_ratio": 3.56,
            "account_receivable_turnover_ratio": 1.9,
            "reinvestment_rate": 5.14,
            "research_to_sale_ratio": 1.48,
            "price_fair": 116.81,
            "eps_avg_yearly": 3.34,
            "eps_latest_yearly": 5.6,
            "eps_growth_yearly": 420.04
        },
        "20204": {
            "year_quarter": 20204,
            "year": 2020,
            "quarter": 4,
            "eps": 1.9,
            "eps_growth_year": 88.47,
            "eps_4q": 4.5,
            "eps_4q_growth_year": -35.74,
            "roe": 9.71,
            "roe_4q": 24.21,
            "gross_profit": 801059,
            "gross_margin": 17.72,
            "gross_margin_4q_avg": 17.34,
            "net_income": 345381,
            "revenue": 4519639,
            "common_shares": 1814735,
            "book_valuer_per_share": 20.59,
            "book_valuer_per_share_4q_avg": 18.74,
            "equity": 3761193,
            "current_ratio": 117.11,
            "debt_ratio": 60.58,
            "inventory_turnover_ratio": 3.64,
            "account_receivable_turnover_ratio": 1.92,
            "reinvestment_rate": 20.12,
            "research_to_sale_ratio": 1.33,
            "price_fair": 133,
            "eps_avg_yearly": 3.8,
            "eps_latest_yearly": 7.6,
            "eps_growth_yearly": 450.99
        },
        "20211": {
            "year_quarter": 20211,
            "year": 2021,
            "quarter": 1,
            "eps": 1.79,
            "eps_growth_year": 265.31,
            "eps_4q": 5.8,
            "eps_4q_growth_year": 97.29,
            "roe": 9.11,
            "roe_4q": 30.75,
            "gross_profit": 664510,
            "gross_margin": 16.45,
            "gross_margin_4q_avg": 17.29,
            "net_income": 327299,
            "revenue": 4038815,
            "common_shares": 1814735,
            "book_valuer_per_share": 18.75,
            "book_valuer_per_share_4q_avg": 18.67,
            "equity": 3428200,
            "current_ratio": 110.07,
            "debt_ratio": 66.57,
            "inventory_turnover_ratio": 2.33,
            "account_receivable_turnover_ratio": 1.78,
            "reinvestment_rate": 20.96,
            "research_to_sale_ratio": 1.45,
            "price_fair": 148.49,
            "eps_avg_yearly": 4.24,
            "eps_latest_yearly": 7.16,
            "eps_growth_yearly": 464.54
        },
        "20212": {
            "year_quarter": 20212,
            "year": 2021,
            "quarter": 2,
            "eps": 1.29,
            "eps_growth_year": 79.17,
            "eps_4q": 6.38,
            "eps_4q_growth_year": 101.66,
            "roe": 6.66,
            "roe_4q": 33.41,
            "gross_profit": 630828,
            "gross_margin": 12.65,
            "gross_margin_4q_avg": 15.82,
            "net_income": 236296,
            "revenue": 4985046,
            "common_shares": 1814735,
            "book_valuer_per_share": 20.03,
            "book_valuer_per_share_4q_avg": 19.43,
            "equity": 3662743,
            "current_ratio": 108.31,
            "debt_ratio": 69.04,
            "inventory_turnover_ratio": 2.33,
            "account_receivable_turnover_ratio": 2.44,
            "reinvestment_rate": 21.24,
            "research_to_sale_ratio": 0.98,
            "price_fair": 158.2,
            "eps_avg_yearly": 4.52,
            "eps_latest_yearly": 5.16,
            "eps_growth_yearly": 257.56
        },
        "20213": {
            "year_quarter": 20213,
            "year": 2021,
            "quarter": 3,
            "eps": 1.37,
            "eps_growth_year": -2.14,
            "eps_4q": 6.35,
            "eps_4q_growth_year": 75.84,
            "roe": 6.56,
            "roe_4q": 32.04,
            "gross_profit": 537958,
            "gross_margin": 12.64,
            "gross_margin_4q_avg": 14.87,
            "net_income": 248748,
            "revenue": 4255857,
            "common_shares": 1814735,
            "book_valuer_per_share": 21.43,
            "book_valuer_per_share_4q_avg": 20.2,
            "equity": 3915794,
            "current_ratio": 109.17,
            "debt_ratio": 63.79,
            "inventory_turnover_ratio": 1.84,
            "account_receivable_turnover_ratio": 2.22,
            "reinvestment_rate": 27.14,
            "research_to_sale_ratio": 1.25,
            "price_fair": 164.5,
            "eps_avg_yearly": 4.7,
            "eps_latest_yearly": 5.48,
            "eps_growth_yearly": 193.83
        },
        "20214": {
            "year_quarter": 20214,
            "year": 2021,
            "quarter": 4,
            "eps": 1.35,
            "eps_growth_year": -28.99,
            "eps_4q": 5.8,
            "eps_4q_growth_year": 28.8,
            "roe": 5.97,
            "roe_4q": 28.299999999999997,
            "gross_profit": 684474,
            "gross_margin": 13.46,
            "gross_margin_4q_avg": 13.8,
            "net_income": 243606,
            "revenue": 5087105,
            "common_shares": 1814735,
            "book_valuer_per_share": 23.28,
            "book_valuer_per_share_4q_avg": 20.87,
            "equity": 4250403,
            "current_ratio": 111.54,
            "debt_ratio": 66.06,
            "inventory_turnover_ratio": 2.15,
            "account_receivable_turnover_ratio": 2.78,
            "reinvestment_rate": 26.51,
            "research_to_sale_ratio": 1.08,
            "price_fair": 170.8,
            "eps_avg_yearly": 4.88,
            "eps_latest_yearly": 5.4,
            "eps_growth_yearly": 194.24
        },
        "20221": {
            "year_quarter": 20221,
            "year": 2022,
            "quarter": 1,
            "eps": -0.28,
            "eps_growth_year": -115.64,
            "eps_4q": 3.73,
            "eps_4q_growth_year": -35.68,
            "roe": -1.3,
            "roe_4q": 17.89,
            "gross_profit": 84866,
            "gross_margin": 5.19,
            "gross_margin_4q_avg": 10.99,
            "net_income": -51571,
            "revenue": 1634845,
            "common_shares": 1814735,
            "book_valuer_per_share": 20.13,
            "book_valuer_per_share_4q_avg": 21.22,
            "equity": 3678540,
            "current_ratio": 108.36,
            "debt_ratio": 59.32,
            "inventory_turnover_ratio": 0.94,
            "account_receivable_turnover_ratio": 1.31,
            "reinvestment_rate": 29.13,
            "research_to_sale_ratio": 2.53,
            "price_fair": 181.44,
            "eps_avg_yearly": 5.18,
            "eps_latest_yearly": 5.4,
            "eps_growth_yearly": 230.47
        },
        "20222": {
            "year_quarter": 20222,
            "year": 2022,
            "quarter": 2,
            "eps": -0.49,
            "eps_growth_year": -137.98,
            "eps_4q": 1.95,
            "eps_4q_growth_year": -69.36,
            "roe": -2.43,
            "roe_4q": 8.799999999999999,
            "gross_profit": 22918,
            "gross_margin": 2.43,
            "gross_margin_4q_avg": 8.43,
            "net_income": -88344,
            "revenue": 944246,
            "common_shares": 1814735,
            "book_valuer_per_share": 19.61,
            "book_valuer_per_share_4q_avg": 21.11,
            "equity": 3584814,
            "current_ratio": 108.09,
            "debt_ratio": 57.61,
            "inventory_turnover_ratio": 0.71,
            "account_receivable_turnover_ratio": 1.29,
            "reinvestment_rate": 28.21,
            "research_to_sale_ratio": 3.97,
            "price_fair": 191.4,
            "eps_avg_yearly": 5.47,
            "eps_latest_yearly": 5.4,
            "eps_growth_yearly": 168.36
        },
        "20223": {
            "year_quarter": 20223,
            "year": 2022,
            "quarter": 3,
            "eps": -0.24,
            "eps_growth_year": -117.52,
            "eps_4q": 0.34,
            "eps_4q_growth_year": -94.6,
            "roe": -1.21,
            "roe_4q": 1.0299999999999994,
            "gross_profit": 30329,
            "gross_margin": 2.83,
            "gross_margin_4q_avg": 5.98,
            "net_income": -43240,
            "revenue": 1073244,
            "common_shares": 1814735,
            "book_valuer_per_share": 19.45,
            "book_valuer_per_share_4q_avg": 20.62,
            "equity": 3554730,
            "current_ratio": 103.06,
            "debt_ratio": 56.3,
            "inventory_turnover_ratio": 0.91,
            "account_receivable_turnover_ratio": 1.24,
            "reinvestment_rate": 29.11,
            "research_to_sale_ratio": 3.32,
            "price_fair": 201.06,
            "eps_avg_yearly": 5.74,
            "eps_latest_yearly": 5.4,
            "eps_growth_yearly": 163.87
        },
        "20224": {
            "year_quarter": 20224,
            "year": 2022,
            "quarter": 4,
            "eps": -0.64,
            "eps_growth_year": -147.51,
            "eps_4q": -1.65,
            "eps_4q_growth_year": -128.39,
            "roe": -3.28,
            "roe_4q": -8.22,
            "gross_profit": 16747,
            "gross_margin": 1.87,
            "gross_margin_4q_avg": 3.08,
            "net_income": -115965,
            "revenue": 896973,
            "common_shares": 1814735,
            "book_valuer_per_share": 19.2,
            "book_valuer_per_share_4q_avg": 19.6,
            "equity": 3509327,
            "current_ratio": 96,
            "debt_ratio": 54.74,
            "inventory_turnover_ratio": 1.1,
            "account_receivable_turnover_ratio": 1.01,
            "reinvestment_rate": 32.93,
            "research_to_sale_ratio": 3.17,
            "price_fair": 202.07,
            "eps_avg_yearly": 5.77,
            "eps_latest_yearly": 5.4,
            "eps_growth_yearly": 115.12
        },
        "20231": {
            "year_quarter": 20231,
            "year": 2023,
            "quarter": 1,
            "eps": -0.42,
            "eps_growth_year": null,
            "eps_4q": -1.78,
            "eps_4q_growth_year": -147.81,
            "roe": -2.2,
            "roe_4q": -9.120000000000001,
            "gross_profit": 38119,
            "gross_margin": 6.48,
            "gross_margin_4q_avg": 3.4,
            "net_income": -76240,
            "revenue": 588693,
            "common_shares": 1814735,
            "book_valuer_per_share": 18.79,
            "book_valuer_per_share_4q_avg": 19.26,
            "equity": 3434790,
            "current_ratio": 91.4,
            "debt_ratio": 51.91,
            "inventory_turnover_ratio": 0.95,
            "account_receivable_turnover_ratio": 0.97,
            "reinvestment_rate": 63.01,
            "research_to_sale_ratio": 5.5,
            "price_fair": 162.4,
            "eps_avg_yearly": 4.64,
            "eps_latest_yearly": 5.4,
            "eps_growth_yearly": 39.12
        }
    },
    "months": {
        "2001-06": {
            "month": "2001-06",
            "price": "8.10",
            "revenue": 261234
        },
        "2001-07": {
            "month": "2001-07",
            "price": "6.53",
            "revenue": 282905
        },
        "2001-08": {
            "month": "2001-08",
            "price": "6.38",
            "revenue": 350829
        },
        "2001-09": {
            "month": "2001-09",
            "price": "5.22",
            "revenue": 442932
        },
        "2001-10": {
            "month": "2001-10",
            "price": "4.89",
            "revenue": 484932
        },
        "2001-11": {
            "month": "2001-11",
            "price": "5.07",
            "revenue": 438128
        },
        "2001-12": {
            "month": "2001-12",
            "price": "5.25",
            "revenue": 429347
        },
        "2002-01": {
            "month": "2002-01",
            "price": "6.20",
            "revenue": 297442
        },
        "2002-02": {
            "month": "2002-02",
            "price": "6.15",
            "revenue": 255946
        },
        "2002-03": {
            "month": "2002-03",
            "price": "6.82",
            "revenue": 353393
        },
        "2002-04": {
            "month": "2002-04",
            "price": "9.03",
            "revenue": 373413
        },
        "2002-05": {
            "month": "2002-05",
            "price": "9.04",
            "revenue": 362884
        },
        "2002-06": {
            "month": "2002-06",
            "price": "11.92",
            "revenue": 284990
        },
        "2002-07": {
            "month": "2002-07",
            "price": "10.75",
            "revenue": 308052
        },
        "2002-08": {
            "month": "2002-08",
            "price": "8.85",
            "revenue": 437942
        },
        "2002-09": {
            "month": "2002-09",
            "price": "8.70",
            "revenue": 501948
        },
        "2002-10": {
            "month": "2002-10",
            "price": "9.19",
            "revenue": 609262
        },
        "2002-11": {
            "month": "2002-11",
            "price": "12.10",
            "revenue": 457964
        },
        "2002-12": {
            "month": "2002-12",
            "price": "11.86",
            "revenue": 409194
        },
        "2003-01": {
            "month": "2003-01",
            "price": "12.84",
            "revenue": 453141
        },
        "2003-02": {
            "month": "2003-02",
            "price": "12.19",
            "revenue": 285218
        },
        "2003-03": {
            "month": "2003-03",
            "price": "12.21",
            "revenue": 416278
        },
        "2003-04": {
            "month": "2003-04",
            "price": "12.78",
            "revenue": 400135
        },
        "2003-05": {
            "month": "2003-05",
            "price": "13.56",
            "revenue": 300935
        },
        "2003-06": {
            "month": "2003-06",
            "price": "14.66",
            "revenue": 302985
        },
        "2003-07": {
            "month": "2003-07",
            "price": "14.70",
            "revenue": 351226
        },
        "2003-08": {
            "month": "2003-08",
            "price": "13.59",
            "revenue": 445249
        },
        "2003-09": {
            "month": "2003-09",
            "price": "12.82",
            "revenue": 436017
        },
        "2003-10": {
            "month": "2003-10",
            "price": "12.41",
            "revenue": 504685
        },
        "2003-11": {
            "month": "2003-11",
            "price": "12.09",
            "revenue": 357949
        },
        "2003-12": {
            "month": "2003-12",
            "price": "11.88",
            "revenue": 453063
        },
        "2004-01": {
            "month": "2004-01",
            "price": "12.25",
            "revenue": 237130
        },
        "2004-02": {
            "month": "2004-02",
            "price": "13.35",
            "revenue": 262361
        },
        "2004-03": {
            "month": "2004-03",
            "price": "14.60",
            "revenue": 347037
        },
        "2004-04": {
            "month": "2004-04",
            "price": "13.08",
            "revenue": 409968
        },
        "2004-05": {
            "month": "2004-05",
            "price": "11.94",
            "revenue": 307137
        },
        "2004-06": {
            "month": "2004-06",
            "price": "11.24",
            "revenue": 364070
        },
        "2004-07": {
            "month": "2004-07",
            "price": "10.68",
            "revenue": 290888
        },
        "2004-08": {
            "month": "2004-08",
            "price": "10.43",
            "revenue": 612256
        },
        "2004-09": {
            "month": "2004-09",
            "price": "11.81",
            "revenue": 905679
        },
        "2004-10": {
            "month": "2004-10",
            "price": "12.39",
            "revenue": 892476
        },
        "2004-11": {
            "month": "2004-11",
            "price": "11.91",
            "revenue": 522863
        },
        "2004-12": {
            "month": "2004-12",
            "price": "11.31",
            "revenue": 435423
        },
        "2005-01": {
            "month": "2005-01",
            "price": "10.53",
            "revenue": 621683
        },
        "2005-02": {
            "month": "2005-02",
            "price": "11.19",
            "revenue": 226639
        },
        "2005-03": {
            "month": "2005-03",
            "price": "10.57",
            "revenue": 373905
        },
        "2005-04": {
            "month": "2005-04",
            "price": "10.04",
            "revenue": 305873
        },
        "2005-05": {
            "month": "2005-05",
            "price": "9.94",
            "revenue": 275148
        },
        "2005-06": {
            "month": "2005-06",
            "price": "9.84",
            "revenue": 267083
        },
        "2005-07": {
            "month": "2005-07",
            "price": "9.46",
            "revenue": 210011
        },
        "2005-08": {
            "month": "2005-08",
            "price": "8.72",
            "revenue": 331673
        },
        "2005-09": {
            "month": "2005-09",
            "price": "8.46",
            "revenue": 445223
        },
        "2005-10": {
            "month": "2005-10",
            "price": "8.25",
            "revenue": 495792
        },
        "2005-11": {
            "month": "2005-11",
            "price": "8.12",
            "revenue": 330155
        },
        "2005-12": {
            "month": "2005-12",
            "price": "8.12",
            "revenue": 314272
        },
        "2006-01": {
            "month": "2006-01",
            "price": "8.05",
            "revenue": 377571
        },
        "2006-02": {
            "month": "2006-02",
            "price": "7.96",
            "revenue": 200293
        },
        "2006-03": {
            "month": "2006-03",
            "price": "7.34",
            "revenue": 357406
        },
        "2006-04": {
            "month": "2006-04",
            "price": "7.44",
            "revenue": 436234
        },
        "2006-05": {
            "month": "2006-05",
            "price": "7.89",
            "revenue": 344985
        },
        "2006-06": {
            "month": "2006-06",
            "price": "7.39",
            "revenue": 319227
        },
        "2006-07": {
            "month": "2006-07",
            "price": "6.59",
            "revenue": 255516
        },
        "2006-08": {
            "month": "2006-08",
            "price": "6.62",
            "revenue": 361680
        },
        "2006-09": {
            "month": "2006-09",
            "price": "7.28",
            "revenue": 497314
        },
        "2006-10": {
            "month": "2006-10",
            "price": "8.46",
            "revenue": 390094
        },
        "2006-11": {
            "month": "2006-11",
            "price": "8.71",
            "revenue": 520878
        },
        "2006-12": {
            "month": "2006-12",
            "price": "10.06",
            "revenue": 445309
        },
        "2007-01": {
            "month": "2007-01",
            "price": "10.10",
            "revenue": 418565
        },
        "2007-02": {
            "month": "2007-02",
            "price": "9.50",
            "revenue": 311612
        },
        "2007-03": {
            "month": "2007-03",
            "price": "10.54",
            "revenue": 436339
        },
        "2007-04": {
            "month": "2007-04",
            "price": "12.35",
            "revenue": 361148
        },
        "2007-05": {
            "month": "2007-05",
            "price": "10.98",
            "revenue": 287057
        },
        "2007-06": {
            "month": "2007-06",
            "price": "10.81",
            "revenue": 298490
        },
        "2007-07": {
            "month": "2007-07",
            "price": "13.56",
            "revenue": 316564
        },
        "2007-08": {
            "month": "2007-08",
            "price": "11.68",
            "revenue": 347530
        },
        "2007-09": {
            "month": "2007-09",
            "price": "11.77",
            "revenue": 474968
        },
        "2007-10": {
            "month": "2007-10",
            "price": "10.92",
            "revenue": 402369
        },
        "2007-11": {
            "month": "2007-11",
            "price": "8.86",
            "revenue": 375702
        },
        "2007-12": {
            "month": "2007-12",
            "price": "8.17",
            "revenue": 256625
        },
        "2008-01": {
            "month": "2008-01",
            "price": "7.70",
            "revenue": 355536
        },
        "2008-02": {
            "month": "2008-02",
            "price": "7.76",
            "revenue": 161001
        },
        "2008-03": {
            "month": "2008-03",
            "price": "8.98",
            "revenue": 250220
        },
        "2008-04": {
            "month": "2008-04",
            "price": "8.80",
            "revenue": 195409
        },
        "2008-05": {
            "month": "2008-05",
            "price": "8.21",
            "revenue": 300725
        },
        "2008-06": {
            "month": "2008-06",
            "price": "7.61",
            "revenue": 255203
        },
        "2008-07": {
            "month": "2008-07",
            "price": "6.35",
            "revenue": 227172
        },
        "2008-08": {
            "month": "2008-08",
            "price": "5.67",
            "revenue": 304717
        },
        "2008-09": {
            "month": "2008-09",
            "price": "4.22",
            "revenue": 356573
        },
        "2008-10": {
            "month": "2008-10",
            "price": "3.45",
            "revenue": 356613
        },
        "2008-11": {
            "month": "2008-11",
            "price": "3.15",
            "revenue": 252431
        },
        "2008-12": {
            "month": "2008-12",
            "price": "3.27",
            "revenue": 241880
        },
        "2009-01": {
            "month": "2009-01",
            "price": "3.08",
            "revenue": 134986
        },
        "2009-02": {
            "month": "2009-02",
            "price": "3.06",
            "revenue": 177697
        },
        "2009-03": {
            "month": "2009-03",
            "price": "3.62",
            "revenue": 237960
        },
        "2009-04": {
            "month": "2009-04",
            "price": "4.68",
            "revenue": 292516
        },
        "2009-05": {
            "month": "2009-05",
            "price": "4.94",
            "revenue": 250348
        },
        "2009-06": {
            "month": "2009-06",
            "price": "6.10",
            "revenue": 236033
        },
        "2009-07": {
            "month": "2009-07",
            "price": "6.71",
            "revenue": 231985
        },
        "2009-08": {
            "month": "2009-08",
            "price": "7.48",
            "revenue": 294807
        },
        "2009-09": {
            "month": "2009-09",
            "price": "8.12",
            "revenue": 298580
        },
        "2009-10": {
            "month": "2009-10",
            "price": "9.67",
            "revenue": 419306
        },
        "2009-11": {
            "month": "2009-11",
            "price": "10.53",
            "revenue": 254046
        },
        "2009-12": {
            "month": "2009-12",
            "price": "10.09",
            "revenue": 265597
        },
        "2010-01": {
            "month": "2010-01",
            "price": "9.90",
            "revenue": 266628
        },
        "2010-02": {
            "month": "2010-02",
            "price": "8.51",
            "revenue": 217921
        },
        "2010-03": {
            "month": "2010-03",
            "price": "9.80",
            "revenue": 330566
        },
        "2010-04": {
            "month": "2010-04",
            "price": "11.98",
            "revenue": 302391
        },
        "2010-05": {
            "month": "2010-05",
            "price": "12.47",
            "revenue": 225909
        },
        "2010-06": {
            "month": "2010-06",
            "price": "11.77",
            "revenue": 210095
        },
        "2010-07": {
            "month": "2010-07",
            "price": "11.35",
            "revenue": 291644
        },
        "2010-08": {
            "month": "2010-08",
            "price": "11.05",
            "revenue": 370758
        },
        "2010-09": {
            "month": "2010-09",
            "price": "10.20",
            "revenue": 363939
        },
        "2010-10": {
            "month": "2010-10",
            "price": "9.92",
            "revenue": 263530
        },
        "2010-11": {
            "month": "2010-11",
            "price": "10.05",
            "revenue": 239263
        },
        "2010-12": {
            "month": "2010-12",
            "price": "9.92",
            "revenue": 253879
        },
        "2011-01": {
            "month": "2011-01",
            "price": "10.04",
            "revenue": 202164
        },
        "2011-02": {
            "month": "2011-02",
            "price": "8.90",
            "revenue": 105776
        },
        "2011-03": {
            "month": "2011-03",
            "price": "8.03",
            "revenue": 206847
        },
        "2011-04": {
            "month": "2011-04",
            "price": "8.07",
            "revenue": 163944
        },
        "2011-05": {
            "month": "2011-05",
            "price": "7.15",
            "revenue": 209607
        },
        "2011-06": {
            "month": "2011-06",
            "price": "5.62",
            "revenue": 203296
        },
        "2011-07": {
            "month": "2011-07",
            "price": "5.42",
            "revenue": 176824
        },
        "2011-08": {
            "month": "2011-08",
            "price": "5.17",
            "revenue": 179801
        },
        "2011-09": {
            "month": "2011-09",
            "price": "4.88",
            "revenue": 298867
        },
        "2011-10": {
            "month": "2011-10",
            "price": "4.52",
            "revenue": 262405
        },
        "2011-11": {
            "month": "2011-11",
            "price": "4.63",
            "revenue": 237961
        },
        "2011-12": {
            "month": "2011-12",
            "price": "4.69",
            "revenue": 174676
        },
        "2012-01": {
            "month": "2012-01",
            "price": "4.60",
            "revenue": 205036
        },
        "2012-02": {
            "month": "2012-02",
            "price": "5.40",
            "revenue": 187126
        },
        "2012-03": {
            "month": "2012-03",
            "price": "5.98",
            "revenue": 299965
        },
        "2012-04": {
            "month": "2012-04",
            "price": "5.01",
            "revenue": 369448
        },
        "2012-05": {
            "month": "2012-05",
            "price": "5.11",
            "revenue": 243890
        },
        "2012-06": {
            "month": "2012-06",
            "price": "4.95",
            "revenue": 216526
        },
        "2012-07": {
            "month": "2012-07",
            "price": "4.90",
            "revenue": 227649
        },
        "2012-08": {
            "month": "2012-08",
            "price": "5.04",
            "revenue": 189731
        },
        "2012-09": {
            "month": "2012-09",
            "price": "5.77",
            "revenue": 347774
        },
        "2012-10": {
            "month": "2012-10",
            "price": "6.01",
            "revenue": 310865
        },
        "2012-11": {
            "month": "2012-11",
            "price": "5.27",
            "revenue": 293931
        },
        "2012-12": {
            "month": "2012-12",
            "price": "7.49",
            "revenue": 323600
        },
        "2013-01": {
            "month": "2013-01",
            "price": "8.65",
            "revenue": 312233
        },
        "2013-02": {
            "month": "2013-02",
            "price": "9.48",
            "revenue": 130299
        },
        "2013-03": {
            "month": "2013-03",
            "price": "8.31",
            "revenue": 230176
        },
        "2013-04": {
            "month": "2013-04",
            "price": "8.20",
            "revenue": 307072
        },
        "2013-05": {
            "month": "2013-05",
            "price": "8.72",
            "revenue": 227931
        },
        "2013-06": {
            "month": "2013-06",
            "price": "8.91",
            "revenue": 204871
        },
        "2013-07": {
            "month": "2013-07",
            "price": "9.07",
            "revenue": 322407
        },
        "2013-08": {
            "month": "2013-08",
            "price": "10.60",
            "revenue": 286805
        },
        "2013-09": {
            "month": "2013-09",
            "price": "10.57",
            "revenue": 358813
        },
        "2013-10": {
            "month": "2013-10",
            "price": "11.99",
            "revenue": 328241
        },
        "2013-11": {
            "month": "2013-11",
            "price": "11.95",
            "revenue": 302309
        },
        "2013-12": {
            "month": "2013-12",
            "price": "11.99",
            "revenue": 279037
        },
        "2014-01": {
            "month": "2014-01",
            "price": "12.01",
            "revenue": 292094
        },
        "2014-02": {
            "month": "2014-02",
            "price": "11.61",
            "revenue": 142676
        },
        "2014-03": {
            "month": "2014-03",
            "price": "11.41",
            "revenue": 238879
        },
        "2014-04": {
            "month": "2014-04",
            "price": "11.62",
            "revenue": 317324
        },
        "2014-05": {
            "month": "2014-05",
            "price": "11.04",
            "revenue": 280061
        },
        "2014-06": {
            "month": "2014-06",
            "price": "11.02",
            "revenue": 233708
        },
        "2014-07": {
            "month": "2014-07",
            "price": "10.33",
            "revenue": 313023
        },
        "2014-08": {
            "month": "2014-08",
            "price": "9.65",
            "revenue": 327925
        },
        "2014-09": {
            "month": "2014-09",
            "price": "9.54",
            "revenue": 410924
        },
        "2014-10": {
            "month": "2014-10",
            "price": "10.86",
            "revenue": 379870
        },
        "2014-11": {
            "month": "2014-11",
            "price": "10.89",
            "revenue": 325128
        },
        "2014-12": {
            "month": "2014-12",
            "price": "10.36",
            "revenue": 339053
        },
        "2015-01": {
            "month": "2015-01",
            "price": "10.76",
            "revenue": 275452
        },
        "2015-02": {
            "month": "2015-02",
            "price": "10.92",
            "revenue": 231071
        },
        "2015-03": {
            "month": "2015-03",
            "price": "10.90",
            "revenue": 258987
        },
        "2015-04": {
            "month": "2015-04",
            "price": "10.80",
            "revenue": 207783
        },
        "2015-05": {
            "month": "2015-05",
            "price": "9.73",
            "revenue": 208392
        },
        "2015-06": {
            "month": "2015-06",
            "price": "9.59",
            "revenue": 268727
        },
        "2015-07": {
            "month": "2015-07",
            "price": "9.88",
            "revenue": 305014
        },
        "2015-08": {
            "month": "2015-08",
            "price": "9.92",
            "revenue": 417221
        },
        "2015-09": {
            "month": "2015-09",
            "price": "11.27",
            "revenue": 461082
        },
        "2015-10": {
            "month": "2015-10",
            "price": "12.59",
            "revenue": 325041
        },
        "2015-11": {
            "month": "2015-11",
            "price": "11.31",
            "revenue": 235191
        },
        "2015-12": {
            "month": "2015-12",
            "price": "10.30",
            "revenue": 257335
        },
        "2016-01": {
            "month": "2016-01",
            "price": "10.06",
            "revenue": 308023
        },
        "2016-02": {
            "month": "2016-02",
            "price": "10.44",
            "revenue": 201910
        },
        "2016-03": {
            "month": "2016-03",
            "price": "10.88",
            "revenue": 251669
        },
        "2016-04": {
            "month": "2016-04",
            "price": "10.66",
            "revenue": 257378
        },
        "2016-05": {
            "month": "2016-05",
            "price": "10.65",
            "revenue": 335370
        },
        "2016-06": {
            "month": "2016-06",
            "price": "12.54",
            "revenue": 400077
        },
        "2016-07": {
            "month": "2016-07",
            "price": "14.82",
            "revenue": 269644
        },
        "2016-08": {
            "month": "2016-08",
            "price": "15.02",
            "revenue": 366370
        },
        "2016-09": {
            "month": "2016-09",
            "price": "16.02",
            "revenue": 368198
        },
        "2016-10": {
            "month": "2016-10",
            "price": "13.54",
            "revenue": 300981
        },
        "2016-11": {
            "month": "2016-11",
            "price": "12.39",
            "revenue": 305393
        },
        "2016-12": {
            "month": "2016-12",
            "price": "14.51",
            "revenue": 303847
        },
        "2017-01": {
            "month": "2017-01",
            "price": "15.04",
            "revenue": 291766
        },
        "2017-02": {
            "month": "2017-02",
            "price": "15.54",
            "revenue": 218403
        },
        "2017-03": {
            "month": "2017-03",
            "price": "16.84",
            "revenue": 373516
        },
        "2017-04": {
            "month": "2017-04",
            "price": "21.89",
            "revenue": 345971
        },
        "2017-05": {
            "month": "2017-05",
            "price": "22.18",
            "revenue": 315205
        },
        "2017-06": {
            "month": "2017-06",
            "price": "23.03",
            "revenue": 325368
        },
        "2017-07": {
            "month": "2017-07",
            "price": "25.93",
            "revenue": 407621
        },
        "2017-08": {
            "month": "2017-08",
            "price": "33.02",
            "revenue": 635455
        },
        "2017-09": {
            "month": "2017-09",
            "price": "41.77",
            "revenue": 667762
        },
        "2017-10": {
            "month": "2017-10",
            "price": "57.40",
            "revenue": 672321
        },
        "2017-11": {
            "month": "2017-11",
            "price": "65.38",
            "revenue": 560619
        },
        "2017-12": {
            "month": "2017-12",
            "price": "56.02",
            "revenue": 501643
        },
        "2018-01": {
            "month": "2018-01",
            "price": "47.60",
            "revenue": 396955
        },
        "2018-02": {
            "month": "2018-02",
            "price": "42.28",
            "revenue": 237132
        },
        "2018-03": {
            "month": "2018-03",
            "price": "44.39",
            "revenue": 380807
        },
        "2018-04": {
            "month": "2018-04",
            "price": "45.98",
            "revenue": 350918
        },
        "2018-05": {
            "month": "2018-05",
            "price": "41.57",
            "revenue": 319229
        },
        "2018-06": {
            "month": "2018-06",
            "price": "39.36",
            "revenue": 363293
        },
        "2018-07": {
            "month": "2018-07",
            "price": "46.59",
            "revenue": 371083
        },
        "2018-08": {
            "month": "2018-08",
            "price": "50.67",
            "revenue": 538251
        },
        "2018-09": {
            "month": "2018-09",
            "price": "50.40",
            "revenue": 572481
        },
        "2018-10": {
            "month": "2018-10",
            "price": "51.02",
            "revenue": 780894
        },
        "2018-11": {
            "month": "2018-11",
            "price": "55.18",
            "revenue": 961772
        },
        "2018-12": {
            "month": "2018-12",
            "price": "69.56",
            "revenue": 912695
        },
        "2019-01": {
            "month": "2019-01",
            "price": "75.36",
            "revenue": 1021525
        },
        "2019-02": {
            "month": "2019-02",
            "price": "86.11",
            "revenue": 407704
        },
        "2019-03": {
            "month": "2019-03",
            "price": "88.00",
            "revenue": 579314
        },
        "2019-04": {
            "month": "2019-04",
            "price": "79.36",
            "revenue": 634330
        },
        "2019-05": {
            "month": "2019-05",
            "price": "77.36",
            "revenue": 525218
        },
        "2019-06": {
            "month": "2019-06",
            "price": "83.11",
            "revenue": 421302
        },
        "2019-07": {
            "month": "2019-07",
            "price": "88.02",
            "revenue": 663042
        },
        "2019-08": {
            "month": "2019-08",
            "price": "93.14",
            "revenue": 729184
        },
        "2019-09": {
            "month": "2019-09",
            "price": "91.57",
            "revenue": 819060
        },
        "2019-10": {
            "month": "2019-10",
            "price": "85.17",
            "revenue": 896984
        },
        "2019-11": {
            "month": "2019-11",
            "price": "80.55",
            "revenue": 640903
        },
        "2019-12": {
            "month": "2019-12",
            "price": "73.19",
            "revenue": 563308
        },
        "2020-01": {
            "month": "2020-01",
            "price": "70.61",
            "revenue": 503251
        },
        "2020-02": {
            "month": "2020-02",
            "price": "61.13",
            "revenue": 461068
        },
        "2020-03": {
            "month": "2020-03",
            "price": "47.52",
            "revenue": 454220
        },
        "2020-04": {
            "month": "2020-04",
            "price": "56.50",
            "revenue": 494494
        },
        "2020-05": {
            "month": "2020-05",
            "price": "73.64",
            "revenue": 643187
        },
        "2020-06": {
            "month": "2020-06",
            "price": "81.68",
            "revenue": 740710
        },
        "2020-07": {
            "month": "2020-07",
            "price": "79.96",
            "revenue": 1083857
        },
        "2020-08": {
            "month": "2020-08",
            "price": "88.56",
            "revenue": 1127421
        },
        "2020-09": {
            "month": "2020-09",
            "price": "89.66",
            "revenue": 1346360
        },
        "2020-10": {
            "month": "2020-10",
            "price": "82.63",
            "revenue": 1367284
        },
        "2020-11": {
            "month": "2020-11",
            "price": "78.18",
            "revenue": 1480505
        },
        "2020-12": {
            "month": "2020-12",
            "price": "75.40",
            "revenue": 1671850
        },
        "2021-01": {
            "month": "2021-01",
            "price": "74.69",
            "revenue": 1580814
        },
        "2021-02": {
            "month": "2021-02",
            "price": "81.32",
            "revenue": 1155559
        },
        "2021-03": {
            "month": "2021-03",
            "price": "90.17",
            "revenue": 1302442
        },
        "2021-04": {
            "month": "2021-04",
            "price": "94.08",
            "revenue": 1471519
        },
        "2021-05": {
            "month": "2021-05",
            "price": "75.05",
            "revenue": 1497563
        },
        "2021-06": {
            "month": "2021-06",
            "price": "78.49",
            "revenue": 2014978
        },
        "2021-07": {
            "month": "2021-07",
            "price": "80.44",
            "revenue": 1249931
        },
        "2021-08": {
            "month": "2021-08",
            "price": "72.99",
            "revenue": 1641095
        },
        "2021-09": {
            "month": "2021-09",
            "price": "70.38",
            "revenue": 1365823
        },
        "2021-10": {
            "month": "2021-10",
            "price": "66.32",
            "revenue": 1918915
        },
        "2021-11": {
            "month": "2021-11",
            "price": "65.26",
            "revenue": 1649257
        },
        "2021-12": {
            "month": "2021-12",
            "price": "58.20",
            "revenue": 1518927
        },
        "2022-01": {
            "month": "2022-01",
            "price": "51.68",
            "revenue": 863527
        },
        "2022-02": {
            "month": "2022-02",
            "price": "44.33",
            "revenue": 395425
        },
        "2022-03": {
            "month": "2022-03",
            "price": "44.18",
            "revenue": 374324
        },
        "2022-04": {
            "month": "2022-04",
            "price": "41.87",
            "revenue": 343199
        },
        "2022-05": {
            "month": "2022-05",
            "price": "38.08",
            "revenue": 246150
        },
        "2022-06": {
            "month": "2022-06",
            "price": "32.85",
            "revenue": 356466
        },
        "2022-07": {
            "month": "2022-07",
            "price": "31.15",
            "revenue": 342805
        },
        "2022-08": {
            "month": "2022-08",
            "price": "32.80",
            "revenue": 419646
        },
        "2022-09": {
            "month": "2022-09",
            "price": "32.76",
            "revenue": 310793
        },
        "2022-10": {
            "month": "2022-10",
            "price": "28.58",
            "revenue": 221008
        },
        "2022-11": {
            "month": "2022-11",
            "price": "29.47",
            "revenue": 320941
        },
        "2022-12": {
            "month": "2022-12",
            "price": "32.05",
            "revenue": 355024
        },
        "2023-01": {
            "month": "2023-01",
            "price": "29.90",
            "revenue": 223148
        },
        "2023-02": {
            "month": "2023-02",
            "price": "31.46",
            "revenue": 146636
        },
        "2023-03": {
            "month": "2023-03",
            "price": "29.54",
            "revenue": 218909
        },
        "2023-04": {
            "month": "2023-04",
            "price": "29.20",
            "revenue": 286941
        }
    }
}
