{
    "summary": {
        "stock_name": "川飛",
        "stock_id": "1516",
        "category": "其他",
        "main_business": "生煤交易業務<br>導柄交易業務",
        "website_url": "http://www.falconpower.tw",
        "ceo": "涂椽義",
        "pe_ratio": 51,
        "report_year_from": 2001,
        "report_year_to": 2023,
        "age": 23,
        "eps_negative_percentage": 43,
        "eps_growth_avg": {
            "last_all": 5.63,
            "last_2y": 1.27,
            "last_4y": 15.86,
            "last_8y": 6.88,
            "last_12y": 16.2,
            "last_16y": 5.63,
            "last_20y": 5.63,
            "at_2006_last_3y": null,
            "at_2007_last_3y": -100,
            "at_2008_last_3y": -100,
            "at_2009_last_3y": -100,
            "at_2010_last_3y": -100,
            "at_2011_last_3y": null,
            "at_2012_last_3y": null,
            "at_2013_last_3y": null,
            "at_2014_last_3y": 100,
            "at_2015_last_3y": 99.68,
            "at_2016_last_3y": 43.77,
            "at_2017_last_3y": 21.58,
            "at_2018_last_3y": -4.33,
            "at_2019_last_3y": -35.3,
            "at_2020_last_3y": 6.71,
            "at_2021_last_3y": 42.96,
            "at_2022_last_3y": 38.15,
            "at_2023_last_3y": 25.95,
            "at_2024_last_3y": 25.95,
            "at_2006_last_all": null,
            "at_2007_last_all": -100,
            "at_2008_last_all": -100,
            "at_2009_last_all": -100,
            "at_2010_last_all": -100,
            "at_2011_last_all": -100,
            "at_2012_last_all": -100,
            "at_2013_last_all": -100,
            "at_2014_last_all": 0,
            "at_2015_last_all": 33.12,
            "at_2016_last_all": 7.83,
            "at_2017_last_all": -2.74,
            "at_2018_last_all": -2.89,
            "at_2019_last_all": -5.98,
            "at_2020_last_all": 7.27,
            "at_2021_last_all": 17.57,
            "at_2022_last_all": 13.53,
            "at_2023_last_all": 5.63,
            "at_2024_last_all": 5.63
        },
        "latest_eps": 0.34,
        "latest_price": 17.35,
        "latest_roe": 2.93,
        "latest_gross_margin": 4.78,
        "latest_equity": 450094,
        "latest_revenue": 219552,
        "latest_gross_profit": 10492,
        "latest_net_income": -4644,
        "latest_debt_ratio": 6.88,
        "latest_current_ratio": 1313.54,
        "latest_account_receivable_turnover_ratio": 0.92,
        "latest_inventory_turnover_ratio": null,
        "latest_reinvestment_rate": -0.29,
        "latest_research_to_sale_ratio": null
    },
    "eps_dividends": {
        "1993": {
            "cash": 0,
            "stock": 3.5,
            "eps": 0
        },
        "1994": {
            "cash": 0,
            "stock": 3.5,
            "eps": 0
        },
        "1995": {
            "cash": 0,
            "stock": 1.7,
            "eps": 0
        },
        "1997": {
            "cash": 0,
            "stock": 0.73,
            "eps": 0
        },
        "1998": {
            "cash": 0,
            "stock": 2.4,
            "eps": 0
        },
        "1999": {
            "cash": 1.96,
            "stock": 1.96,
            "eps": 0
        },
        "2001": {
            "cash": 0,
            "stock": 0,
            "eps": -1.04
        },
        "2002": {
            "cash": 0,
            "stock": 0,
            "eps": -1.73
        },
        "2003": {
            "cash": 0,
            "stock": 0,
            "eps": 0
        },
        "2004": {
            "cash": 0.05,
            "stock": 0,
            "eps": -2.21
        },
        "2005": {
            "cash": 0,
            "stock": 0,
            "eps": -0.01
        },
        "2006": {
            "cash": 0,
            "stock": 0,
            "eps": 0.11
        },
        "2007": {
            "cash": 0,
            "stock": 0,
            "eps": -1.83
        },
        "2008": {
            "cash": 0,
            "stock": 0,
            "eps": -5.03
        },
        "2009": {
            "cash": 0,
            "stock": 0,
            "eps": -0.77
        },
        "2010": {
            "cash": 0,
            "stock": 0,
            "eps": -0.09
        },
        "2011": {
            "cash": 0,
            "stock": 0,
            "eps": -0.31
        },
        "2012": {
            "cash": 0,
            "stock": 0,
            "eps": -1.51
        },
        "2013": {
            "cash": 0,
            "stock": 0,
            "eps": 0.2
        },
        "2014": {
            "cash": 0,
            "stock": 0,
            "eps": 1.57
        },
        "2015": {
            "cash": 0,
            "stock": 0,
            "eps": 3.13
        },
        "2016": {
            "cash": 0,
            "stock": 2.57,
            "eps": 1
        },
        "2017": {
            "cash": 0.37,
            "stock": 0.37,
            "eps": 0.55
        },
        "2018": {
            "cash": 0,
            "stock": 0.49,
            "eps": 0.53
        },
        "2019": {
            "cash": 0,
            "stock": 0.46,
            "eps": 0.4
        },
        "2020": {
            "cash": 0.08,
            "stock": 0.31,
            "eps": 0.85
        },
        "2021": {
            "cash": 0.37,
            "stock": 0.37,
            "eps": 1.75
        },
        "2022": {
            "cash": 1.55,
            "stock": 0,
            "eps": 1.35
        },
        "2023": {
            "cash": 0.38,
            "stock": 0.88,
            "eps": 0.36
        },
        "2024": {
            "cash": 0,
            "stock": 0.31,
            "eps": 0
        }
    },
    "dividends": {
        "1993-06-30": {
            "cash": 0,
            "stock": 3.5
        },
        "1994-06-15": {
            "cash": 0,
            "stock": 3.5
        },
        "1995-06-15": {
            "cash": 0,
            "stock": 1.7
        },
        "1997-06-11": {
            "cash": 0,
            "stock": 0.73
        },
        "1998-06-12": {
            "cash": 0,
            "stock": 2.4
        },
        "1999-05-25": {
            "cash": 1.96,
            "stock": 1.96
        },
        "2004-03-01": {
            "cash": 0.05,
            "stock": 0
        },
        "2016-03-25": {
            "cash": 0,
            "stock": 2.57
        },
        "2017-09-29": {
            "cash": 0.37,
            "stock": 0.37
        },
        "2018-03-09": {
            "cash": 0,
            "stock": 0.49
        },
        "2019-03-08": {
            "cash": 0,
            "stock": 0.46
        },
        "2020-09-28": {
            "cash": 0.08,
            "stock": 0.31
        },
        "2021-09-17": {
            "cash": 0.37,
            "stock": 0.37
        },
        "2022-10-25": {
            "cash": 1.55,
            "stock": 0
        },
        "2023-09-26": {
            "cash": 0.38,
            "stock": 0.88
        },
        "2024-02-06": {
            "cash": 0,
            "stock": 0.31
        }
    },
    "prices": {
        "200101": "3.78",
        "200102": "5.44",
        "200103": "6.17",
        "200104": "5.91",
        "200105": "5.94",
        "200106": "5.30",
        "200107": "4.13",
        "200108": "3.82",
        "200109": "2.90",
        "200110": "2.70",
        "200111": "2.56",
        "200112": "2.84",
        "200201": "3.14",
        "200202": "3.06",
        "200203": "3.65",
        "200204": "4.73",
        "200205": "3.89",
        "200206": "3.78",
        "200207": "4.06",
        "200208": "3.91",
        "200209": "3.42",
        "200210": "2.92",
        "200211": "3.19",
        "200212": "3.29",
        "200301": "3.77",
        "200302": "3.74",
        "200303": "3.82",
        "200304": "3.15",
        "200305": "2.81",
        "200306": "3.46",
        "200307": "3.68",
        "200308": "3.58",
        "200309": "3.60",
        "200310": "3.87",
        "200311": "4.15",
        "200312": "無",
        "200401": "7.78",
        "200402": "9.09",
        "200403": "9.39",
        "200404": "9.40",
        "200405": "7.78",
        "200406": "7.08",
        "200407": "6.86",
        "200408": "6.38",
        "200409": "6.60",
        "200410": "6.78",
        "200411": "6.32",
        "200412": "6.17",
        "200501": "6.08",
        "200502": "5.43",
        "200503": "5.28",
        "200504": "5.02",
        "200505": "4.46",
        "200506": "4.31",
        "200507": "4.32",
        "200508": "4.08",
        "200509": "3.82",
        "200510": "3.60",
        "200511": "3.57",
        "200512": "3.65",
        "200601": "3.53",
        "200602": "3.36",
        "200603": "3.05",
        "200604": "3.34",
        "200605": "3.81",
        "200606": "3.46",
        "200607": "3.41",
        "200608": "3.14",
        "200609": "3.15",
        "200610": "3.51",
        "200611": "3.93",
        "200612": "6.79",
        "200701": "6.46",
        "200702": "5.62",
        "200703": "6.13",
        "200704": "7.17",
        "200705": "7.15",
        "200706": "7.31",
        "200707": "12.13",
        "200708": "11.48",
        "200709": "9.87",
        "200710": "8.44",
        "200711": "6.77",
        "200712": "5.84",
        "200801": "6.04",
        "200802": "5.88",
        "200803": "6.91",
        "200804": "6.95",
        "200805": "7.00",
        "200806": "11.07",
        "200807": "11.04",
        "200808": "10.03",
        "200809": "8.62",
        "200810": "15.34",
        "200811": "20.20",
        "200812": "18.67",
        "200901": "16.32",
        "200902": "13.22",
        "200903": "13.83",
        "200904": "14.37",
        "200905": "13.55",
        "200906": "13.18",
        "200907": "13.13",
        "200908": "13.09",
        "200909": "12.43",
        "200910": "12.23",
        "200911": "11.20",
        "200912": "11.76",
        "201001": "14.42",
        "201002": "14.64",
        "201003": "15.17",
        "201004": "14.60",
        "201005": "10.01",
        "201006": "9.98",
        "201007": "10.34",
        "201008": "10.35",
        "201009": "8.31",
        "201010": "4.40",
        "201011": "2.92",
        "201012": "2.77",
        "201101": "2.74",
        "201102": "2.76",
        "201103": "2.57",
        "201104": "2.57",
        "201105": "2.39",
        "201106": "2.05",
        "201107": "1.90",
        "201108": "2.05",
        "201109": "6.05",
        "201110": "5.67",
        "201111": "5.50",
        "201112": "5.28",
        "201201": "5.29",
        "201202": "5.21",
        "201203": "5.15",
        "201204": "5.07",
        "201205": "4.86",
        "201206": "4.16",
        "201207": "4.00",
        "201208": "3.82",
        "201209": "3.90",
        "201210": "9.78",
        "201211": "8.60",
        "201212": "7.87",
        "201301": "12.01",
        "201302": "10.59",
        "201303": "12.44",
        "201304": "11.36",
        "201305": "11.92",
        "201306": "13.37",
        "201307": "12.75",
        "201308": "12.26",
        "201309": "11.78",
        "201310": "12.39",
        "201311": "11.89",
        "201312": "11.93",
        "201401": "12.02",
        "201402": "12.00",
        "201403": "11.78",
        "201404": "11.22",
        "201405": "10.35",
        "201406": "10.24",
        "201407": "11.18",
        "201408": "13.40",
        "201409": "14.96",
        "201410": "14.82",
        "201411": "14.34",
        "201412": "13.94",
        "201501": "16.34",
        "201502": "20.41",
        "201503": "22.10",
        "201504": "25.97",
        "201505": "27.92",
        "201506": "27.35",
        "201507": "24.93",
        "201508": "24.89",
        "201509": "23.33",
        "201510": "23.81",
        "201511": "21.49",
        "201512": "20.95",
        "201601": "21.17",
        "201602": "21.27",
        "201603": "24.15",
        "201604": "24.91",
        "201605": "23.66",
        "201606": "23.73",
        "201607": "25.20",
        "201608": "24.60",
        "201609": "23.67",
        "201610": "18.15",
        "201611": "16.38",
        "201612": "16.81",
        "201701": "19.24",
        "201702": "19.75",
        "201703": "21.28",
        "201704": "19.01",
        "201705": "17.18",
        "201706": "16.01",
        "201707": "15.25",
        "201708": "14.92",
        "201709": "14.68",
        "201710": "15.33",
        "201711": "16.78",
        "201712": "15.19",
        "201801": "18.24",
        "201802": "19.87",
        "201803": "23.40",
        "201804": "18.86",
        "201805": "18.26",
        "201806": "21.07",
        "201807": "20.97",
        "201808": "19.23",
        "201809": "18.90",
        "201810": "17.05",
        "201811": "16.41",
        "201812": "16.19",
        "201901": "15.88",
        "201902": "15.96",
        "201903": "16.05",
        "201904": "15.82",
        "201905": "15.61",
        "201906": "15.35",
        "201907": "15.42",
        "201908": "15.37",
        "201909": "15.02",
        "201910": "15.34",
        "201911": "15.29",
        "201912": "16.04",
        "202001": "15.25",
        "202002": "15.92",
        "202003": "14.53",
        "202004": "13.49",
        "202005": "13.62",
        "202006": "13.60",
        "202007": "14.13",
        "202008": "15.30",
        "202009": "17.09",
        "202010": "20.51",
        "202011": "21.91",
        "202012": "22.67",
        "202101": "23.38",
        "202102": "22.99",
        "202103": "25.31",
        "202104": "24.40",
        "202105": "21.45",
        "202106": "21.78",
        "202107": "22.14",
        "202108": "20.04",
        "202109": "19.66",
        "202110": "20.24",
        "202111": "22.66",
        "202112": "24.07",
        "202201": "23.26",
        "202202": "24.26",
        "202203": "26.50",
        "202204": "28.21",
        "202205": "24.20",
        "202206": "25.15",
        "202207": "22.33",
        "202208": "24.18",
        "202209": "24.02",
        "202210": "22.63",
        "202211": "21.32",
        "202212": "20.39",
        "202301": "20.23",
        "202302": "20.35",
        "202303": "20.37",
        "202304": "20.42",
        "202305": "20.68",
        "202306": "20.96",
        "202307": "20.37",
        "202308": "18.75",
        "202309": "17.32",
        "202310": "16.59",
        "202311": "17.40",
        "202312": "18.60"
    },
    "quarters": {
        "20011": {
            "year_quarter": 20011,
            "year": 2001,
            "quarter": 1,
            "eps": 0.1,
            "eps_growth_year": -44.44,
            "eps_4q": -3.16,
            "eps_4q_growth_year": -1617.14,
            "roe": 1.18,
            "roe_4q": 1.18,
            "gross_profit": 54141,
            "gross_margin": 18.36,
            "gross_margin_4q_avg": 18.36,
            "net_income": 16532,
            "net_income_4q": null,
            "revenue": 294857,
            "revenue_4q": null,
            "common_shares": 1542362,
            "book_valuer_per_share": 9.12,
            "book_valuer_per_share_4q_avg": 9.12,
            "equity": 1406729,
            "current_ratio": 112.58,
            "debt_ratio": 44.91,
            "inventory_turnover_ratio": 0.52,
            "account_receivable_turnover_ratio": null,
            "reinvestment_rate": null,
            "research_to_sale_ratio": null,
            "price_fair": 0,
            "eps_avg_yearly": 0,
            "eps_latest_yearly": 0,
            "eps_growth_yearly": 0
        },
        "20012": {
            "year_quarter": 20012,
            "year": 2001,
            "quarter": 2,
            "eps": -0.3,
            "eps_growth_year": -3100,
            "eps_4q": -3.7,
            "eps_4q_growth_year": -28935.25,
            "roe": -3.38,
            "roe_4q": -2.2,
            "gross_profit": 30880,
            "gross_margin": 17.19,
            "gross_margin_4q_avg": 17.78,
            "net_income": -46753,
            "net_income_4q": null,
            "revenue": 179594,
            "revenue_4q": null,
            "common_shares": 1542362,
            "book_valuer_per_share": 8.82,
            "book_valuer_per_share_4q_avg": 8.97,
            "equity": 1359976,
            "current_ratio": 112.56,
            "debt_ratio": 42.85,
            "inventory_turnover_ratio": 0.48,
            "account_receivable_turnover_ratio": null,
            "reinvestment_rate": null,
            "research_to_sale_ratio": null,
            "price_fair": 0,
            "eps_avg_yearly": 0,
            "eps_latest_yearly": 0,
            "eps_growth_yearly": 0
        },
        "20013": {
            "year_quarter": 20013,
            "year": 2001,
            "quarter": 3,
            "eps": -0.41,
            "eps_growth_year": null,
            "eps_4q": -3.97,
            "eps_4q_growth_year": null,
            "roe": -4.8,
            "roe_4q": -7,
            "gross_profit": 33169,
            "gross_margin": 20.24,
            "gross_margin_4q_avg": 18.6,
            "net_income": -63766,
            "net_income_4q": null,
            "revenue": 163884,
            "revenue_4q": null,
            "common_shares": 1542362,
            "book_valuer_per_share": 8.4,
            "book_valuer_per_share_4q_avg": 8.78,
            "equity": 1296211,
            "current_ratio": 112.67,
            "debt_ratio": 42.62,
            "inventory_turnover_ratio": 0.48,
            "account_receivable_turnover_ratio": null,
            "reinvestment_rate": null,
            "research_to_sale_ratio": null,
            "price_fair": 0,
            "eps_avg_yearly": 0,
            "eps_latest_yearly": 0,
            "eps_growth_yearly": 0
        },
        "20014": {
            "year_quarter": 20014,
            "year": 2001,
            "quarter": 4,
            "eps": -0.43,
            "eps_growth_year": null,
            "eps_4q": -1.04,
            "eps_4q_growth_year": null,
            "roe": -5.16,
            "roe_4q": -12.16,
            "gross_profit": 17098,
            "gross_margin": 15.03,
            "gross_margin_4q_avg": 17.71,
            "net_income": -66169,
            "net_income_4q": null,
            "revenue": 113749,
            "revenue_4q": null,
            "common_shares": 1542362,
            "book_valuer_per_share": 8.24,
            "book_valuer_per_share_4q_avg": 8.65,
            "equity": 1270711,
            "current_ratio": 101.63,
            "debt_ratio": 46.61,
            "inventory_turnover_ratio": 0.28,
            "account_receivable_turnover_ratio": null,
            "reinvestment_rate": null,
            "research_to_sale_ratio": null,
            "price_fair": 0,
            "eps_avg_yearly": 0,
            "eps_latest_yearly": 0,
            "eps_growth_yearly": 0
        },
        "20021": {
            "year_quarter": 20021,
            "year": 2002,
            "quarter": 1,
            "eps": -0.14,
            "eps_growth_year": -240,
            "eps_4q": -1.32,
            "eps_4q_growth_year": null,
            "roe": -1.66,
            "roe_4q": -15,
            "gross_profit": 15270,
            "gross_margin": 10.63,
            "gross_margin_4q_avg": 15.77,
            "net_income": -20889,
            "net_income_4q": null,
            "revenue": 143667,
            "revenue_4q": null,
            "common_shares": 1542362,
            "book_valuer_per_share": 8.1,
            "book_valuer_per_share_4q_avg": 8.39,
            "equity": 1249810,
            "current_ratio": 131.94,
            "debt_ratio": 38.26,
            "inventory_turnover_ratio": 0.41,
            "account_receivable_turnover_ratio": null,
            "reinvestment_rate": null,
            "research_to_sale_ratio": null,
            "price_fair": 0,
            "eps_avg_yearly": 0,
            "eps_latest_yearly": 0,
            "eps_growth_yearly": 0
        },
        "20022": {
            "year_quarter": 20022,
            "year": 2002,
            "quarter": 2,
            "eps": -0.81,
            "eps_growth_year": null,
            "eps_4q": -1.79,
            "eps_4q_growth_year": null,
            "roe": -10.65,
            "roe_4q": -22.27,
            "gross_profit": 5411,
            "gross_margin": 5.11,
            "gross_margin_4q_avg": 12.75,
            "net_income": -125255,
            "net_income_4q": null,
            "revenue": 105807,
            "revenue_4q": null,
            "common_shares": 1542362,
            "book_valuer_per_share": 7.14,
            "book_valuer_per_share_4q_avg": 7.97,
            "equity": 1101507,
            "current_ratio": 127.02,
            "debt_ratio": 38.46,
            "inventory_turnover_ratio": 0.62,
            "account_receivable_turnover_ratio": null,
            "reinvestment_rate": null,
            "research_to_sale_ratio": null,
            "price_fair": 0,
            "eps_avg_yearly": 0,
            "eps_latest_yearly": 0,
            "eps_growth_yearly": 0
        },
        "20023": {
            "year_quarter": 20023,
            "year": 2002,
            "quarter": 3,
            "eps": -0.17,
            "eps_growth_year": null,
            "eps_4q": -1.54,
            "eps_4q_growth_year": null,
            "roe": -2.37,
            "roe_4q": -19.84,
            "gross_profit": 4914,
            "gross_margin": 5.68,
            "gross_margin_4q_avg": 9.11,
            "net_income": -25784,
            "net_income_4q": null,
            "revenue": 86500,
            "revenue_4q": null,
            "common_shares": 1542362,
            "book_valuer_per_share": 6.97,
            "book_valuer_per_share_4q_avg": 7.61,
            "equity": 1075723,
            "current_ratio": 128.21,
            "debt_ratio": 36.6,
            "inventory_turnover_ratio": 0.59,
            "account_receivable_turnover_ratio": null,
            "reinvestment_rate": null,
            "research_to_sale_ratio": null,
            "price_fair": 0,
            "eps_avg_yearly": 0,
            "eps_latest_yearly": 0,
            "eps_growth_yearly": 0
        },
        "20024": {
            "year_quarter": 20024,
            "year": 2002,
            "quarter": 4,
            "eps": -0.61,
            "eps_growth_year": null,
            "eps_4q": -1.73,
            "eps_4q_growth_year": null,
            "roe": -9.02,
            "roe_4q": -23.7,
            "gross_profit": 2972,
            "gross_margin": 3.34,
            "gross_margin_4q_avg": 6.19,
            "net_income": -93940,
            "net_income_4q": null,
            "revenue": 89062,
            "revenue_4q": null,
            "common_shares": 1542362,
            "book_valuer_per_share": 6.53,
            "book_valuer_per_share_4q_avg": 7.19,
            "equity": 1007750,
            "current_ratio": 78.43,
            "debt_ratio": 44.38,
            "inventory_turnover_ratio": 0.48,
            "account_receivable_turnover_ratio": null,
            "reinvestment_rate": null,
            "research_to_sale_ratio": null,
            "price_fair": 0,
            "eps_avg_yearly": 0,
            "eps_latest_yearly": 0,
            "eps_growth_yearly": 0
        },
        "20031": {
            "year_quarter": 20031,
            "year": 2003,
            "quarter": 1,
            "eps": 0.06,
            "eps_growth_year": null,
            "eps_4q": -1.59,
            "eps_4q_growth_year": null,
            "roe": 0.88,
            "roe_4q": -21.159999999999997,
            "gross_profit": 17979,
            "gross_margin": 19.89,
            "gross_margin_4q_avg": 8.51,
            "net_income": 8926,
            "net_income_4q": null,
            "revenue": 90388,
            "revenue_4q": null,
            "common_shares": 1542362,
            "book_valuer_per_share": 6.59,
            "book_valuer_per_share_4q_avg": 6.81,
            "equity": 1016676,
            "current_ratio": 91.04,
            "debt_ratio": 35.94,
            "inventory_turnover_ratio": 0.57,
            "account_receivable_turnover_ratio": null,
            "reinvestment_rate": null,
            "research_to_sale_ratio": null,
            "price_fair": 0,
            "eps_avg_yearly": 0,
            "eps_latest_yearly": 0,
            "eps_growth_yearly": 0
        },
        "20032": {
            "year_quarter": 20032,
            "year": 2003,
            "quarter": 2,
            "eps": 0.04,
            "eps_growth_year": null,
            "eps_4q": -0.61,
            "eps_4q_growth_year": null,
            "roe": 0.67,
            "roe_4q": -9.84,
            "gross_profit": 22070,
            "gross_margin": 31.25,
            "gross_margin_4q_avg": 15.04,
            "net_income": 6871,
            "net_income_4q": null,
            "revenue": 70625,
            "revenue_4q": null,
            "common_shares": 1542362,
            "book_valuer_per_share": 6.63,
            "book_valuer_per_share_4q_avg": 6.68,
            "equity": 1023338,
            "current_ratio": 89.92,
            "debt_ratio": 35.51,
            "inventory_turnover_ratio": 1.7,
            "account_receivable_turnover_ratio": null,
            "reinvestment_rate": null,
            "research_to_sale_ratio": null,
            "price_fair": 0.48,
            "eps_avg_yearly": 0.16,
            "eps_latest_yearly": 0.16,
            "eps_growth_yearly": -133.33
        },
        "20033": {
            "year_quarter": 20033,
            "year": 2003,
            "quarter": 3,
            "eps": 0.04,
            "eps_growth_year": null,
            "eps_4q": -0.76,
            "eps_4q_growth_year": null,
            "roe": 0.38,
            "roe_4q": -7.09,
            "gross_profit": 15678,
            "gross_margin": 23.93,
            "gross_margin_4q_avg": 19.6,
            "net_income": 3887,
            "net_income_4q": null,
            "revenue": 65527,
            "revenue_4q": null,
            "common_shares": 923501,
            "book_valuer_per_share": 11.12,
            "book_valuer_per_share_4q_avg": 7.72,
            "equity": 1027225,
            "current_ratio": 91.01,
            "debt_ratio": 34.57,
            "inventory_turnover_ratio": 1.97,
            "account_receivable_turnover_ratio": null,
            "reinvestment_rate": null,
            "research_to_sale_ratio": null,
            "price_fair": 0.48,
            "eps_avg_yearly": 0.16,
            "eps_latest_yearly": 0.16,
            "eps_growth_yearly": -66.67
        },
        "20034": {
            "year_quarter": 20034,
            "year": 2003,
            "quarter": 4,
            "eps": -0.14,
            "eps_growth_year": null,
            "eps_4q": 0.08,
            "eps_4q_growth_year": null,
            "roe": -1.25,
            "roe_4q": 0.68,
            "gross_profit": 9594,
            "gross_margin": 14.36,
            "gross_margin_4q_avg": 22.36,
            "net_income": -12674,
            "net_income_4q": null,
            "revenue": 66796,
            "revenue_4q": null,
            "common_shares": 923500,
            "book_valuer_per_share": 10.82,
            "book_valuer_per_share_4q_avg": 8.79,
            "equity": 999590,
            "current_ratio": 83.85,
            "debt_ratio": 40.33,
            "inventory_turnover_ratio": 0.55,
            "account_receivable_turnover_ratio": null,
            "reinvestment_rate": null,
            "research_to_sale_ratio": null,
            "price_fair": 0.48,
            "eps_avg_yearly": 0.16,
            "eps_latest_yearly": 0.16,
            "eps_growth_yearly": -66.67
        },
        "20041": {
            "year_quarter": 20041,
            "year": 2004,
            "quarter": 1,
            "eps": 0.01,
            "eps_growth_year": -83.33,
            "eps_4q": -0.11,
            "eps_4q_growth_year": null,
            "roe": 0.02,
            "roe_4q": -0.17999999999999994,
            "gross_profit": 14414,
            "gross_margin": 19.39,
            "gross_margin_4q_avg": 22.23,
            "net_income": 155,
            "net_income_4q": null,
            "revenue": 74349,
            "revenue_4q": null,
            "common_shares": 923501,
            "book_valuer_per_share": 10.83,
            "book_valuer_per_share_4q_avg": 9.85,
            "equity": 999745,
            "current_ratio": 68.02,
            "debt_ratio": 34.18,
            "inventory_turnover_ratio": 0.57,
            "account_receivable_turnover_ratio": null,
            "reinvestment_rate": null,
            "research_to_sale_ratio": null,
            "price_fair": 0.48,
            "eps_avg_yearly": 0.16,
            "eps_latest_yearly": 0.16,
            "eps_growth_yearly": -66.67
        },
        "20042": {
            "year_quarter": 20042,
            "year": 2004,
            "quarter": 2,
            "eps": 0.27,
            "eps_growth_year": 575,
            "eps_4q": 0.18,
            "eps_4q_growth_year": null,
            "roe": 2.46,
            "roe_4q": 1.6099999999999999,
            "gross_profit": 7506,
            "gross_margin": 11.48,
            "gross_margin_4q_avg": 17.29,
            "net_income": 24861,
            "net_income_4q": null,
            "revenue": 65396,
            "revenue_4q": null,
            "common_shares": 923501,
            "book_valuer_per_share": 11.04,
            "book_valuer_per_share_4q_avg": 10.95,
            "equity": 1019471,
            "current_ratio": 82.37,
            "debt_ratio": 31.58,
            "inventory_turnover_ratio": 2.05,
            "account_receivable_turnover_ratio": null,
            "reinvestment_rate": null,
            "research_to_sale_ratio": null,
            "price_fair": 16.33,
            "eps_avg_yearly": 0.47,
            "eps_latest_yearly": 1.08,
            "eps_growth_yearly": 3422.22
        },
        "20043": {
            "year_quarter": 20043,
            "year": 2004,
            "quarter": 3,
            "eps": -0.04,
            "eps_growth_year": -200,
            "eps_4q": 0.09,
            "eps_4q_growth_year": null,
            "roe": -0.38,
            "roe_4q": 0.8500000000000001,
            "gross_profit": 9850,
            "gross_margin": 11.13,
            "gross_margin_4q_avg": 14.09,
            "net_income": -3864,
            "net_income_4q": null,
            "revenue": 88494,
            "revenue_4q": null,
            "common_shares": 923501,
            "book_valuer_per_share": 11.02,
            "book_valuer_per_share_4q_avg": 10.93,
            "equity": 1017930,
            "current_ratio": 81.13,
            "debt_ratio": 25.96,
            "inventory_turnover_ratio": 2.56,
            "account_receivable_turnover_ratio": null,
            "reinvestment_rate": null,
            "research_to_sale_ratio": null,
            "price_fair": 16.33,
            "eps_avg_yearly": 0.47,
            "eps_latest_yearly": 1.08,
            "eps_growth_yearly": 3422.22
        },
        "20044": {
            "year_quarter": 20044,
            "year": 2004,
            "quarter": 4,
            "eps": -2.45,
            "eps_growth_year": null,
            "eps_4q": -2.22,
            "eps_4q_growth_year": -2875,
            "roe": -25.7,
            "roe_4q": -23.599999999999998,
            "gross_profit": -1685,
            "gross_margin": -2.36,
            "gross_margin_4q_avg": 9.91,
            "net_income": -225902,
            "net_income_4q": null,
            "revenue": 71449,
            "revenue_4q": null,
            "common_shares": 923500,
            "book_valuer_per_share": 8.02,
            "book_valuer_per_share_4q_avg": 10.23,
            "equity": 740207,
            "current_ratio": 112.19,
            "debt_ratio": 46.31,
            "inventory_turnover_ratio": 0.54,
            "account_receivable_turnover_ratio": null,
            "reinvestment_rate": null,
            "research_to_sale_ratio": null,
            "price_fair": 16.33,
            "eps_avg_yearly": 0.47,
            "eps_latest_yearly": 1.08,
            "eps_growth_yearly": 3422.22
        },
        "20051": {
            "year_quarter": 20051,
            "year": 2005,
            "quarter": 1,
            "eps": 0,
            "eps_growth_year": -100,
            "eps_4q": -2.22,
            "eps_4q_growth_year": null,
            "roe": 0.04,
            "roe_4q": -23.58,
            "gross_profit": 2230,
            "gross_margin": 2.9,
            "gross_margin_4q_avg": 5.79,
            "net_income": 265,
            "net_income_4q": null,
            "revenue": 77024,
            "revenue_4q": null,
            "common_shares": 923501,
            "book_valuer_per_share": 8.1,
            "book_valuer_per_share_4q_avg": 9.55,
            "equity": 748328,
            "current_ratio": 72.33,
            "debt_ratio": 30.83,
            "inventory_turnover_ratio": 0.59,
            "account_receivable_turnover_ratio": null,
            "reinvestment_rate": null,
            "research_to_sale_ratio": null,
            "price_fair": 16.33,
            "eps_avg_yearly": 0.47,
            "eps_latest_yearly": 1.08,
            "eps_growth_yearly": 3422.22
        },
        "20052": {
            "year_quarter": 20052,
            "year": 2005,
            "quarter": 2,
            "eps": 0.05,
            "eps_growth_year": -81.48,
            "eps_4q": -2.24,
            "eps_4q_growth_year": -1373.48,
            "roe": 0.67,
            "roe_4q": -25.369999999999997,
            "gross_profit": 487,
            "gross_margin": 0.93,
            "gross_margin_4q_avg": 3.15,
            "net_income": 5001,
            "net_income_4q": null,
            "revenue": 52513,
            "revenue_4q": null,
            "common_shares": 923501,
            "book_valuer_per_share": 8.11,
            "book_valuer_per_share_4q_avg": 8.81,
            "equity": 748555,
            "current_ratio": 66.6,
            "debt_ratio": 30.79,
            "inventory_turnover_ratio": 2.89,
            "account_receivable_turnover_ratio": null,
            "reinvestment_rate": null,
            "research_to_sale_ratio": null,
            "price_fair": 16.33,
            "eps_avg_yearly": 0.47,
            "eps_latest_yearly": 1.08,
            "eps_growth_yearly": 3422.22
        },
        "20053": {
            "year_quarter": 20053,
            "year": 2005,
            "quarter": 3,
            "eps": -0.03,
            "eps_growth_year": null,
            "eps_4q": -2.42,
            "eps_4q_growth_year": -2731.32,
            "roe": -0.32,
            "roe_4q": -25.31,
            "gross_profit": 8913,
            "gross_margin": 12.49,
            "gross_margin_4q_avg": 3.49,
            "net_income": -2448,
            "net_income_4q": null,
            "revenue": 71342,
            "revenue_4q": null,
            "common_shares": 923501,
            "book_valuer_per_share": 8.4,
            "book_valuer_per_share_4q_avg": 8.16,
            "equity": 775738,
            "current_ratio": 79.27,
            "debt_ratio": 29.63,
            "inventory_turnover_ratio": 2.2,
            "account_receivable_turnover_ratio": null,
            "reinvestment_rate": null,
            "research_to_sale_ratio": null,
            "price_fair": 16.33,
            "eps_avg_yearly": 0.47,
            "eps_latest_yearly": 1.08,
            "eps_growth_yearly": 3422.22
        },
        "20054": {
            "year_quarter": 20054,
            "year": 2005,
            "quarter": 4,
            "eps": -0.03,
            "eps_growth_year": null,
            "eps_4q": 0.01,
            "eps_4q_growth_year": null,
            "roe": -0.31,
            "roe_4q": 0.08000000000000004,
            "gross_profit": 8908,
            "gross_margin": 7.7,
            "gross_margin_4q_avg": 6.01,
            "net_income": -2381,
            "net_income_4q": null,
            "revenue": 115650,
            "revenue_4q": null,
            "common_shares": 923500,
            "book_valuer_per_share": 8.36,
            "book_valuer_per_share_4q_avg": 8.24,
            "equity": 771709,
            "current_ratio": 123.48,
            "debt_ratio": 47.38,
            "inventory_turnover_ratio": 0.62,
            "account_receivable_turnover_ratio": null,
            "reinvestment_rate": null,
            "research_to_sale_ratio": null,
            "price_fair": 16.33,
            "eps_avg_yearly": 0.47,
            "eps_latest_yearly": 1.08,
            "eps_growth_yearly": 3422.22
        },
        "20061": {
            "year_quarter": 20061,
            "year": 2006,
            "quarter": 1,
            "eps": 0.01,
            "eps_growth_year": null,
            "eps_4q": 0.01,
            "eps_4q_growth_year": null,
            "roe": 0.08,
            "roe_4q": 0.12,
            "gross_profit": 13763,
            "gross_margin": 16.28,
            "gross_margin_4q_avg": 9.35,
            "net_income": 633,
            "net_income_4q": null,
            "revenue": 84541,
            "revenue_4q": null,
            "common_shares": 923500,
            "book_valuer_per_share": 8.33,
            "book_valuer_per_share_4q_avg": 8.3,
            "equity": 769199,
            "current_ratio": 78.09,
            "debt_ratio": 30.41,
            "inventory_turnover_ratio": 0.42,
            "account_receivable_turnover_ratio": null,
            "reinvestment_rate": null,
            "research_to_sale_ratio": null,
            "price_fair": 16.33,
            "eps_avg_yearly": 0.47,
            "eps_latest_yearly": 1.08,
            "eps_growth_yearly": 3422.22
        },
        "20062": {
            "year_quarter": 20062,
            "year": 2006,
            "quarter": 2,
            "eps": 0,
            "eps_growth_year": -100,
            "eps_4q": -0.05,
            "eps_4q_growth_year": null,
            "roe": -0.05,
            "roe_4q": -0.6000000000000001,
            "gross_profit": 9719,
            "gross_margin": 13.17,
            "gross_margin_4q_avg": 12.41,
            "net_income": -351,
            "net_income_4q": null,
            "revenue": 73799,
            "revenue_4q": null,
            "common_shares": 923500,
            "book_valuer_per_share": 8.33,
            "book_valuer_per_share_4q_avg": 8.36,
            "equity": 769575,
            "current_ratio": 85.58,
            "debt_ratio": 27.34,
            "inventory_turnover_ratio": 2.02,
            "account_receivable_turnover_ratio": null,
            "reinvestment_rate": null,
            "research_to_sale_ratio": null,
            "price_fair": 16.33,
            "eps_avg_yearly": 0.47,
            "eps_latest_yearly": 1.08,
            "eps_growth_yearly": 3422.22
        },
        "20063": {
            "year_quarter": 20063,
            "year": 2006,
            "quarter": 3,
            "eps": 0.04,
            "eps_growth_year": null,
            "eps_4q": 0.02,
            "eps_4q_growth_year": null,
            "roe": 0.48,
            "roe_4q": 0.2,
            "gross_profit": 12366,
            "gross_margin": 15.8,
            "gross_margin_4q_avg": 13.24,
            "net_income": 3707,
            "net_income_4q": null,
            "revenue": 78242,
            "revenue_4q": null,
            "common_shares": 923500,
            "book_valuer_per_share": 8.5,
            "book_valuer_per_share_4q_avg": 8.38,
            "equity": 784899,
            "current_ratio": 97.23,
            "debt_ratio": 27.73,
            "inventory_turnover_ratio": 2.19,
            "account_receivable_turnover_ratio": null,
            "reinvestment_rate": null,
            "research_to_sale_ratio": null,
            "price_fair": 16.33,
            "eps_avg_yearly": 0.47,
            "eps_latest_yearly": 1.08,
            "eps_growth_yearly": 3422.22
        },
        "20064": {
            "year_quarter": 20064,
            "year": 2006,
            "quarter": 4,
            "eps": 0.06,
            "eps_growth_year": null,
            "eps_4q": 0.11,
            "eps_4q_growth_year": 970.03,
            "roe": 0.65,
            "roe_4q": 1.16,
            "gross_profit": -3303,
            "gross_margin": -7.81,
            "gross_margin_4q_avg": 9.36,
            "net_income": 5092,
            "net_income_4q": null,
            "revenue": 42277,
            "revenue_4q": null,
            "common_shares": 923500,
            "book_valuer_per_share": 8.56,
            "book_valuer_per_share_4q_avg": 8.43,
            "equity": 790552,
            "current_ratio": 147.78,
            "debt_ratio": 43.91,
            "inventory_turnover_ratio": 0.27,
            "account_receivable_turnover_ratio": null,
            "reinvestment_rate": null,
            "research_to_sale_ratio": null,
            "price_fair": 14.35,
            "eps_avg_yearly": 0.41,
            "eps_latest_yearly": 0.24,
            "eps_growth_yearly": 2616.67
        },
        "20071": {
            "year_quarter": 20071,
            "year": 2007,
            "quarter": 1,
            "eps": 0.26,
            "eps_growth_year": 2500,
            "eps_4q": 0.35,
            "eps_4q_growth_year": 2674.92,
            "roe": 2.93,
            "roe_4q": 4.010000000000001,
            "gross_profit": 5793,
            "gross_margin": 11.52,
            "gross_margin_4q_avg": 8.17,
            "net_income": 23647,
            "net_income_4q": null,
            "revenue": 50298,
            "revenue_4q": null,
            "common_shares": 923500,
            "book_valuer_per_share": 8.89,
            "book_valuer_per_share_4q_avg": 8.57,
            "equity": 821439,
            "current_ratio": 442.43,
            "debt_ratio": 10.28,
            "inventory_turnover_ratio": 0.26,
            "account_receivable_turnover_ratio": null,
            "reinvestment_rate": null,
            "research_to_sale_ratio": null,
            "price_fair": 18.76,
            "eps_avg_yearly": 0.54,
            "eps_latest_yearly": 1.04,
            "eps_growth_yearly": 2360
        },
        "20072": {
            "year_quarter": 20072,
            "year": 2007,
            "quarter": 2,
            "eps": -0.36,
            "eps_growth_year": null,
            "eps_4q": -0.01,
            "eps_4q_growth_year": null,
            "roe": -4.09,
            "roe_4q": -0.029999999999999694,
            "gross_profit": 5025,
            "gross_margin": 12.03,
            "gross_margin_4q_avg": 7.89,
            "net_income": -32916,
            "net_income_4q": null,
            "revenue": 41772,
            "revenue_4q": null,
            "common_shares": 923500,
            "book_valuer_per_share": 8.55,
            "book_valuer_per_share_4q_avg": 8.63,
            "equity": 789699,
            "current_ratio": 482.72,
            "debt_ratio": 9.84,
            "inventory_turnover_ratio": 1.37,
            "account_receivable_turnover_ratio": null,
            "reinvestment_rate": null,
            "research_to_sale_ratio": null,
            "price_fair": 22.05,
            "eps_avg_yearly": 0.63,
            "eps_latest_yearly": 1.04,
            "eps_growth_yearly": 2983.33
        },
        "20073": {
            "year_quarter": 20073,
            "year": 2007,
            "quarter": 3,
            "eps": -0.27,
            "eps_growth_year": -775,
            "eps_4q": -0.32,
            "eps_4q_growth_year": -1925.74,
            "roe": -3.22,
            "roe_4q": -3.730000000000001,
            "gross_profit": 8194,
            "gross_margin": 21.2,
            "gross_margin_4q_avg": 9.24,
            "net_income": -25078,
            "net_income_4q": null,
            "revenue": 38660,
            "revenue_4q": null,
            "common_shares": 923500,
            "book_valuer_per_share": 8.32,
            "book_valuer_per_share_4q_avg": 8.58,
            "equity": 768733,
            "current_ratio": 377.3,
            "debt_ratio": 9.8,
            "inventory_turnover_ratio": 1.13,
            "account_receivable_turnover_ratio": null,
            "reinvestment_rate": null,
            "research_to_sale_ratio": null,
            "price_fair": 27.53,
            "eps_avg_yearly": 0.79,
            "eps_latest_yearly": 1.04,
            "eps_growth_yearly": 3977.78
        },
        "20074": {
            "year_quarter": 20074,
            "year": 2007,
            "quarter": 4,
            "eps": -1.46,
            "eps_growth_year": -2533.33,
            "eps_4q": -1.84,
            "eps_4q_growth_year": -1819.58,
            "roe": -19.2,
            "roe_4q": -23.58,
            "gross_profit": 10480,
            "gross_margin": 25.59,
            "gross_margin_4q_avg": 17.59,
            "net_income": -135047,
            "net_income_4q": null,
            "revenue": 40959,
            "revenue_4q": null,
            "common_shares": 923500,
            "book_valuer_per_share": 6.91,
            "book_valuer_per_share_4q_avg": 8.17,
            "equity": 637991,
            "current_ratio": 170.12,
            "debt_ratio": 39.03,
            "inventory_turnover_ratio": 0.28,
            "account_receivable_turnover_ratio": null,
            "reinvestment_rate": null,
            "research_to_sale_ratio": null,
            "price_fair": 27.53,
            "eps_avg_yearly": 0.79,
            "eps_latest_yearly": 1.04,
            "eps_growth_yearly": 3977.78
        },
        "20081": {
            "year_quarter": 20081,
            "year": 2008,
            "quarter": 1,
            "eps": -0.2,
            "eps_growth_year": -176.92,
            "eps_4q": -2.24,
            "eps_4q_growth_year": -735.49,
            "roe": -3.02,
            "roe_4q": -29.529999999999998,
            "gross_profit": 7535,
            "gross_margin": 4.34,
            "gross_margin_4q_avg": 15.79,
            "net_income": -18902,
            "net_income_4q": null,
            "revenue": 173487,
            "revenue_4q": null,
            "common_shares": 923500,
            "book_valuer_per_share": 6.65,
            "book_valuer_per_share_4q_avg": 7.61,
            "equity": 614553,
            "current_ratio": 176.07,
            "debt_ratio": 36.77,
            "inventory_turnover_ratio": 0.83,
            "account_receivable_turnover_ratio": null,
            "reinvestment_rate": null,
            "research_to_sale_ratio": null,
            "price_fair": 27.53,
            "eps_avg_yearly": 0.79,
            "eps_latest_yearly": 1.04,
            "eps_growth_yearly": 3977.78
        },
        "20082": {
            "year_quarter": 20082,
            "year": 2008,
            "quarter": 2,
            "eps": -0.49,
            "eps_growth_year": null,
            "eps_4q": -2.43,
            "eps_4q_growth_year": null,
            "roe": -7.65,
            "roe_4q": -33.089999999999996,
            "gross_profit": -1043,
            "gross_margin": -0.61,
            "gross_margin_4q_avg": 12.63,
            "net_income": -45321,
            "net_income_4q": null,
            "revenue": 171110,
            "revenue_4q": null,
            "common_shares": 923500,
            "book_valuer_per_share": 6.17,
            "book_valuer_per_share_4q_avg": 7.01,
            "equity": 570095,
            "current_ratio": 245.65,
            "debt_ratio": 42.33,
            "inventory_turnover_ratio": 1.62,
            "account_receivable_turnover_ratio": null,
            "reinvestment_rate": null,
            "research_to_sale_ratio": null,
            "price_fair": 22.4,
            "eps_avg_yearly": 0.64,
            "eps_latest_yearly": 1.04,
            "eps_growth_yearly": 766.67
        },
        "20083": {
            "year_quarter": 20083,
            "year": 2008,
            "quarter": 3,
            "eps": -4.16,
            "eps_growth_year": null,
            "eps_4q": -6.31,
            "eps_4q_growth_year": null,
            "roe": -112.28,
            "roe_4q": -142.15,
            "gross_profit": 10592,
            "gross_margin": 8.45,
            "gross_margin_4q_avg": 9.44,
            "net_income": -383259,
            "net_income_4q": null,
            "revenue": 125325,
            "revenue_4q": null,
            "common_shares": 923500,
            "book_valuer_per_share": 1.22,
            "book_valuer_per_share_4q_avg": 5.24,
            "equity": 112614,
            "current_ratio": 123.64,
            "debt_ratio": 53.22,
            "inventory_turnover_ratio": 37.05,
            "account_receivable_turnover_ratio": null,
            "reinvestment_rate": null,
            "research_to_sale_ratio": null,
            "price_fair": 22.4,
            "eps_avg_yearly": 0.64,
            "eps_latest_yearly": 1.04,
            "eps_growth_yearly": 766.67
        },
        "20084": {
            "year_quarter": 20084,
            "year": 2008,
            "quarter": 4,
            "eps": -0.18,
            "eps_growth_year": null,
            "eps_4q": -5.02,
            "eps_4q_growth_year": null,
            "roe": -15.5,
            "roe_4q": -138.45000000000002,
            "gross_profit": -19801,
            "gross_margin": -27.83,
            "gross_margin_4q_avg": -3.91,
            "net_income": -16367,
            "net_income_4q": null,
            "revenue": 71157,
            "revenue_4q": null,
            "common_shares": 923500,
            "book_valuer_per_share": 1.07,
            "book_valuer_per_share_4q_avg": 3.78,
            "equity": 98632,
            "current_ratio": 146.76,
            "debt_ratio": 56.42,
            "inventory_turnover_ratio": 48.11,
            "account_receivable_turnover_ratio": 1.47,
            "reinvestment_rate": null,
            "research_to_sale_ratio": null,
            "price_fair": 22.4,
            "eps_avg_yearly": 0.64,
            "eps_latest_yearly": 1.04,
            "eps_growth_yearly": 766.67
        },
        "20091": {
            "year_quarter": 20091,
            "year": 2009,
            "quarter": 1,
            "eps": -0.1,
            "eps_growth_year": null,
            "eps_4q": -4.92,
            "eps_4q_growth_year": null,
            "roe": -9.9,
            "roe_4q": -145.33,
            "gross_profit": 621,
            "gross_margin": 4.91,
            "gross_margin_4q_avg": -3.77,
            "net_income": -9307,
            "net_income_4q": null,
            "revenue": 12644,
            "revenue_4q": null,
            "common_shares": 923500,
            "book_valuer_per_share": 0.97,
            "book_valuer_per_share_4q_avg": 2.36,
            "equity": 89325,
            "current_ratio": 131.19,
            "debt_ratio": 59.16,
            "inventory_turnover_ratio": null,
            "account_receivable_turnover_ratio": 0.26,
            "reinvestment_rate": null,
            "research_to_sale_ratio": null,
            "price_fair": 22.4,
            "eps_avg_yearly": 0.64,
            "eps_latest_yearly": 1.04,
            "eps_growth_yearly": 766.67
        },
        "20092": {
            "year_quarter": 20092,
            "year": 2009,
            "quarter": 2,
            "eps": -0.2,
            "eps_growth_year": null,
            "eps_4q": -4.44,
            "eps_4q_growth_year": null,
            "roe": -18.4,
            "roe_4q": -156.07999999999998,
            "gross_profit": 394,
            "gross_margin": 0.86,
            "gross_margin_4q_avg": -3.4,
            "net_income": -18424,
            "net_income_4q": null,
            "revenue": 45552,
            "revenue_4q": null,
            "common_shares": 963500,
            "book_valuer_per_share": 1.15,
            "book_valuer_per_share_4q_avg": 1.1,
            "equity": 110901,
            "current_ratio": 245.4,
            "debt_ratio": 26.99,
            "inventory_turnover_ratio": 108.95,
            "account_receivable_turnover_ratio": 0.56,
            "reinvestment_rate": null,
            "research_to_sale_ratio": null,
            "price_fair": 22.4,
            "eps_avg_yearly": 0.64,
            "eps_latest_yearly": 1.04,
            "eps_growth_yearly": 766.67
        },
        "20093": {
            "year_quarter": 20093,
            "year": 2009,
            "quarter": 3,
            "eps": -0.12,
            "eps_growth_year": null,
            "eps_4q": -0.54,
            "eps_4q_growth_year": null,
            "roe": -8.18,
            "roe_4q": -51.98,
            "gross_profit": 950,
            "gross_margin": 1.69,
            "gross_margin_4q_avg": -5.09,
            "net_income": -11029,
            "net_income_4q": null,
            "revenue": 56189,
            "revenue_4q": null,
            "common_shares": 1022500,
            "book_valuer_per_share": 1.55,
            "book_valuer_per_share_4q_avg": 1.19,
            "equity": 158872,
            "current_ratio": 382.37,
            "debt_ratio": 19.22,
            "inventory_turnover_ratio": 79.71,
            "account_receivable_turnover_ratio": 1.01,
            "reinvestment_rate": null,
            "research_to_sale_ratio": null,
            "price_fair": 22.4,
            "eps_avg_yearly": 0.64,
            "eps_latest_yearly": 1.04,
            "eps_growth_yearly": 766.67
        },
        "20094": {
            "year_quarter": 20094,
            "year": 2009,
            "quarter": 4,
            "eps": -0.35,
            "eps_growth_year": null,
            "eps_4q": -0.72,
            "eps_4q_growth_year": null,
            "roe": -24.4,
            "roe_4q": -60.879999999999995,
            "gross_profit": 1640,
            "gross_margin": 2.3,
            "gross_margin_4q_avg": 2.44,
            "net_income": -34548,
            "net_income_4q": null,
            "revenue": 71173,
            "revenue_4q": null,
            "common_shares": 1022500,
            "book_valuer_per_share": 1.22,
            "book_valuer_per_share_4q_avg": 1.22,
            "equity": 124324,
            "current_ratio": 395.58,
            "debt_ratio": 18.44,
            "inventory_turnover_ratio": 72.32,
            "account_receivable_turnover_ratio": 1.55,
            "reinvestment_rate": null,
            "research_to_sale_ratio": null,
            "price_fair": 22.4,
            "eps_avg_yearly": 0.64,
            "eps_latest_yearly": 1.04,
            "eps_growth_yearly": 766.67
        },
        "20101": {
            "year_quarter": 20101,
            "year": 2010,
            "quarter": 1,
            "eps": -0.19,
            "eps_growth_year": null,
            "eps_4q": -0.81,
            "eps_4q_growth_year": null,
            "roe": -16.57,
            "roe_4q": -67.55,
            "gross_profit": 2739,
            "gross_margin": 3.17,
            "gross_margin_4q_avg": 2.01,
            "net_income": -19020,
            "net_income_4q": null,
            "revenue": 86286,
            "revenue_4q": null,
            "common_shares": 1022500,
            "book_valuer_per_share": 1.03,
            "book_valuer_per_share_4q_avg": 1.24,
            "equity": 105304,
            "current_ratio": 269.7,
            "debt_ratio": 26.28,
            "inventory_turnover_ratio": 65.27,
            "account_receivable_turnover_ratio": 1.11,
            "reinvestment_rate": null,
            "research_to_sale_ratio": 0.69,
            "price_fair": 22.4,
            "eps_avg_yearly": 0.64,
            "eps_latest_yearly": 1.04,
            "eps_growth_yearly": 766.67
        },
        "20102": {
            "year_quarter": 20102,
            "year": 2010,
            "quarter": 2,
            "eps": -0.23,
            "eps_growth_year": null,
            "eps_4q": -0.86,
            "eps_4q_growth_year": null,
            "roe": -25.21,
            "roe_4q": -74.36000000000001,
            "gross_profit": 1241,
            "gross_margin": 1.69,
            "gross_margin_4q_avg": 2.21,
            "net_income": -23578,
            "net_income_4q": null,
            "revenue": 73277,
            "revenue_4q": null,
            "common_shares": 1022500,
            "book_valuer_per_share": 0.8,
            "book_valuer_per_share_4q_avg": 1.15,
            "equity": 81726,
            "current_ratio": 109.84,
            "debt_ratio": 60.95,
            "inventory_turnover_ratio": 60.43,
            "account_receivable_turnover_ratio": 1.49,
            "reinvestment_rate": null,
            "research_to_sale_ratio": 0.7,
            "price_fair": 22.4,
            "eps_avg_yearly": 0.64,
            "eps_latest_yearly": 1.04,
            "eps_growth_yearly": 766.67
        },
        "20103": {
            "year_quarter": 20103,
            "year": 2010,
            "quarter": 3,
            "eps": 0.45,
            "eps_growth_year": null,
            "eps_4q": -0.31,
            "eps_4q_growth_year": null,
            "roe": 43.79,
            "roe_4q": -22.39,
            "gross_profit": 601,
            "gross_margin": 4.18,
            "gross_margin_4q_avg": 2.84,
            "net_income": 45822,
            "net_income_4q": null,
            "revenue": 14384,
            "revenue_4q": null,
            "common_shares": 1022500,
            "book_valuer_per_share": 1.25,
            "book_valuer_per_share_4q_avg": 1.08,
            "equity": 127549,
            "current_ratio": 293.81,
            "debt_ratio": 7.86,
            "inventory_turnover_ratio": 12.23,
            "account_receivable_turnover_ratio": 0.59,
            "reinvestment_rate": null,
            "research_to_sale_ratio": 3.91,
            "price_fair": 22.4,
            "eps_avg_yearly": 0.64,
            "eps_latest_yearly": 1.04,
            "eps_growth_yearly": 766.67
        },
        "20104": {
            "year_quarter": 20104,
            "year": 2010,
            "quarter": 4,
            "eps": -0.12,
            "eps_growth_year": null,
            "eps_4q": -0.09,
            "eps_4q_growth_year": null,
            "roe": -10.47,
            "roe_4q": -8.46,
            "gross_profit": -778,
            "gross_margin": -688.5,
            "gross_margin_4q_avg": -169.87,
            "net_income": -12688,
            "net_income_4q": null,
            "revenue": 113,
            "revenue_4q": null,
            "common_shares": 1022500,
            "book_valuer_per_share": 1.12,
            "book_valuer_per_share_4q_avg": 1.05,
            "equity": 114860,
            "current_ratio": 268.93,
            "debt_ratio": 4.69,
            "inventory_turnover_ratio": 1.45,
            "account_receivable_turnover_ratio": 0.01,
            "reinvestment_rate": null,
            "research_to_sale_ratio": 195.58,
            "price_fair": 36.4,
            "eps_avg_yearly": 1.04,
            "eps_latest_yearly": 1.04,
            "eps_growth_yearly": 1333.33
        },
        "20111": {
            "year_quarter": 20111,
            "year": 2011,
            "quarter": 1,
            "eps": -0.1,
            "eps_growth_year": null,
            "eps_4q": -0.01,
            "eps_4q_growth_year": null,
            "roe": -9.21,
            "roe_4q": -1.1000000000000014,
            "gross_profit": -163,
            "gross_margin": null,
            "gross_margin_4q_avg": -170.66,
            "net_income": -10110,
            "net_income_4q": null,
            "revenue": 0,
            "revenue_4q": null,
            "common_shares": 1022500,
            "book_valuer_per_share": 1.02,
            "book_valuer_per_share_4q_avg": 1.05,
            "equity": 104750,
            "current_ratio": 21.2,
            "debt_ratio": 37.58,
            "inventory_turnover_ratio": 2,
            "account_receivable_turnover_ratio": 0,
            "reinvestment_rate": null,
            "research_to_sale_ratio": null,
            "price_fair": 0,
            "eps_avg_yearly": 0,
            "eps_latest_yearly": 0,
            "eps_growth_yearly": 0
        },
        "20112": {
            "year_quarter": 20112,
            "year": 2011,
            "quarter": 2,
            "eps": -0.11,
            "eps_growth_year": null,
            "eps_4q": 0.11,
            "eps_4q_growth_year": null,
            "roe": -11.79,
            "roe_4q": 12.32,
            "gross_profit": 623,
            "gross_margin": 7.86,
            "gross_margin_4q_avg": -169.12,
            "net_income": -11667,
            "net_income_4q": null,
            "revenue": 7923,
            "revenue_4q": null,
            "common_shares": 1022500,
            "book_valuer_per_share": 0.91,
            "book_valuer_per_share_4q_avg": 1.08,
            "equity": 93083,
            "current_ratio": 25.21,
            "debt_ratio": 45,
            "inventory_turnover_ratio": null,
            "account_receivable_turnover_ratio": 2.01,
            "reinvestment_rate": null,
            "research_to_sale_ratio": 0,
            "price_fair": 0,
            "eps_avg_yearly": 0,
            "eps_latest_yearly": 0,
            "eps_growth_yearly": 0
        },
        "20113": {
            "year_quarter": 20113,
            "year": 2011,
            "quarter": 3,
            "eps": -0.07,
            "eps_growth_year": -115.83,
            "eps_4q": -0.69,
            "eps_4q_growth_year": null,
            "roe": -2.82,
            "roe_4q": -34.29,
            "gross_profit": 49,
            "gross_margin": 2.19,
            "gross_margin_4q_avg": -169.61,
            "net_income": -3958,
            "net_income_4q": null,
            "revenue": 2241,
            "revenue_4q": null,
            "common_shares": 557875,
            "book_valuer_per_share": 3.35,
            "book_valuer_per_share_4q_avg": 1.6,
            "equity": 187125,
            "current_ratio": 846.86,
            "debt_ratio": 2.6,
            "inventory_turnover_ratio": null,
            "account_receivable_turnover_ratio": 0.57,
            "reinvestment_rate": null,
            "research_to_sale_ratio": 0,
            "price_fair": 0,
            "eps_avg_yearly": 0,
            "eps_latest_yearly": 0,
            "eps_growth_yearly": 0
        },
        "20114": {
            "year_quarter": 20114,
            "year": 2011,
            "quarter": 4,
            "eps": -0.03,
            "eps_growth_year": null,
            "eps_4q": -0.49,
            "eps_4q_growth_year": null,
            "roe": -0.84,
            "roe_4q": -24.66,
            "gross_profit": 1474,
            "gross_margin": 3.07,
            "gross_margin_4q_avg": 3.28,
            "net_income": -1572,
            "net_income_4q": null,
            "revenue": 48048,
            "revenue_4q": null,
            "common_shares": 557875,
            "book_valuer_per_share": 3.33,
            "book_valuer_per_share_4q_avg": 2.15,
            "equity": 185553,
            "current_ratio": 463.62,
            "debt_ratio": 5.54,
            "inventory_turnover_ratio": null,
            "account_receivable_turnover_ratio": 2.87,
            "reinvestment_rate": null,
            "research_to_sale_ratio": 0,
            "price_fair": 0,
            "eps_avg_yearly": 0,
            "eps_latest_yearly": 0,
            "eps_growth_yearly": 0
        },
        "20121": {
            "year_quarter": 20121,
            "year": 2012,
            "quarter": 1,
            "eps": -0.04,
            "eps_growth_year": null,
            "eps_4q": -0.35,
            "eps_4q_growth_year": null,
            "roe": -1.27,
            "roe_4q": -16.72,
            "gross_profit": 360,
            "gross_margin": 2.2,
            "gross_margin_4q_avg": 3.83,
            "net_income": -2348,
            "net_income_4q": null,
            "revenue": 16353,
            "revenue_4q": null,
            "common_shares": 557875,
            "book_valuer_per_share": 3.28,
            "book_valuer_per_share_4q_avg": 2.72,
            "equity": 183204,
            "current_ratio": 162.56,
            "debt_ratio": 22.83,
            "inventory_turnover_ratio": 4.38,
            "account_receivable_turnover_ratio": 0.74,
            "reinvestment_rate": null,
            "research_to_sale_ratio": 0,
            "price_fair": 0,
            "eps_avg_yearly": 0,
            "eps_latest_yearly": 0,
            "eps_growth_yearly": 0
        },
        "20122": {
            "year_quarter": 20122,
            "year": 2012,
            "quarter": 2,
            "eps": -1.47,
            "eps_growth_year": null,
            "eps_4q": -1.62,
            "eps_4q_growth_year": -1554.51,
            "roe": -57.89,
            "roe_4q": -62.82000000000001,
            "gross_profit": 2325,
            "gross_margin": 3.38,
            "gross_margin_4q_avg": 2.71,
            "net_income": -82249,
            "net_income_4q": null,
            "revenue": 68697,
            "revenue_4q": null,
            "common_shares": 557875,
            "book_valuer_per_share": 1.81,
            "book_valuer_per_share_4q_avg": 2.94,
            "equity": 100956,
            "current_ratio": 243.47,
            "debt_ratio": 18.61,
            "inventory_turnover_ratio": 18.17,
            "account_receivable_turnover_ratio": 3.31,
            "reinvestment_rate": null,
            "research_to_sale_ratio": 0,
            "price_fair": 0,
            "eps_avg_yearly": 0,
            "eps_latest_yearly": 0,
            "eps_growth_yearly": 0
        },
        "20123": {
            "year_quarter": 20123,
            "year": 2012,
            "quarter": 3,
            "eps": 0.2,
            "eps_growth_year": null,
            "eps_4q": -4.51,
            "eps_4q_growth_year": null,
            "roe": 3.52,
            "roe_4q": -56.480000000000004,
            "gross_profit": 6319,
            "gross_margin": 10.01,
            "gross_margin_4q_avg": 4.67,
            "net_income": 3621,
            "net_income_4q": null,
            "revenue": 63113,
            "revenue_4q": null,
            "common_shares": 183147,
            "book_valuer_per_share": 5.71,
            "book_valuer_per_share_4q_avg": 3.53,
            "equity": 104576,
            "current_ratio": 317.78,
            "debt_ratio": 13.91,
            "inventory_turnover_ratio": null,
            "account_receivable_turnover_ratio": 2.36,
            "reinvestment_rate": null,
            "research_to_sale_ratio": 0,
            "price_fair": 0,
            "eps_avg_yearly": 0,
            "eps_latest_yearly": 0,
            "eps_growth_yearly": 0
        },
        "20124": {
            "year_quarter": 20124,
            "year": 2012,
            "quarter": 4,
            "eps": -0.2,
            "eps_growth_year": null,
            "eps_4q": -4.62,
            "eps_4q_growth_year": null,
            "roe": -3.48,
            "roe_4q": -59.120000000000005,
            "gross_profit": -3,
            "gross_margin": -0.01,
            "gross_margin_4q_avg": 3.9,
            "net_income": -3574,
            "net_income_4q": null,
            "revenue": 55619,
            "revenue_4q": null,
            "common_shares": 183147,
            "book_valuer_per_share": 5.51,
            "book_valuer_per_share_4q_avg": 4.08,
            "equity": 101003,
            "current_ratio": 327.09,
            "debt_ratio": 12.67,
            "inventory_turnover_ratio": null,
            "account_receivable_turnover_ratio": 4.88,
            "reinvestment_rate": null,
            "research_to_sale_ratio": 0,
            "price_fair": 0,
            "eps_avg_yearly": 0,
            "eps_latest_yearly": 0,
            "eps_growth_yearly": 0
        },
        "20131": {
            "year_quarter": 20131,
            "year": 2013,
            "quarter": 1,
            "eps": 0.06,
            "eps_growth_year": null,
            "eps_4q": -3.21,
            "eps_4q_growth_year": null,
            "roe": 0.76,
            "roe_4q": -57.09,
            "gross_profit": 3403,
            "gross_margin": 10.75,
            "gross_margin_4q_avg": 6.03,
            "net_income": 1029,
            "net_income_4q": null,
            "revenue": 31659,
            "revenue_4q": null,
            "common_shares": 253147,
            "book_valuer_per_share": 6.74,
            "book_valuer_per_share_4q_avg": 4.94,
            "equity": 170632,
            "current_ratio": 846.44,
            "debt_ratio": 7.43,
            "inventory_turnover_ratio": null,
            "account_receivable_turnover_ratio": null,
            "reinvestment_rate": null,
            "research_to_sale_ratio": 0,
            "price_fair": 0,
            "eps_avg_yearly": 0,
            "eps_latest_yearly": 0,
            "eps_growth_yearly": 0
        },
        "20132": {
            "year_quarter": 20132,
            "year": 2013,
            "quarter": 2,
            "eps": 0.01,
            "eps_growth_year": null,
            "eps_4q": 0.05,
            "eps_4q_growth_year": null,
            "roe": 0.09,
            "roe_4q": 0.8900000000000001,
            "gross_profit": 3719,
            "gross_margin": 10.75,
            "gross_margin_4q_avg": 7.88,
            "net_income": 156,
            "net_income_4q": null,
            "revenue": 34592,
            "revenue_4q": null,
            "common_shares": 253147,
            "book_valuer_per_share": 6.75,
            "book_valuer_per_share_4q_avg": 6.18,
            "equity": 170788,
            "current_ratio": 935.06,
            "debt_ratio": 6.57,
            "inventory_turnover_ratio": null,
            "account_receivable_turnover_ratio": null,
            "reinvestment_rate": null,
            "research_to_sale_ratio": 0,
            "price_fair": 0.12,
            "eps_avg_yearly": 0.04,
            "eps_latest_yearly": 0.04,
            "eps_growth_yearly": -333.33
        },
        "20133": {
            "year_quarter": 20133,
            "year": 2013,
            "quarter": 3,
            "eps": 0.08,
            "eps_growth_year": -59.54,
            "eps_4q": -0.01,
            "eps_4q_growth_year": null,
            "roe": 1.24,
            "roe_4q": -1.3900000000000001,
            "gross_profit": 3835,
            "gross_margin": 10.75,
            "gross_margin_4q_avg": 8.06,
            "net_income": 2134,
            "net_income_4q": null,
            "revenue": 35675,
            "revenue_4q": null,
            "common_shares": 253147,
            "book_valuer_per_share": 6.83,
            "book_valuer_per_share_4q_avg": 6.46,
            "equity": 172922,
            "current_ratio": 188.75,
            "debt_ratio": 17.82,
            "inventory_turnover_ratio": null,
            "account_receivable_turnover_ratio": null,
            "reinvestment_rate": null,
            "research_to_sale_ratio": 0,
            "price_fair": 6.3,
            "eps_avg_yearly": 0.18,
            "eps_latest_yearly": 0.32,
            "eps_growth_yearly": 1233.33
        },
        "20134": {
            "year_quarter": 20134,
            "year": 2013,
            "quarter": 4,
            "eps": 0.05,
            "eps_growth_year": null,
            "eps_4q": 0.18,
            "eps_4q_growth_year": null,
            "roe": 0.67,
            "roe_4q": 2.76,
            "gross_profit": 200,
            "gross_margin": 0.5,
            "gross_margin_4q_avg": 8.19,
            "net_income": 1162,
            "net_income_4q": null,
            "revenue": 39805,
            "revenue_4q": null,
            "common_shares": 253147,
            "book_valuer_per_share": 6.88,
            "book_valuer_per_share_4q_avg": 6.8,
            "equity": 174084,
            "current_ratio": 27.61,
            "debt_ratio": 19.25,
            "inventory_turnover_ratio": null,
            "account_receivable_turnover_ratio": null,
            "reinvestment_rate": null,
            "research_to_sale_ratio": 0,
            "price_fair": 6.53,
            "eps_avg_yearly": 0.19,
            "eps_latest_yearly": 0.2,
            "eps_growth_yearly": 772.22
        },
        "20141": {
            "year_quarter": 20141,
            "year": 2014,
            "quarter": 1,
            "eps": 0.06,
            "eps_growth_year": 0,
            "eps_4q": 0.2,
            "eps_4q_growth_year": null,
            "roe": 0.9,
            "roe_4q": 2.9,
            "gross_profit": 3269,
            "gross_margin": 7.39,
            "gross_margin_4q_avg": 7.35,
            "net_income": 1569,
            "net_income_4q": null,
            "revenue": 44257,
            "revenue_4q": null,
            "common_shares": 253147,
            "book_valuer_per_share": 6.94,
            "book_valuer_per_share_4q_avg": 6.85,
            "equity": 175653,
            "current_ratio": 21.88,
            "debt_ratio": 32.34,
            "inventory_turnover_ratio": null,
            "account_receivable_turnover_ratio": null,
            "reinvestment_rate": null,
            "research_to_sale_ratio": 0,
            "price_fair": 7,
            "eps_avg_yearly": 0.2,
            "eps_latest_yearly": 0.24,
            "eps_growth_yearly": 599.17
        },
        "20142": {
            "year_quarter": 20142,
            "year": 2014,
            "quarter": 2,
            "eps": 0.12,
            "eps_growth_year": 1100,
            "eps_4q": 0.31,
            "eps_4q_growth_year": 531.42,
            "roe": 1.65,
            "roe_4q": 4.46,
            "gross_profit": 6054,
            "gross_margin": 12.07,
            "gross_margin_4q_avg": 7.68,
            "net_income": 2914,
            "net_income_4q": null,
            "revenue": 50152,
            "revenue_4q": null,
            "common_shares": 253147,
            "book_valuer_per_share": 7.05,
            "book_valuer_per_share_4q_avg": 6.93,
            "equity": 178567,
            "current_ratio": 32.85,
            "debt_ratio": 34,
            "inventory_turnover_ratio": null,
            "account_receivable_turnover_ratio": null,
            "reinvestment_rate": null,
            "research_to_sale_ratio": 0,
            "price_fair": 8.96,
            "eps_avg_yearly": 0.26,
            "eps_latest_yearly": 0.48,
            "eps_growth_yearly": 559.33
        },
        "20143": {
            "year_quarter": 20143,
            "year": 2014,
            "quarter": 3,
            "eps": 0.38,
            "eps_growth_year": 375,
            "eps_4q": 0.66,
            "eps_4q_growth_year": null,
            "roe": 4.22,
            "roe_4q": 7.4399999999999995,
            "gross_profit": 6430,
            "gross_margin": 12.13,
            "gross_margin_4q_avg": 8.02,
            "net_income": 7705,
            "net_income_4q": null,
            "revenue": 52996,
            "revenue_4q": null,
            "common_shares": 203147,
            "book_valuer_per_share": 9.17,
            "book_valuer_per_share_4q_avg": 7.51,
            "equity": 186272,
            "current_ratio": 48.23,
            "debt_ratio": 37.61,
            "inventory_turnover_ratio": null,
            "account_receivable_turnover_ratio": null,
            "reinvestment_rate": null,
            "research_to_sale_ratio": 0,
            "price_fair": 16.33,
            "eps_avg_yearly": 0.47,
            "eps_latest_yearly": 1.52,
            "eps_growth_yearly": 610.56
        },
        "20144": {
            "year_quarter": 20144,
            "year": 2014,
            "quarter": 4,
            "eps": 1.01,
            "eps_growth_year": 2095.42,
            "eps_4q": 1.61,
            "eps_4q_growth_year": 808.25,
            "roe": 10.42,
            "roe_4q": 17.189999999999998,
            "gross_profit": 1931,
            "gross_margin": 3.13,
            "gross_margin_4q_avg": 8.68,
            "net_income": 20472,
            "net_income_4q": null,
            "revenue": 61696,
            "revenue_4q": null,
            "common_shares": 203147,
            "book_valuer_per_share": 10.18,
            "book_valuer_per_share_4q_avg": 8.34,
            "equity": 206744,
            "current_ratio": 75.28,
            "debt_ratio": 32.35,
            "inventory_turnover_ratio": null,
            "account_receivable_turnover_ratio": 43.2,
            "reinvestment_rate": null,
            "research_to_sale_ratio": 0,
            "price_fair": 34.2,
            "eps_avg_yearly": 0.98,
            "eps_latest_yearly": 4.04,
            "eps_growth_yearly": 618.07
        },
        "20151": {
            "year_quarter": 20151,
            "year": 2015,
            "quarter": 1,
            "eps": 3.8,
            "eps_growth_year": 6233.33,
            "eps_4q": 4.86,
            "eps_4q_growth_year": 2348.24,
            "roe": 30.19,
            "roe_4q": 46.48,
            "gross_profit": 6922,
            "gross_margin": 13.14,
            "gross_margin_4q_avg": 10.12,
            "net_income": 82123,
            "net_income_4q": null,
            "revenue": 52668,
            "revenue_4q": null,
            "common_shares": 233147,
            "book_valuer_per_share": 14.47,
            "book_valuer_per_share_4q_avg": 10.22,
            "equity": 337347,
            "current_ratio": 585.17,
            "debt_ratio": 16.03,
            "inventory_turnover_ratio": null,
            "account_receivable_turnover_ratio": 9.22,
            "reinvestment_rate": 127.87,
            "research_to_sale_ratio": 0,
            "price_fair": 96.43,
            "eps_avg_yearly": 2.76,
            "eps_latest_yearly": 15.2,
            "eps_growth_yearly": 678.93
        },
        "20152": {
            "year_quarter": 20152,
            "year": 2015,
            "quarter": 2,
            "eps": -0.13,
            "eps_growth_year": -208.33,
            "eps_4q": 4.6,
            "eps_4q_growth_year": 1397.92,
            "roe": -0.89,
            "roe_4q": 43.94,
            "gross_profit": 5357,
            "gross_margin": 10.44,
            "gross_margin_4q_avg": 9.71,
            "net_income": -2983,
            "net_income_4q": null,
            "revenue": 51336,
            "revenue_4q": null,
            "common_shares": 233147,
            "book_valuer_per_share": 14.34,
            "book_valuer_per_share_4q_avg": 12.04,
            "equity": 334364,
            "current_ratio": 2118.09,
            "debt_ratio": 5.27,
            "inventory_turnover_ratio": null,
            "account_receivable_turnover_ratio": 4.06,
            "reinvestment_rate": 45.53,
            "research_to_sale_ratio": 0,
            "price_fair": 96.43,
            "eps_avg_yearly": 2.76,
            "eps_latest_yearly": 15.2,
            "eps_growth_yearly": 678.93
        },
        "20153": {
            "year_quarter": 20153,
            "year": 2015,
            "quarter": 3,
            "eps": -0.08,
            "eps_growth_year": -121.05,
            "eps_4q": 4.19,
            "eps_4q_growth_year": 538.24,
            "roe": -0.55,
            "roe_4q": 39.17,
            "gross_profit": 1427,
            "gross_margin": 1.62,
            "gross_margin_4q_avg": 7.08,
            "net_income": -1824,
            "net_income_4q": null,
            "revenue": 87995,
            "revenue_4q": null,
            "common_shares": 233147,
            "book_valuer_per_share": 14.26,
            "book_valuer_per_share_4q_avg": 13.31,
            "equity": 332540,
            "current_ratio": 5180.94,
            "debt_ratio": 17.06,
            "inventory_turnover_ratio": null,
            "account_receivable_turnover_ratio": 3.09,
            "reinvestment_rate": -180.83,
            "research_to_sale_ratio": 0,
            "price_fair": 96.43,
            "eps_avg_yearly": 2.76,
            "eps_latest_yearly": 15.2,
            "eps_growth_yearly": 678.93
        },
        "20154": {
            "year_quarter": 20154,
            "year": 2015,
            "quarter": 4,
            "eps": -0.46,
            "eps_growth_year": -145.83,
            "eps_4q": 2.85,
            "eps_4q_growth_year": 77.54,
            "roe": -3.29,
            "roe_4q": 25.46,
            "gross_profit": 2821,
            "gross_margin": 2.6,
            "gross_margin_4q_avg": 6.95,
            "net_income": -10767,
            "net_income_4q": null,
            "revenue": 108683,
            "revenue_4q": null,
            "common_shares": 233147,
            "book_valuer_per_share": 13.8,
            "book_valuer_per_share_4q_avg": 14.22,
            "equity": 321773,
            "current_ratio": 1216.92,
            "debt_ratio": 21.18,
            "inventory_turnover_ratio": null,
            "account_receivable_turnover_ratio": 1.46,
            "reinvestment_rate": -249.36,
            "research_to_sale_ratio": 0,
            "price_fair": 96.43,
            "eps_avg_yearly": 2.76,
            "eps_latest_yearly": 15.2,
            "eps_growth_yearly": 678.93
        },
        "20161": {
            "year_quarter": 20161,
            "year": 2016,
            "quarter": 1,
            "eps": 0.71,
            "eps_growth_year": -81.32,
            "eps_4q": 0.05,
            "eps_4q_growth_year": -99.07,
            "roe": 5.04,
            "roe_4q": 0.30999999999999994,
            "gross_profit": 5546,
            "gross_margin": 3.37,
            "gross_margin_4q_avg": 4.51,
            "net_income": 16629,
            "net_income_4q": null,
            "revenue": 164573,
            "revenue_4q": null,
            "common_shares": 233147,
            "book_valuer_per_share": 14.51,
            "book_valuer_per_share_4q_avg": 14.23,
            "equity": 338402,
            "current_ratio": 1363.18,
            "debt_ratio": 5.96,
            "inventory_turnover_ratio": 6.47,
            "account_receivable_turnover_ratio": 1.87,
            "reinvestment_rate": -118.86,
            "research_to_sale_ratio": 0,
            "price_fair": 96.43,
            "eps_avg_yearly": 2.76,
            "eps_latest_yearly": 15.2,
            "eps_growth_yearly": 678.93
        },
        "20162": {
            "year_quarter": 20162,
            "year": 2016,
            "quarter": 2,
            "eps": 0.15,
            "eps_growth_year": null,
            "eps_4q": 0.26,
            "eps_4q_growth_year": -94.44,
            "roe": 1.02,
            "roe_4q": 2.2200000000000006,
            "gross_profit": 7864,
            "gross_margin": 4.92,
            "gross_margin_4q_avg": 3.13,
            "net_income": 3463,
            "net_income_4q": null,
            "revenue": 160000,
            "revenue_4q": null,
            "common_shares": 233147,
            "book_valuer_per_share": 14.66,
            "book_valuer_per_share_4q_avg": 14.31,
            "equity": 341865,
            "current_ratio": 529.17,
            "debt_ratio": 15.72,
            "inventory_turnover_ratio": 6.19,
            "account_receivable_turnover_ratio": 2.21,
            "reinvestment_rate": 29.06,
            "research_to_sale_ratio": 0,
            "price_fair": 88.04,
            "eps_avg_yearly": 2.52,
            "eps_latest_yearly": 0.6,
            "eps_growth_yearly": 568.44
        },
        "20163": {
            "year_quarter": 20163,
            "year": 2016,
            "quarter": 3,
            "eps": 0.03,
            "eps_growth_year": null,
            "eps_4q": 0.35,
            "eps_4q_growth_year": -91.74,
            "roe": 0.24,
            "roe_4q": 3.01,
            "gross_profit": 3783,
            "gross_margin": 3.93,
            "gross_margin_4q_avg": 3.71,
            "net_income": 825,
            "net_income_4q": null,
            "revenue": 96171,
            "revenue_4q": null,
            "common_shares": 233147,
            "book_valuer_per_share": 14.7,
            "book_valuer_per_share_4q_avg": 14.42,
            "equity": 342690,
            "current_ratio": 2924.9,
            "debt_ratio": 2.72,
            "inventory_turnover_ratio": null,
            "account_receivable_turnover_ratio": 1.44,
            "reinvestment_rate": 29.64,
            "research_to_sale_ratio": 0,
            "price_fair": 79.66,
            "eps_avg_yearly": 2.28,
            "eps_latest_yearly": 0.12,
            "eps_growth_yearly": 479.59
        },
        "20164": {
            "year_quarter": 20164,
            "year": 2016,
            "quarter": 4,
            "eps": 0.11,
            "eps_growth_year": null,
            "eps_4q": 0.82,
            "eps_4q_growth_year": -71.13,
            "roe": 0.94,
            "roe_4q": 7.24,
            "gross_profit": 6132,
            "gross_margin": 2.33,
            "gross_margin_4q_avg": 3.64,
            "net_income": 3230,
            "net_income_4q": null,
            "revenue": 263207,
            "revenue_4q": null,
            "common_shares": 293040,
            "book_valuer_per_share": 11.8,
            "book_valuer_per_share_4q_avg": 13.92,
            "equity": 345920,
            "current_ratio": 289.02,
            "debt_ratio": 29.46,
            "inventory_turnover_ratio": 7.09,
            "account_receivable_turnover_ratio": 2.51,
            "reinvestment_rate": 27.98,
            "research_to_sale_ratio": 0,
            "price_fair": 73.82,
            "eps_avg_yearly": 2.11,
            "eps_latest_yearly": 0.44,
            "eps_growth_yearly": 532.97
        },
        "20171": {
            "year_quarter": 20171,
            "year": 2017,
            "quarter": 1,
            "eps": 0.13,
            "eps_growth_year": -81.69,
            "eps_4q": 0.39,
            "eps_4q_growth_year": 761.99,
            "roe": 1.12,
            "roe_4q": 3.32,
            "gross_profit": 8100,
            "gross_margin": 2.72,
            "gross_margin_4q_avg": 3.48,
            "net_income": 3912,
            "net_income_4q": null,
            "revenue": 298233,
            "revenue_4q": null,
            "common_shares": 293040,
            "book_valuer_per_share": 11.94,
            "book_valuer_per_share_4q_avg": 13.28,
            "equity": 349832,
            "current_ratio": 487,
            "debt_ratio": 16.99,
            "inventory_turnover_ratio": 8.01,
            "account_receivable_turnover_ratio": 1.74,
            "reinvestment_rate": 34.13,
            "research_to_sale_ratio": 0,
            "price_fair": 69.18,
            "eps_avg_yearly": 1.98,
            "eps_latest_yearly": 0.52,
            "eps_growth_yearly": 494.61
        },
        "20172": {
            "year_quarter": 20172,
            "year": 2017,
            "quarter": 2,
            "eps": 0.25,
            "eps_growth_year": 66.67,
            "eps_4q": 0.51,
            "eps_4q_growth_year": 98.44,
            "roe": 2.15,
            "roe_4q": 4.45,
            "gross_profit": 2444,
            "gross_margin": 2.5,
            "gross_margin_4q_avg": 2.87,
            "net_income": 7470,
            "net_income_4q": null,
            "revenue": 97630,
            "revenue_4q": null,
            "common_shares": 293040,
            "book_valuer_per_share": 11.82,
            "book_valuer_per_share_4q_avg": 12.57,
            "equity": 346436,
            "current_ratio": 1018.02,
            "debt_ratio": 7.95,
            "inventory_turnover_ratio": null,
            "account_receivable_turnover_ratio": 0.67,
            "reinvestment_rate": 32.24,
            "research_to_sale_ratio": 0,
            "price_fair": 71.98,
            "eps_avg_yearly": 2.06,
            "eps_latest_yearly": 1,
            "eps_growth_yearly": 553.16
        },
        "20173": {
            "year_quarter": 20173,
            "year": 2017,
            "quarter": 3,
            "eps": 0.05,
            "eps_growth_year": 66.67,
            "eps_4q": 0.53,
            "eps_4q_growth_year": 53.35,
            "roe": 0.44,
            "roe_4q": 4.65,
            "gross_profit": 4497,
            "gross_margin": 3.13,
            "gross_margin_4q_avg": 2.67,
            "net_income": 1530,
            "net_income_4q": null,
            "revenue": 143844,
            "revenue_4q": null,
            "common_shares": 303906,
            "book_valuer_per_share": 11.45,
            "book_valuer_per_share_4q_avg": 11.75,
            "equity": 347966,
            "current_ratio": 3637.67,
            "debt_ratio": 2.19,
            "inventory_turnover_ratio": null,
            "account_receivable_turnover_ratio": 1.33,
            "reinvestment_rate": -0.52,
            "research_to_sale_ratio": 0,
            "price_fair": 71.63,
            "eps_avg_yearly": 2.05,
            "eps_latest_yearly": 0.2,
            "eps_growth_yearly": 293.16
        },
        "20174": {
            "year_quarter": 20174,
            "year": 2017,
            "quarter": 4,
            "eps": 0.12,
            "eps_growth_year": 13.08,
            "eps_4q": 0.55,
            "eps_4q_growth_year": -33.31,
            "roe": 1.08,
            "roe_4q": 4.79,
            "gross_profit": 7455,
            "gross_margin": 3.08,
            "gross_margin_4q_avg": 2.86,
            "net_income": 3788,
            "net_income_4q": null,
            "revenue": 241714,
            "revenue_4q": null,
            "common_shares": 303906,
            "book_valuer_per_share": 11.57,
            "book_valuer_per_share_4q_avg": 11.7,
            "equity": 351754,
            "current_ratio": 926.82,
            "debt_ratio": 8.77,
            "inventory_turnover_ratio": null,
            "account_receivable_turnover_ratio": 1.43,
            "reinvestment_rate": -0.55,
            "research_to_sale_ratio": 0,
            "price_fair": 72.45,
            "eps_avg_yearly": 2.07,
            "eps_latest_yearly": 0.48,
            "eps_growth_yearly": 352.33
        },
        "20181": {
            "year_quarter": 20181,
            "year": 2018,
            "quarter": 1,
            "eps": 0.12,
            "eps_growth_year": -7.69,
            "eps_4q": 0.54,
            "eps_4q_growth_year": 37.84,
            "roe": 1,
            "roe_4q": 4.67,
            "gross_profit": 6260,
            "gross_margin": 3.13,
            "gross_margin_4q_avg": 2.96,
            "net_income": 3551,
            "net_income_4q": null,
            "revenue": 199729,
            "revenue_4q": null,
            "common_shares": 303906,
            "book_valuer_per_share": 11.69,
            "book_valuer_per_share_4q_avg": 11.63,
            "equity": 355305,
            "current_ratio": 1370.76,
            "debt_ratio": 5.91,
            "inventory_turnover_ratio": null,
            "account_receivable_turnover_ratio": 0.98,
            "reinvestment_rate": -52.62,
            "research_to_sale_ratio": 0,
            "price_fair": 73.15,
            "eps_avg_yearly": 2.09,
            "eps_latest_yearly": 0.48,
            "eps_growth_yearly": 345.66
        },
        "20182": {
            "year_quarter": 20182,
            "year": 2018,
            "quarter": 2,
            "eps": 0.22,
            "eps_growth_year": -12,
            "eps_4q": 0.48,
            "eps_4q_growth_year": -4.73,
            "roe": 1.83,
            "roe_4q": 4.3500000000000005,
            "gross_profit": 9705,
            "gross_margin": 3.08,
            "gross_margin_4q_avg": 3.11,
            "net_income": 6565,
            "net_income_4q": null,
            "revenue": 315288,
            "revenue_4q": null,
            "common_shares": 303906,
            "book_valuer_per_share": 11.91,
            "book_valuer_per_share_4q_avg": 11.66,
            "equity": 361870,
            "current_ratio": 198.85,
            "debt_ratio": 44.77,
            "inventory_turnover_ratio": 4.84,
            "account_receivable_turnover_ratio": 1.41,
            "reinvestment_rate": -51.06,
            "research_to_sale_ratio": 0,
            "price_fair": 74.32,
            "eps_avg_yearly": 2.12,
            "eps_latest_yearly": 0.88,
            "eps_growth_yearly": 340.1
        },
        "20183": {
            "year_quarter": 20183,
            "year": 2018,
            "quarter": 3,
            "eps": 0.24,
            "eps_growth_year": 380,
            "eps_4q": 0.68,
            "eps_4q_growth_year": 27.3,
            "roe": 2.09,
            "roe_4q": 6,
            "gross_profit": 8666,
            "gross_margin": 3.42,
            "gross_margin_4q_avg": 3.18,
            "net_income": 7661,
            "net_income_4q": null,
            "revenue": 253176,
            "revenue_4q": null,
            "common_shares": 318937,
            "book_valuer_per_share": 11.59,
            "book_valuer_per_share_4q_avg": 11.69,
            "equity": 369531,
            "current_ratio": 419.41,
            "debt_ratio": 20.15,
            "inventory_turnover_ratio": 3.87,
            "account_receivable_turnover_ratio": 0.89,
            "reinvestment_rate": -54.33,
            "research_to_sale_ratio": 0,
            "price_fair": 72.68,
            "eps_avg_yearly": 2.08,
            "eps_latest_yearly": 0.96,
            "eps_growth_yearly": 270.91
        },
        "20184": {
            "year_quarter": 20184,
            "year": 2018,
            "quarter": 4,
            "eps": -0.05,
            "eps_growth_year": -139.9,
            "eps_4q": 0.51,
            "eps_4q_growth_year": -7.62,
            "roe": -0.43,
            "roe_4q": 4.49,
            "gross_profit": 4953,
            "gross_margin": 3.54,
            "gross_margin_4q_avg": 3.29,
            "net_income": -1586,
            "net_income_4q": null,
            "revenue": 140056,
            "revenue_4q": null,
            "common_shares": 318937,
            "book_valuer_per_share": 11.54,
            "book_valuer_per_share_4q_avg": 11.68,
            "equity": 367945,
            "current_ratio": 1377.3,
            "debt_ratio": 6.27,
            "inventory_turnover_ratio": null,
            "account_receivable_turnover_ratio": 0.58,
            "reinvestment_rate": -59.41,
            "research_to_sale_ratio": 0,
            "price_fair": 66.44,
            "eps_avg_yearly": 1.9,
            "eps_latest_yearly": 0.96,
            "eps_growth_yearly": 235.25
        },
        "20191": {
            "year_quarter": 20191,
            "year": 2019,
            "quarter": 1,
            "eps": -0.01,
            "eps_growth_year": -108.33,
            "eps_4q": 0.39,
            "eps_4q_growth_year": -27.72,
            "roe": -0.07,
            "roe_4q": 3.42,
            "gross_profit": 1972,
            "gross_margin": 3.24,
            "gross_margin_4q_avg": 3.32,
            "net_income": -246,
            "net_income_4q": null,
            "revenue": 60922,
            "revenue_4q": null,
            "common_shares": 318937,
            "book_valuer_per_share": 11.53,
            "book_valuer_per_share_4q_avg": 11.64,
            "equity": 367699,
            "current_ratio": 16365.73,
            "debt_ratio": 0.53,
            "inventory_turnover_ratio": null,
            "account_receivable_turnover_ratio": 0.49,
            "reinvestment_rate": -190.08,
            "research_to_sale_ratio": 0,
            "price_fair": 19.88,
            "eps_avg_yearly": 0.57,
            "eps_latest_yearly": 0.96,
            "eps_growth_yearly": 148.28
        },
        "20192": {
            "year_quarter": 20192,
            "year": 2019,
            "quarter": 2,
            "eps": 0.17,
            "eps_growth_year": -22.73,
            "eps_4q": 0.33,
            "eps_4q_growth_year": -31.02,
            "roe": 1.43,
            "roe_4q": 3.0199999999999996,
            "gross_profit": 8153,
            "gross_margin": 3.59,
            "gross_margin_4q_avg": 3.45,
            "net_income": 5304,
            "net_income_4q": null,
            "revenue": 227081,
            "revenue_4q": null,
            "common_shares": 318937,
            "book_valuer_per_share": 11.7,
            "book_valuer_per_share_4q_avg": 11.59,
            "equity": 373003,
            "current_ratio": 542.81,
            "debt_ratio": 16.44,
            "inventory_turnover_ratio": null,
            "account_receivable_turnover_ratio": 1.82,
            "reinvestment_rate": -126.87,
            "research_to_sale_ratio": 0,
            "price_fair": 19.88,
            "eps_avg_yearly": 0.57,
            "eps_latest_yearly": 0.96,
            "eps_growth_yearly": 148.28
        },
        "20193": {
            "year_quarter": 20193,
            "year": 2019,
            "quarter": 3,
            "eps": 0.1,
            "eps_growth_year": -58.33,
            "eps_4q": 0.21,
            "eps_4q_growth_year": -69.35,
            "roe": 0.92,
            "roe_4q": 1.8500000000000003,
            "gross_profit": 6359,
            "gross_margin": 3.61,
            "gross_margin_4q_avg": 3.5,
            "net_income": 3439,
            "net_income_4q": null,
            "revenue": 176031,
            "revenue_4q": null,
            "common_shares": 333509,
            "book_valuer_per_share": 11.29,
            "book_valuer_per_share_4q_avg": 11.52,
            "equity": 376442,
            "current_ratio": 581.23,
            "debt_ratio": 15.18,
            "inventory_turnover_ratio": null,
            "account_receivable_turnover_ratio": 0.94,
            "reinvestment_rate": 0.54,
            "research_to_sale_ratio": 0,
            "price_fair": 19.35,
            "eps_avg_yearly": 0.55,
            "eps_latest_yearly": 0.4,
            "eps_growth_yearly": 119.83
        },
        "20194": {
            "year_quarter": 20194,
            "year": 2019,
            "quarter": 4,
            "eps": 0.14,
            "eps_growth_year": null,
            "eps_4q": 0.4,
            "eps_4q_growth_year": -21.4,
            "roe": 1.27,
            "roe_4q": 3.5500000000000003,
            "gross_profit": 7755,
            "gross_margin": 3.72,
            "gross_margin_4q_avg": 3.54,
            "net_income": 4810,
            "net_income_4q": null,
            "revenue": 208402,
            "revenue_4q": null,
            "common_shares": 333509,
            "book_valuer_per_share": 11.43,
            "book_valuer_per_share_4q_avg": 11.49,
            "equity": 381252,
            "current_ratio": 501.95,
            "debt_ratio": 17.67,
            "inventory_turnover_ratio": null,
            "account_receivable_turnover_ratio": 1.16,
            "reinvestment_rate": 0.28,
            "research_to_sale_ratio": 0,
            "price_fair": 19.37,
            "eps_avg_yearly": 0.55,
            "eps_latest_yearly": 0.56,
            "eps_growth_yearly": 123.18
        },
        "20201": {
            "year_quarter": 20201,
            "year": 2020,
            "quarter": 1,
            "eps": 0.24,
            "eps_growth_year": null,
            "eps_4q": 0.65,
            "eps_4q_growth_year": 66.18,
            "roe": 2.07,
            "roe_4q": 5.6899999999999995,
            "gross_profit": 10648,
            "gross_margin": 3.98,
            "gross_margin_4q_avg": 3.73,
            "net_income": 7984,
            "net_income_4q": null,
            "revenue": 267411,
            "revenue_4q": null,
            "common_shares": 333509,
            "book_valuer_per_share": 11.67,
            "book_valuer_per_share_4q_avg": 11.52,
            "equity": 389236,
            "current_ratio": 488.61,
            "debt_ratio": 18.22,
            "inventory_turnover_ratio": null,
            "account_receivable_turnover_ratio": 1.21,
            "reinvestment_rate": -3.78,
            "research_to_sale_ratio": 0,
            "price_fair": 20.46,
            "eps_avg_yearly": 0.58,
            "eps_latest_yearly": 0.96,
            "eps_growth_yearly": 135.68
        },
        "20202": {
            "year_quarter": 20202,
            "year": 2020,
            "quarter": 2,
            "eps": 0.26,
            "eps_growth_year": 52.94,
            "eps_4q": 0.72,
            "eps_4q_growth_year": 116.38,
            "roe": 2.2,
            "roe_4q": 6.459999999999999,
            "gross_profit": 11720,
            "gross_margin": 6.8,
            "gross_margin_4q_avg": 4.53,
            "net_income": 8611,
            "net_income_4q": null,
            "revenue": 172445,
            "revenue_4q": null,
            "common_shares": 333509,
            "book_valuer_per_share": 11.85,
            "book_valuer_per_share_4q_avg": 11.56,
            "equity": 395237,
            "current_ratio": 719.77,
            "debt_ratio": 12.29,
            "inventory_turnover_ratio": null,
            "account_receivable_turnover_ratio": 0.72,
            "reinvestment_rate": -3.48,
            "research_to_sale_ratio": 0,
            "price_fair": 21.65,
            "eps_avg_yearly": 0.62,
            "eps_latest_yearly": 1.04,
            "eps_growth_yearly": 162.51
        },
        "20203": {
            "year_quarter": 20203,
            "year": 2020,
            "quarter": 3,
            "eps": 0.2,
            "eps_growth_year": 100,
            "eps_4q": 0.82,
            "eps_4q_growth_year": 295.25,
            "roe": 1.7,
            "roe_4q": 7.24,
            "gross_profit": 8892,
            "gross_margin": 4.56,
            "gross_margin_4q_avg": 4.77,
            "net_income": 6766,
            "net_income_4q": null,
            "revenue": 194808,
            "revenue_4q": null,
            "common_shares": 343948,
            "book_valuer_per_share": 11.69,
            "book_valuer_per_share_4q_avg": 11.66,
            "equity": 402003,
            "current_ratio": 637.97,
            "debt_ratio": 13.94,
            "inventory_turnover_ratio": null,
            "account_receivable_turnover_ratio": 0.97,
            "reinvestment_rate": -3.18,
            "research_to_sale_ratio": 0,
            "price_fair": 23.48,
            "eps_avg_yearly": 0.67,
            "eps_latest_yearly": 0.8,
            "eps_growth_yearly": 180.03
        },
        "20204": {
            "year_quarter": 20204,
            "year": 2020,
            "quarter": 4,
            "eps": 0.15,
            "eps_growth_year": 6.68,
            "eps_4q": 0.83,
            "eps_4q_growth_year": 108.79,
            "roe": 1.31,
            "roe_4q": 7.279999999999999,
            "gross_profit": 8473,
            "gross_margin": 4.57,
            "gross_margin_4q_avg": 4.98,
            "net_income": 5292,
            "net_income_4q": null,
            "revenue": 185520,
            "revenue_4q": null,
            "common_shares": 343948,
            "book_valuer_per_share": 11.84,
            "book_valuer_per_share_4q_avg": 11.76,
            "equity": 407295,
            "current_ratio": 638.15,
            "debt_ratio": 13.96,
            "inventory_turnover_ratio": null,
            "account_receivable_turnover_ratio": 0.93,
            "reinvestment_rate": -3.09,
            "research_to_sale_ratio": 0,
            "price_fair": 23.91,
            "eps_avg_yearly": 0.68,
            "eps_latest_yearly": 0.6,
            "eps_growth_yearly": 90.28
        },
        "20211": {
            "year_quarter": 20211,
            "year": 2021,
            "quarter": 1,
            "eps": 0.11,
            "eps_growth_year": -54.17,
            "eps_4q": 0.71,
            "eps_4q_growth_year": 10.33,
            "roe": 0.94,
            "roe_4q": 6.15,
            "gross_profit": 9737,
            "gross_margin": 4.65,
            "gross_margin_4q_avg": 5.15,
            "net_income": 3837,
            "net_income_4q": null,
            "revenue": 209445,
            "revenue_4q": null,
            "common_shares": 343948,
            "book_valuer_per_share": 11.95,
            "book_valuer_per_share_4q_avg": 11.83,
            "equity": 411132,
            "current_ratio": 1550.98,
            "debt_ratio": 5.35,
            "inventory_turnover_ratio": null,
            "account_receivable_turnover_ratio": 1.02,
            "reinvestment_rate": -2.94,
            "research_to_sale_ratio": 0,
            "price_fair": 23.69,
            "eps_avg_yearly": 0.68,
            "eps_latest_yearly": 0.44,
            "eps_growth_yearly": 76.48
        },
        "20212": {
            "year_quarter": 20212,
            "year": 2021,
            "quarter": 2,
            "eps": 0.56,
            "eps_growth_year": 115.38,
            "eps_4q": 0.98,
            "eps_4q_growth_year": 36.1,
            "roe": 4.63,
            "roe_4q": 8.58,
            "gross_profit": 21546,
            "gross_margin": 5.07,
            "gross_margin_4q_avg": 4.71,
            "net_income": 19186,
            "net_income_4q": null,
            "revenue": 424825,
            "revenue_4q": null,
            "common_shares": 343948,
            "book_valuer_per_share": 12.14,
            "book_valuer_per_share_4q_avg": 11.91,
            "equity": 417424,
            "current_ratio": 370.77,
            "debt_ratio": 23.79,
            "inventory_turnover_ratio": null,
            "account_receivable_turnover_ratio": 1.46,
            "reinvestment_rate": -2.41,
            "research_to_sale_ratio": null,
            "price_fair": 27.03,
            "eps_avg_yearly": 0.77,
            "eps_latest_yearly": 2.24,
            "eps_growth_yearly": 173.96
        },
        "20213": {
            "year_quarter": 20213,
            "year": 2021,
            "quarter": 3,
            "eps": 0.23,
            "eps_growth_year": 15,
            "eps_4q": 1.02,
            "eps_4q_growth_year": 24.83,
            "roe": 1.94,
            "roe_4q": 8.82,
            "gross_profit": 10771,
            "gross_margin": 5.18,
            "gross_margin_4q_avg": 4.87,
            "net_income": 8168,
            "net_income_4q": null,
            "revenue": 207791,
            "revenue_4q": null,
            "common_shares": 356842,
            "book_valuer_per_share": 11.93,
            "book_valuer_per_share_4q_avg": 11.97,
            "equity": 425592,
            "current_ratio": 513.63,
            "debt_ratio": 17.02,
            "inventory_turnover_ratio": null,
            "account_receivable_turnover_ratio": 0.63,
            "reinvestment_rate": -2.12,
            "research_to_sale_ratio": 0,
            "price_fair": 28.97,
            "eps_avg_yearly": 0.83,
            "eps_latest_yearly": 0.92,
            "eps_growth_yearly": 180.44
        },
        "20214": {
            "year_quarter": 20214,
            "year": 2021,
            "quarter": 4,
            "eps": 0.85,
            "eps_growth_year": 452.79,
            "eps_4q": 1.72,
            "eps_4q_growth_year": 107.02,
            "roe": 6.89,
            "roe_4q": 14.4,
            "gross_profit": 19152,
            "gross_margin": 5.5,
            "gross_margin_4q_avg": 5.1,
            "net_income": 30350,
            "net_income_4q": null,
            "revenue": 348537,
            "revenue_4q": null,
            "common_shares": 356842,
            "book_valuer_per_share": 12.78,
            "book_valuer_per_share_4q_avg": 12.2,
            "equity": 455942,
            "current_ratio": 792.15,
            "debt_ratio": 11.22,
            "inventory_turnover_ratio": null,
            "account_receivable_turnover_ratio": 1.15,
            "reinvestment_rate": -1.56,
            "research_to_sale_ratio": 0,
            "price_fair": 36.83,
            "eps_avg_yearly": 1.05,
            "eps_latest_yearly": 3.4,
            "eps_growth_yearly": 220.31
        },
        "20221": {
            "year_quarter": 20221,
            "year": 2022,
            "quarter": 1,
            "eps": 0.5,
            "eps_growth_year": 354.55,
            "eps_4q": 2.12,
            "eps_4q_growth_year": 197.42,
            "roe": 3.85,
            "roe_4q": 17.31,
            "gross_profit": 25769,
            "gross_margin": 4.79,
            "gross_margin_4q_avg": 5.14,
            "net_income": 17915,
            "net_income_4q": null,
            "revenue": 537926,
            "revenue_4q": null,
            "common_shares": 356842,
            "book_valuer_per_share": 13.31,
            "book_valuer_per_share_4q_avg": 12.54,
            "equity": 475114,
            "current_ratio": 308.83,
            "debt_ratio": 30.29,
            "inventory_turnover_ratio": null,
            "account_receivable_turnover_ratio": 1.41,
            "reinvestment_rate": -1.32,
            "research_to_sale_ratio": 0,
            "price_fair": 40.92,
            "eps_avg_yearly": 1.17,
            "eps_latest_yearly": 2,
            "eps_growth_yearly": 207.64
        },
        "20222": {
            "year_quarter": 20222,
            "year": 2022,
            "quarter": 2,
            "eps": 0.12,
            "eps_growth_year": -78.57,
            "eps_4q": 1.7,
            "eps_4q_growth_year": 73.27,
            "roe": 0.97,
            "roe_4q": 13.65,
            "gross_profit": 10491,
            "gross_margin": 4.85,
            "gross_margin_4q_avg": 5.08,
            "net_income": 4352,
            "net_income_4q": null,
            "revenue": 216285,
            "revenue_4q": null,
            "common_shares": 356842,
            "book_valuer_per_share": 11.88,
            "book_valuer_per_share_4q_avg": 12.48,
            "equity": 424079,
            "current_ratio": 538.06,
            "debt_ratio": 16.96,
            "inventory_turnover_ratio": null,
            "account_receivable_turnover_ratio": 0.53,
            "reinvestment_rate": -0.63,
            "research_to_sale_ratio": null,
            "price_fair": 39.85,
            "eps_avg_yearly": 1.14,
            "eps_latest_yearly": 0.48,
            "eps_growth_yearly": 158.61
        },
        "20223": {
            "year_quarter": 20223,
            "year": 2022,
            "quarter": 3,
            "eps": 0.4,
            "eps_growth_year": 73.91,
            "eps_4q": 1.88,
            "eps_4q_growth_year": 83.64,
            "roe": 3.33,
            "roe_4q": 15.04,
            "gross_profit": 21687,
            "gross_margin": 5.2,
            "gross_margin_4q_avg": 5.09,
            "net_income": 14382,
            "net_income_4q": null,
            "revenue": 417108,
            "revenue_4q": null,
            "common_shares": 356842,
            "book_valuer_per_share": 12.29,
            "book_valuer_per_share_4q_avg": 12.57,
            "equity": 438461,
            "current_ratio": 595.5,
            "debt_ratio": 15.34,
            "inventory_turnover_ratio": null,
            "account_receivable_turnover_ratio": 1.12,
            "reinvestment_rate": -0.55,
            "research_to_sale_ratio": null,
            "price_fair": 41.57,
            "eps_avg_yearly": 1.19,
            "eps_latest_yearly": 1.6,
            "eps_growth_yearly": 227.61
        },
        "20224": {
            "year_quarter": 20224,
            "year": 2022,
            "quarter": 4,
            "eps": 0.33,
            "eps_growth_year": -60.88,
            "eps_4q": 1.36,
            "eps_4q_growth_year": -21.16,
            "roe": 2.67,
            "roe_4q": 10.82,
            "gross_profit": 17239,
            "gross_margin": 5.21,
            "gross_margin_4q_avg": 5.01,
            "net_income": 11872,
            "net_income_4q": null,
            "revenue": 330792,
            "revenue_4q": null,
            "common_shares": 356842,
            "book_valuer_per_share": 12.62,
            "book_valuer_per_share_4q_avg": 12.53,
            "equity": 450333,
            "current_ratio": 280.98,
            "debt_ratio": 33.23,
            "inventory_turnover_ratio": null,
            "account_receivable_turnover_ratio": 0.98,
            "reinvestment_rate": -0.45,
            "research_to_sale_ratio": null,
            "price_fair": 41.9,
            "eps_avg_yearly": 1.2,
            "eps_latest_yearly": 1.32,
            "eps_growth_yearly": 206.35
        },
        "20231": {
            "year_quarter": 20231,
            "year": 2023,
            "quarter": 1,
            "eps": 0.29,
            "eps_growth_year": -42,
            "eps_4q": 1.15,
            "eps_4q_growth_year": -45.76,
            "roe": 2.28,
            "roe_4q": 9.25,
            "gross_profit": 18942,
            "gross_margin": 4.94,
            "gross_margin_4q_avg": 5.05,
            "net_income": 10407,
            "net_income_4q": null,
            "revenue": 383243,
            "revenue_4q": null,
            "common_shares": 356842,
            "book_valuer_per_share": 12.91,
            "book_valuer_per_share_4q_avg": 12.43,
            "equity": 460740,
            "current_ratio": 2540.3,
            "debt_ratio": 3.57,
            "inventory_turnover_ratio": null,
            "account_receivable_turnover_ratio": 1.22,
            "reinvestment_rate": -0.38,
            "research_to_sale_ratio": 0,
            "price_fair": 41.81,
            "eps_avg_yearly": 1.19,
            "eps_latest_yearly": 1.16,
            "eps_growth_yearly": 189.36
        },
        "20232": {
            "year_quarter": 20232,
            "year": 2023,
            "quarter": 2,
            "eps": -0.03,
            "eps_growth_year": -125,
            "eps_4q": 0.92,
            "eps_4q_growth_year": -46.19,
            "roe": -0.24,
            "roe_4q": 8.04,
            "gross_profit": 1855,
            "gross_margin": 4.62,
            "gross_margin_4q_avg": 4.99,
            "net_income": -1081,
            "net_income_4q": null,
            "revenue": 40136,
            "revenue_4q": null,
            "common_shares": 356842,
            "book_valuer_per_share": 12.5,
            "book_valuer_per_share_4q_avg": 12.58,
            "equity": 446219,
            "current_ratio": 2300.73,
            "debt_ratio": 3.95,
            "inventory_turnover_ratio": null,
            "account_receivable_turnover_ratio": 0.22,
            "reinvestment_rate": -0.35,
            "research_to_sale_ratio": null,
            "price_fair": 41.81,
            "eps_avg_yearly": 1.19,
            "eps_latest_yearly": 1.16,
            "eps_growth_yearly": 189.36
        },
        "20233": {
            "year_quarter": 20233,
            "year": 2023,
            "quarter": 3,
            "eps": 0.22,
            "eps_growth_year": -45,
            "eps_4q": 0.77,
            "eps_4q_growth_year": -59.23,
            "roe": 1.89,
            "roe_4q": 6.6,
            "gross_profit": 10068,
            "gross_margin": 4.8,
            "gross_margin_4q_avg": 4.89,
            "net_income": 8519,
            "net_income_4q": null,
            "revenue": 209784,
            "revenue_4q": null,
            "common_shares": 388202,
            "book_valuer_per_share": 11.71,
            "book_valuer_per_share_4q_avg": 12.44,
            "equity": 454738,
            "current_ratio": 12889.02,
            "debt_ratio": 0.88,
            "inventory_turnover_ratio": null,
            "account_receivable_turnover_ratio": 1.53,
            "reinvestment_rate": -0.32,
            "research_to_sale_ratio": null,
            "price_fair": 43.8,
            "eps_avg_yearly": 1.25,
            "eps_latest_yearly": 1.16,
            "eps_growth_yearly": 214.65
        },
        "20234": {
            "year_quarter": 20234,
            "year": 2023,
            "quarter": 4,
            "eps": -0.12,
            "eps_growth_year": -135.96,
            "eps_4q": 0.34,
            "eps_4q_growth_year": -74.99,
            "roe": -1.03,
            "roe_4q": 2.8999999999999995,
            "gross_profit": 10492,
            "gross_margin": 4.78,
            "gross_margin_4q_avg": 4.79,
            "net_income": -4644,
            "net_income_4q": null,
            "revenue": 219552,
            "revenue_4q": null,
            "common_shares": 388202,
            "book_valuer_per_share": 11.59,
            "book_valuer_per_share_4q_avg": 12.18,
            "equity": 450094,
            "current_ratio": 1313.54,
            "debt_ratio": 6.88,
            "inventory_turnover_ratio": null,
            "account_receivable_turnover_ratio": 0.92,
            "reinvestment_rate": -0.29,
            "research_to_sale_ratio": null,
            "price_fair": 45.66,
            "eps_avg_yearly": 1.3,
            "eps_latest_yearly": 1.16,
            "eps_growth_yearly": 218.86
        }
    },
    "months": {
        "2001-06": {
            "month": "2001-06",
            "price": "5.30",
            "revenue": 53351
        },
        "2001-07": {
            "month": "2001-07",
            "price": "4.13",
            "revenue": 53068
        },
        "2001-08": {
            "month": "2001-08",
            "price": "3.82",
            "revenue": 74690
        },
        "2001-09": {
            "month": "2001-09",
            "price": "2.90",
            "revenue": 36126
        },
        "2001-10": {
            "month": "2001-10",
            "price": "2.70",
            "revenue": 30566
        },
        "2001-11": {
            "month": "2001-11",
            "price": "2.56",
            "revenue": 37128
        },
        "2001-12": {
            "month": "2001-12",
            "price": "2.84",
            "revenue": 46056
        },
        "2002-01": {
            "month": "2002-01",
            "price": "3.14",
            "revenue": 50431
        },
        "2002-02": {
            "month": "2002-02",
            "price": "3.06",
            "revenue": 41314
        },
        "2002-03": {
            "month": "2002-03",
            "price": "3.65",
            "revenue": 51922
        },
        "2002-04": {
            "month": "2002-04",
            "price": "4.73",
            "revenue": 40822
        },
        "2002-05": {
            "month": "2002-05",
            "price": "3.89",
            "revenue": 34089
        },
        "2002-06": {
            "month": "2002-06",
            "price": "3.78",
            "revenue": 30897
        },
        "2002-07": {
            "month": "2002-07",
            "price": "4.06",
            "revenue": 25155
        },
        "2002-08": {
            "month": "2002-08",
            "price": "3.91",
            "revenue": 36171
        },
        "2002-09": {
            "month": "2002-09",
            "price": "3.42",
            "revenue": 26159
        },
        "2002-10": {
            "month": "2002-10",
            "price": "2.92",
            "revenue": 26951
        },
        "2002-11": {
            "month": "2002-11",
            "price": "3.19",
            "revenue": 23116
        },
        "2002-12": {
            "month": "2002-12",
            "price": "3.29",
            "revenue": 38019
        },
        "2003-01": {
            "month": "2003-01",
            "price": "3.77",
            "revenue": 42528
        },
        "2003-02": {
            "month": "2003-02",
            "price": "3.74",
            "revenue": 20817
        },
        "2003-03": {
            "month": "2003-03",
            "price": "3.82",
            "revenue": 27043
        },
        "2003-04": {
            "month": "2003-04",
            "price": "3.15",
            "revenue": 28587
        },
        "2003-05": {
            "month": "2003-05",
            "price": "2.81",
            "revenue": 19304
        },
        "2003-06": {
            "month": "2003-06",
            "price": "3.46",
            "revenue": 22733
        },
        "2003-07": {
            "month": "2003-07",
            "price": "3.68",
            "revenue": 24123
        },
        "2003-08": {
            "month": "2003-08",
            "price": "3.58",
            "revenue": 27955
        },
        "2003-09": {
            "month": "2003-09",
            "price": "3.60",
            "revenue": 13449
        },
        "2003-10": {
            "month": "2003-10",
            "price": "3.87",
            "revenue": 21126
        },
        "2003-11": {
            "month": "2003-11",
            "price": "4.15",
            "revenue": 17799
        },
        "2004-01": {
            "month": "2004-01",
            "price": "7.78",
            "revenue": 21592
        },
        "2004-02": {
            "month": "2004-02",
            "price": "9.09",
            "revenue": 22195
        },
        "2004-03": {
            "month": "2004-03",
            "price": "9.39",
            "revenue": 30563
        },
        "2004-04": {
            "month": "2004-04",
            "price": "9.40",
            "revenue": 22583
        },
        "2004-05": {
            "month": "2004-05",
            "price": "7.78",
            "revenue": 19246
        },
        "2004-06": {
            "month": "2004-06",
            "price": "7.08",
            "revenue": 23567
        },
        "2004-07": {
            "month": "2004-07",
            "price": "6.86",
            "revenue": 32079
        },
        "2004-08": {
            "month": "2004-08",
            "price": "6.38",
            "revenue": 32740
        },
        "2004-09": {
            "month": "2004-09",
            "price": "6.60",
            "revenue": 23676
        },
        "2004-10": {
            "month": "2004-10",
            "price": "6.78",
            "revenue": 21577
        },
        "2004-11": {
            "month": "2004-11",
            "price": "6.32",
            "revenue": 18650
        },
        "2004-12": {
            "month": "2004-12",
            "price": "6.17",
            "revenue": 31222
        },
        "2005-01": {
            "month": "2005-01",
            "price": "6.08",
            "revenue": 29922
        },
        "2005-02": {
            "month": "2005-02",
            "price": "5.43",
            "revenue": 17907
        },
        "2005-03": {
            "month": "2005-03",
            "price": "5.28",
            "revenue": 29194
        },
        "2005-04": {
            "month": "2005-04",
            "price": "5.02",
            "revenue": 22590
        },
        "2005-05": {
            "month": "2005-05",
            "price": "4.46",
            "revenue": 16307
        },
        "2005-06": {
            "month": "2005-06",
            "price": "4.31",
            "revenue": 13616
        },
        "2005-07": {
            "month": "2005-07",
            "price": "4.32",
            "revenue": 15541
        },
        "2005-08": {
            "month": "2005-08",
            "price": "4.08",
            "revenue": 72556
        },
        "2005-09": {
            "month": "2005-09",
            "price": "3.82",
            "revenue": 83226
        },
        "2005-10": {
            "month": "2005-10",
            "price": "3.60",
            "revenue": 74708
        },
        "2005-11": {
            "month": "2005-11",
            "price": "3.57",
            "revenue": 61119
        },
        "2005-12": {
            "month": "2005-12",
            "price": "3.65",
            "revenue": 71481
        },
        "2006-01": {
            "month": "2006-01",
            "price": "3.53",
            "revenue": 69407
        },
        "2006-02": {
            "month": "2006-02",
            "price": "3.36",
            "revenue": 70529
        },
        "2006-03": {
            "month": "2006-03",
            "price": "3.05",
            "revenue": 83990
        },
        "2006-04": {
            "month": "2006-04",
            "price": "3.34",
            "revenue": 71474
        },
        "2006-05": {
            "month": "2006-05",
            "price": "3.81",
            "revenue": 60070
        },
        "2006-06": {
            "month": "2006-06",
            "price": "3.46",
            "revenue": 72674
        },
        "2006-07": {
            "month": "2006-07",
            "price": "3.41",
            "revenue": 79995
        },
        "2006-08": {
            "month": "2006-08",
            "price": "3.14",
            "revenue": 71611
        },
        "2006-09": {
            "month": "2006-09",
            "price": "3.15",
            "revenue": 72595
        },
        "2006-10": {
            "month": "2006-10",
            "price": "3.51",
            "revenue": 55572
        },
        "2006-11": {
            "month": "2006-11",
            "price": "3.93",
            "revenue": 47806
        },
        "2006-12": {
            "month": "2006-12",
            "price": "6.79",
            "revenue": 61623
        },
        "2007-01": {
            "month": "2007-01",
            "price": "6.46",
            "revenue": 70723
        },
        "2007-02": {
            "month": "2007-02",
            "price": "5.62",
            "revenue": 56085
        },
        "2007-03": {
            "month": "2007-03",
            "price": "6.13",
            "revenue": 72769
        },
        "2007-04": {
            "month": "2007-04",
            "price": "7.17",
            "revenue": 74367
        },
        "2007-05": {
            "month": "2007-05",
            "price": "7.15",
            "revenue": 59480
        },
        "2007-06": {
            "month": "2007-06",
            "price": "7.31",
            "revenue": 52047
        },
        "2007-07": {
            "month": "2007-07",
            "price": "12.13",
            "revenue": 55645
        },
        "2007-08": {
            "month": "2007-08",
            "price": "11.48",
            "revenue": 55499
        },
        "2007-09": {
            "month": "2007-09",
            "price": "9.87",
            "revenue": 61818
        },
        "2007-10": {
            "month": "2007-10",
            "price": "8.44",
            "revenue": 50696
        },
        "2007-11": {
            "month": "2007-11",
            "price": "6.77",
            "revenue": 60078
        },
        "2007-12": {
            "month": "2007-12",
            "price": "5.84",
            "revenue": 69235
        },
        "2008-01": {
            "month": "2008-01",
            "price": "6.04",
            "revenue": 78944
        },
        "2008-02": {
            "month": "2008-02",
            "price": "5.88",
            "revenue": 42703
        },
        "2008-03": {
            "month": "2008-03",
            "price": "6.91",
            "revenue": 62278
        },
        "2008-04": {
            "month": "2008-04",
            "price": "6.95",
            "revenue": 11225
        },
        "2008-05": {
            "month": "2008-05",
            "price": "7.00",
            "revenue": 18103
        },
        "2008-06": {
            "month": "2008-06",
            "price": "11.07",
            "revenue": 12844
        },
        "2008-07": {
            "month": "2008-07",
            "price": "11.04",
            "revenue": 38512
        },
        "2008-08": {
            "month": "2008-08",
            "price": "10.03",
            "revenue": 49313
        },
        "2008-09": {
            "month": "2008-09",
            "price": "8.62",
            "revenue": 51024
        },
        "2008-10": {
            "month": "2008-10",
            "price": "15.34",
            "revenue": 43610
        },
        "2008-11": {
            "month": "2008-11",
            "price": "20.20",
            "revenue": 32021
        },
        "2008-12": {
            "month": "2008-12",
            "price": "18.67",
            "revenue": 48072
        },
        "2009-01": {
            "month": "2009-01",
            "price": "16.32",
            "revenue": 9412
        },
        "2009-02": {
            "month": "2009-02",
            "price": "13.22",
            "revenue": 3232
        },
        "2009-03": {
            "month": "2009-03",
            "price": "13.83",
            "revenue": 0
        },
        "2009-04": {
            "month": "2009-04",
            "price": "14.37",
            "revenue": 26749
        },
        "2009-05": {
            "month": "2009-05",
            "price": "13.55",
            "revenue": 2296
        },
        "2009-06": {
            "month": "2009-06",
            "price": "13.18",
            "revenue": 16860
        },
        "2009-07": {
            "month": "2009-07",
            "price": "13.13",
            "revenue": 20655
        },
        "2009-08": {
            "month": "2009-08",
            "price": "13.09",
            "revenue": 10947
        },
        "2009-09": {
            "month": "2009-09",
            "price": "12.43",
            "revenue": 20491
        },
        "2009-10": {
            "month": "2009-10",
            "price": "12.23",
            "revenue": 39390
        },
        "2009-11": {
            "month": "2009-11",
            "price": "11.20",
            "revenue": 34439
        },
        "2009-12": {
            "month": "2009-12",
            "price": "11.76",
            "revenue": 44895
        },
        "2010-01": {
            "month": "2010-01",
            "price": "14.42",
            "revenue": 30083
        },
        "2010-02": {
            "month": "2010-02",
            "price": "14.64",
            "revenue": 28703
        },
        "2010-03": {
            "month": "2010-03",
            "price": "15.17",
            "revenue": 27500
        },
        "2010-04": {
            "month": "2010-04",
            "price": "14.60",
            "revenue": 25081
        },
        "2010-05": {
            "month": "2010-05",
            "price": "10.01",
            "revenue": 24941
        },
        "2010-06": {
            "month": "2010-06",
            "price": "9.98",
            "revenue": 23255
        },
        "2010-07": {
            "month": "2010-07",
            "price": "10.34",
            "revenue": 7329
        },
        "2010-08": {
            "month": "2010-08",
            "price": "10.35",
            "revenue": 6977
        },
        "2010-09": {
            "month": "2010-09",
            "price": "8.31",
            "revenue": 79
        },
        "2010-10": {
            "month": "2010-10",
            "price": "4.40",
            "revenue": 0
        },
        "2010-11": {
            "month": "2010-11",
            "price": "2.92",
            "revenue": 65
        },
        "2010-12": {
            "month": "2010-12",
            "price": "2.77",
            "revenue": 47
        },
        "2011-01": {
            "month": "2011-01",
            "price": "2.74",
            "revenue": 0
        },
        "2011-02": {
            "month": "2011-02",
            "price": "2.76",
            "revenue": 0
        },
        "2011-03": {
            "month": "2011-03",
            "price": "2.57",
            "revenue": 0
        },
        "2011-04": {
            "month": "2011-04",
            "price": "2.57",
            "revenue": 0
        },
        "2011-05": {
            "month": "2011-05",
            "price": "2.39",
            "revenue": 0
        },
        "2011-06": {
            "month": "2011-06",
            "price": "2.05",
            "revenue": 7923
        },
        "2011-07": {
            "month": "2011-07",
            "price": "1.90",
            "revenue": 1480
        },
        "2011-08": {
            "month": "2011-08",
            "price": "2.05",
            "revenue": 762
        },
        "2011-09": {
            "month": "2011-09",
            "price": "6.05",
            "revenue": 0
        },
        "2011-10": {
            "month": "2011-10",
            "price": "5.67",
            "revenue": 0
        },
        "2011-11": {
            "month": "2011-11",
            "price": "5.50",
            "revenue": 23464
        },
        "2011-12": {
            "month": "2011-12",
            "price": "5.28",
            "revenue": 24583
        },
        "2012-01": {
            "month": "2012-01",
            "price": "5.29",
            "revenue": 4958
        },
        "2012-02": {
            "month": "2012-02",
            "price": "5.21",
            "revenue": 4296
        },
        "2012-03": {
            "month": "2012-03",
            "price": "5.15",
            "revenue": 7099
        },
        "2012-04": {
            "month": "2012-04",
            "price": "5.07",
            "revenue": 22887
        },
        "2012-05": {
            "month": "2012-05",
            "price": "4.86",
            "revenue": 23116
        },
        "2012-06": {
            "month": "2012-06",
            "price": "4.16",
            "revenue": 22694
        },
        "2012-07": {
            "month": "2012-07",
            "price": "4.00",
            "revenue": 21002
        },
        "2012-08": {
            "month": "2012-08",
            "price": "3.82",
            "revenue": 19969
        },
        "2012-09": {
            "month": "2012-09",
            "price": "3.90",
            "revenue": 22142
        },
        "2012-10": {
            "month": "2012-10",
            "price": "9.78",
            "revenue": 31967
        },
        "2012-11": {
            "month": "2012-11",
            "price": "8.60",
            "revenue": 13227
        },
        "2012-12": {
            "month": "2012-12",
            "price": "7.87",
            "revenue": 10425
        },
        "2013-01": {
            "month": "2013-01",
            "price": "12.01",
            "revenue": 9702
        },
        "2013-02": {
            "month": "2013-02",
            "price": "10.59",
            "revenue": 9504
        },
        "2013-03": {
            "month": "2013-03",
            "price": "12.44",
            "revenue": 12453
        },
        "2013-04": {
            "month": "2013-04",
            "price": "11.36",
            "revenue": 10303
        },
        "2013-05": {
            "month": "2013-05",
            "price": "11.92",
            "revenue": 13032
        },
        "2013-06": {
            "month": "2013-06",
            "price": "13.37",
            "revenue": 11257
        },
        "2013-07": {
            "month": "2013-07",
            "price": "12.75",
            "revenue": 12696
        },
        "2013-08": {
            "month": "2013-08",
            "price": "12.26",
            "revenue": 11506
        },
        "2013-09": {
            "month": "2013-09",
            "price": "11.78",
            "revenue": 11473
        },
        "2013-10": {
            "month": "2013-10",
            "price": "12.39",
            "revenue": 13492
        },
        "2013-11": {
            "month": "2013-11",
            "price": "11.89",
            "revenue": 10792
        },
        "2013-12": {
            "month": "2013-12",
            "price": "11.93",
            "revenue": 15521
        },
        "2014-01": {
            "month": "2014-01",
            "price": "12.02",
            "revenue": 15663
        },
        "2014-02": {
            "month": "2014-02",
            "price": "12.00",
            "revenue": 10636
        },
        "2014-03": {
            "month": "2014-03",
            "price": "11.78",
            "revenue": 17958
        },
        "2014-04": {
            "month": "2014-04",
            "price": "11.22",
            "revenue": 16573
        },
        "2014-05": {
            "month": "2014-05",
            "price": "10.35",
            "revenue": 19474
        },
        "2014-06": {
            "month": "2014-06",
            "price": "10.24",
            "revenue": 14105
        },
        "2014-07": {
            "month": "2014-07",
            "price": "11.18",
            "revenue": 12716
        },
        "2014-08": {
            "month": "2014-08",
            "price": "13.40",
            "revenue": 17311
        },
        "2014-09": {
            "month": "2014-09",
            "price": "14.96",
            "revenue": 22969
        },
        "2014-10": {
            "month": "2014-10",
            "price": "14.82",
            "revenue": 27172
        },
        "2014-11": {
            "month": "2014-11",
            "price": "14.34",
            "revenue": 13682
        },
        "2014-12": {
            "month": "2014-12",
            "price": "13.94",
            "revenue": 20841
        },
        "2015-01": {
            "month": "2015-01",
            "price": "16.34",
            "revenue": 16182
        },
        "2015-02": {
            "month": "2015-02",
            "price": "20.41",
            "revenue": 13170
        },
        "2015-03": {
            "month": "2015-03",
            "price": "22.10",
            "revenue": 23316
        },
        "2015-04": {
            "month": "2015-04",
            "price": "25.97",
            "revenue": 23417
        },
        "2015-05": {
            "month": "2015-05",
            "price": "27.92",
            "revenue": 25317
        },
        "2015-06": {
            "month": "2015-06",
            "price": "27.35",
            "revenue": 2602
        },
        "2015-07": {
            "month": "2015-07",
            "price": "24.93",
            "revenue": 5190
        },
        "2015-08": {
            "month": "2015-08",
            "price": "24.89",
            "revenue": 6863
        },
        "2015-09": {
            "month": "2015-09",
            "price": "23.33",
            "revenue": 78784
        },
        "2015-10": {
            "month": "2015-10",
            "price": "23.81",
            "revenue": 470
        },
        "2015-11": {
            "month": "2015-11",
            "price": "21.49",
            "revenue": 65965
        },
        "2015-12": {
            "month": "2015-12",
            "price": "20.95",
            "revenue": 42009
        },
        "2016-01": {
            "month": "2016-01",
            "price": "21.17",
            "revenue": 58185
        },
        "2016-02": {
            "month": "2016-02",
            "price": "21.27",
            "revenue": 60594
        },
        "2016-03": {
            "month": "2016-03",
            "price": "24.15",
            "revenue": 45564
        },
        "2016-04": {
            "month": "2016-04",
            "price": "24.91",
            "revenue": 50352
        },
        "2016-05": {
            "month": "2016-05",
            "price": "23.66",
            "revenue": 53679
        },
        "2016-06": {
            "month": "2016-06",
            "price": "23.73",
            "revenue": 55969
        },
        "2016-07": {
            "month": "2016-07",
            "price": "25.20",
            "revenue": 62840
        },
        "2016-08": {
            "month": "2016-08",
            "price": "24.60",
            "revenue": 0
        },
        "2016-09": {
            "month": "2016-09",
            "price": "23.67",
            "revenue": 33331
        },
        "2016-10": {
            "month": "2016-10",
            "price": "18.15",
            "revenue": 92458
        },
        "2016-11": {
            "month": "2016-11",
            "price": "16.38",
            "revenue": 88900
        },
        "2016-12": {
            "month": "2016-12",
            "price": "16.81",
            "revenue": 81849
        },
        "2017-01": {
            "month": "2017-01",
            "price": "19.24",
            "revenue": 72877
        },
        "2017-02": {
            "month": "2017-02",
            "price": "19.75",
            "revenue": 149857
        },
        "2017-03": {
            "month": "2017-03",
            "price": "21.28",
            "revenue": 75499
        },
        "2017-04": {
            "month": "2017-04",
            "price": "19.01",
            "revenue": 41429
        },
        "2017-05": {
            "month": "2017-05",
            "price": "17.18",
            "revenue": 29759
        },
        "2017-06": {
            "month": "2017-06",
            "price": "16.01",
            "revenue": 26442
        },
        "2017-07": {
            "month": "2017-07",
            "price": "15.25",
            "revenue": 52898
        },
        "2017-08": {
            "month": "2017-08",
            "price": "14.92",
            "revenue": 33265
        },
        "2017-09": {
            "month": "2017-09",
            "price": "14.68",
            "revenue": 57681
        },
        "2017-10": {
            "month": "2017-10",
            "price": "15.33",
            "revenue": 166009
        },
        "2017-11": {
            "month": "2017-11",
            "price": "16.78",
            "revenue": 38609
        },
        "2017-12": {
            "month": "2017-12",
            "price": "15.19",
            "revenue": 37096
        },
        "2018-01": {
            "month": "2018-01",
            "price": "18.24",
            "revenue": 33264
        },
        "2018-02": {
            "month": "2018-02",
            "price": "19.87",
            "revenue": 149615
        },
        "2018-03": {
            "month": "2018-03",
            "price": "23.40",
            "revenue": 16850
        },
        "2018-04": {
            "month": "2018-04",
            "price": "18.86",
            "revenue": 17789
        },
        "2018-05": {
            "month": "2018-05",
            "price": "18.26",
            "revenue": 158357
        },
        "2018-06": {
            "month": "2018-06",
            "price": "21.07",
            "revenue": 139142
        },
        "2018-07": {
            "month": "2018-07",
            "price": "20.97",
            "revenue": 129405
        },
        "2018-08": {
            "month": "2018-08",
            "price": "19.23",
            "revenue": 33324
        },
        "2018-09": {
            "month": "2018-09",
            "price": "18.90",
            "revenue": 90447
        },
        "2018-10": {
            "month": "2018-10",
            "price": "17.05",
            "revenue": 36923
        },
        "2018-11": {
            "month": "2018-11",
            "price": "16.41",
            "revenue": 72790
        },
        "2018-12": {
            "month": "2018-12",
            "price": "16.19",
            "revenue": 30343
        },
        "2019-01": {
            "month": "2019-01",
            "price": "15.88",
            "revenue": 22785
        },
        "2019-02": {
            "month": "2019-02",
            "price": "15.96",
            "revenue": 21157
        },
        "2019-03": {
            "month": "2019-03",
            "price": "16.05",
            "revenue": 16980
        },
        "2019-04": {
            "month": "2019-04",
            "price": "15.82",
            "revenue": 79371
        },
        "2019-05": {
            "month": "2019-05",
            "price": "15.61",
            "revenue": 75215
        },
        "2019-06": {
            "month": "2019-06",
            "price": "15.35",
            "revenue": 72495
        },
        "2019-07": {
            "month": "2019-07",
            "price": "15.42",
            "revenue": 70476
        },
        "2019-08": {
            "month": "2019-08",
            "price": "15.37",
            "revenue": 38542
        },
        "2019-09": {
            "month": "2019-09",
            "price": "15.02",
            "revenue": 67013
        },
        "2019-10": {
            "month": "2019-10",
            "price": "15.34",
            "revenue": 64432
        },
        "2019-11": {
            "month": "2019-11",
            "price": "15.29",
            "revenue": 60244
        },
        "2019-12": {
            "month": "2019-12",
            "price": "16.04",
            "revenue": 83727
        },
        "2020-01": {
            "month": "2020-01",
            "price": "15.25",
            "revenue": 88122
        },
        "2020-02": {
            "month": "2020-02",
            "price": "15.92",
            "revenue": 89637
        },
        "2020-03": {
            "month": "2020-03",
            "price": "14.53",
            "revenue": 89652
        },
        "2020-04": {
            "month": "2020-04",
            "price": "13.49",
            "revenue": 71522
        },
        "2020-05": {
            "month": "2020-05",
            "price": "13.62",
            "revenue": 48195
        },
        "2020-06": {
            "month": "2020-06",
            "price": "13.60",
            "revenue": 52728
        },
        "2020-07": {
            "month": "2020-07",
            "price": "14.13",
            "revenue": 65520
        },
        "2020-08": {
            "month": "2020-08",
            "price": "15.30",
            "revenue": 62942
        },
        "2020-09": {
            "month": "2020-09",
            "price": "17.09",
            "revenue": 66346
        },
        "2020-10": {
            "month": "2020-10",
            "price": "20.51",
            "revenue": 55282
        },
        "2020-11": {
            "month": "2020-11",
            "price": "21.91",
            "revenue": 63809
        },
        "2020-12": {
            "month": "2020-12",
            "price": "22.67",
            "revenue": 66429
        },
        "2021-01": {
            "month": "2021-01",
            "price": "23.38",
            "revenue": 74577
        },
        "2021-02": {
            "month": "2021-02",
            "price": "22.99",
            "revenue": 42844
        },
        "2021-03": {
            "month": "2021-03",
            "price": "25.31",
            "revenue": 92024
        },
        "2021-04": {
            "month": "2021-04",
            "price": "24.40",
            "revenue": 191365
        },
        "2021-05": {
            "month": "2021-05",
            "price": "21.45",
            "revenue": 111248
        },
        "2021-06": {
            "month": "2021-06",
            "price": "21.78",
            "revenue": 122211
        },
        "2021-07": {
            "month": "2021-07",
            "price": "22.14",
            "revenue": 134181
        },
        "2021-08": {
            "month": "2021-08",
            "price": "20.04",
            "revenue": 628
        },
        "2021-09": {
            "month": "2021-09",
            "price": "19.66",
            "revenue": 72982
        },
        "2021-10": {
            "month": "2021-10",
            "price": "20.24",
            "revenue": 163486
        },
        "2021-11": {
            "month": "2021-11",
            "price": "22.66",
            "revenue": 185051
        },
        "2021-12": {
            "month": "2021-12",
            "price": "24.07",
            "revenue": 0
        },
        "2022-01": {
            "month": "2022-01",
            "price": "23.26",
            "revenue": 176695
        },
        "2022-02": {
            "month": "2022-02",
            "price": "24.26",
            "revenue": 149716
        },
        "2022-03": {
            "month": "2022-03",
            "price": "26.50",
            "revenue": 211515
        },
        "2022-04": {
            "month": "2022-04",
            "price": "28.21",
            "revenue": 657
        },
        "2022-05": {
            "month": "2022-05",
            "price": "24.20",
            "revenue": 215627
        },
        "2022-06": {
            "month": "2022-06",
            "price": "25.15",
            "revenue": 0
        },
        "2022-07": {
            "month": "2022-07",
            "price": "22.33",
            "revenue": 217961
        },
        "2022-08": {
            "month": "2022-08",
            "price": "24.18",
            "revenue": 198568
        },
        "2022-09": {
            "month": "2022-09",
            "price": "24.02",
            "revenue": 579
        },
        "2022-10": {
            "month": "2022-10",
            "price": "22.63",
            "revenue": 110791
        },
        "2022-11": {
            "month": "2022-11",
            "price": "21.32",
            "revenue": 0
        },
        "2022-12": {
            "month": "2022-12",
            "price": "20.39",
            "revenue": 220001
        },
        "2023-01": {
            "month": "2023-01",
            "price": "20.23",
            "revenue": 198800
        },
        "2023-02": {
            "month": "2023-02",
            "price": "20.35",
            "revenue": 184443
        },
        "2023-03": {
            "month": "2023-03",
            "price": "20.37",
            "revenue": 0
        },
        "2023-04": {
            "month": "2023-04",
            "price": "20.42",
            "revenue": 0
        },
        "2023-05": {
            "month": "2023-05",
            "price": "20.68",
            "revenue": 0
        },
        "2023-06": {
            "month": "2023-06",
            "price": "20.96",
            "revenue": 40136
        },
        "2023-07": {
            "month": "2023-07",
            "price": "20.37",
            "revenue": 53983
        },
        "2023-08": {
            "month": "2023-08",
            "price": "18.75",
            "revenue": 60030
        },
        "2023-09": {
            "month": "2023-09",
            "price": "17.32",
            "revenue": 95771
        },
        "2023-10": {
            "month": "2023-10",
            "price": "16.59",
            "revenue": 96389
        },
        "2023-11": {
            "month": "2023-11",
            "price": "17.40",
            "revenue": 83018
        },
        "2023-12": {
            "month": "2023-12",
            "price": "18.60",
            "revenue": 40144
        }
    }
}
