{
    "summary": {
        "stock_name": "利奇",
        "stock_id": "1517",
        "category": "電機機械",
        "main_business": "汽、機車、腳踏車零件之製造、加工及買賣<br>一般機械製造、加工及買賣",
        "website_url": "http://www.leechi.com.tw",
        "ceo": "林宜賢",
        "pe_ratio": -22,
        "report_year_from": 2001,
        "report_year_to": 2023,
        "age": 23,
        "eps_negative_percentage": 13,
        "eps_growth_avg": {
            "last_all": 0.38,
            "last_2y": 8.79,
            "last_4y": 8.77,
            "last_8y": -23.03,
            "last_12y": -17.24,
            "last_16y": -8.25,
            "last_20y": 0.38,
            "at_2006_last_3y": 34.89,
            "at_2007_last_3y": 2.71,
            "at_2008_last_3y": 9.77,
            "at_2009_last_3y": 27.37,
            "at_2010_last_3y": 18.75,
            "at_2011_last_3y": 20.89,
            "at_2012_last_3y": 8.11,
            "at_2013_last_3y": 18.99,
            "at_2014_last_3y": -5.67,
            "at_2015_last_3y": -10.54,
            "at_2016_last_3y": -33.32,
            "at_2017_last_3y": -65.31,
            "at_2018_last_3y": -76.04,
            "at_2019_last_3y": -90.34,
            "at_2020_last_3y": -27.5,
            "at_2021_last_3y": 39.17,
            "at_2022_last_3y": 35.97,
            "at_2023_last_3y": 31.59,
            "at_2024_last_3y": 31.59,
            "at_2006_last_all": 34.89,
            "at_2007_last_all": 22.17,
            "at_2008_last_all": 27.43,
            "at_2009_last_all": 21.29,
            "at_2010_last_all": 26.82,
            "at_2011_last_all": 21.6,
            "at_2012_last_all": 19.7,
            "at_2013_last_all": 20.45,
            "at_2014_last_all": 15.99,
            "at_2015_last_all": 11.71,
            "at_2016_last_all": 4.55,
            "at_2017_last_all": -2.42,
            "at_2018_last_all": -2.42,
            "at_2019_last_all": -7.42,
            "at_2020_last_all": -1.1,
            "at_2021_last_all": 4.51,
            "at_2022_last_all": 5.66,
            "at_2023_last_all": 0.38,
            "at_2024_last_all": 0.38
        },
        "latest_eps": -0.75,
        "latest_price": 16.15,
        "latest_roe": -3.97,
        "latest_gross_margin": -3.15,
        "latest_equity": 3815983,
        "latest_revenue": 414293,
        "latest_gross_profit": -13069,
        "latest_net_income": -98474,
        "latest_debt_ratio": 15.43,
        "latest_current_ratio": 675.74,
        "latest_account_receivable_turnover_ratio": 0.96,
        "latest_inventory_turnover_ratio": 0.42,
        "latest_reinvestment_rate": -19.78,
        "latest_research_to_sale_ratio": 4.87
    },
    "eps_dividends": {
        "1993": {
            "cash": 0.5,
            "stock": 0,
            "eps": 0
        },
        "1994": {
            "cash": 0,
            "stock": 1.1,
            "eps": 0
        },
        "1995": {
            "cash": 0,
            "stock": 1.5,
            "eps": 0
        },
        "1996": {
            "cash": 0,
            "stock": 3,
            "eps": 0
        },
        "1997": {
            "cash": 0,
            "stock": 2.6,
            "eps": 0
        },
        "1999": {
            "cash": 0,
            "stock": 3.8,
            "eps": 0
        },
        "2000": {
            "cash": 0,
            "stock": 1,
            "eps": 0
        },
        "2001": {
            "cash": 0,
            "stock": 0,
            "eps": -1.39
        },
        "2002": {
            "cash": 0,
            "stock": 0,
            "eps": 0.1
        },
        "2003": {
            "cash": 0,
            "stock": 0,
            "eps": 0.51
        },
        "2004": {
            "cash": 0,
            "stock": 0,
            "eps": 0.64
        },
        "2005": {
            "cash": 0,
            "stock": 0.25,
            "eps": 0.09
        },
        "2006": {
            "cash": 0.15,
            "stock": 0,
            "eps": 0.94
        },
        "2007": {
            "cash": 0.6,
            "stock": 0,
            "eps": 0.67
        },
        "2008": {
            "cash": 0.6,
            "stock": 0,
            "eps": 1.03
        },
        "2009": {
            "cash": 0.7,
            "stock": 0,
            "eps": 0.87
        },
        "2010": {
            "cash": 0.6,
            "stock": 0,
            "eps": 1.44
        },
        "2011": {
            "cash": 1.4,
            "stock": 0,
            "eps": 1.15
        },
        "2012": {
            "cash": 0,
            "stock": 0,
            "eps": 1.18
        },
        "2013": {
            "cash": 0.7,
            "stock": 0,
            "eps": 1.51
        },
        "2014": {
            "cash": 0.5,
            "stock": 0,
            "eps": 1.01
        },
        "2015": {
            "cash": 0.5,
            "stock": 0,
            "eps": 0.61
        },
        "2016": {
            "cash": 0.5,
            "stock": 0,
            "eps": 0.07
        },
        "2017": {
            "cash": 0.2,
            "stock": 0,
            "eps": -0.18
        },
        "2018": {
            "cash": 0.2,
            "stock": 0,
            "eps": 0.4
        },
        "2019": {
            "cash": 0.25,
            "stock": 0,
            "eps": 0.07
        },
        "2020": {
            "cash": 0.2,
            "stock": 0,
            "eps": 0.77
        },
        "2021": {
            "cash": 0.35,
            "stock": 0,
            "eps": 2.01
        },
        "2022": {
            "cash": 0.8,
            "stock": 0,
            "eps": 2.54
        },
        "2023": {
            "cash": 0.9,
            "stock": 0,
            "eps": -0.74
        },
        "2024": {
            "cash": 0.2,
            "stock": 0,
            "eps": 0
        }
    },
    "dividends": {
        "1993-07-31": {
            "cash": 0.5,
            "stock": 0
        },
        "1994-06-20": {
            "cash": 0,
            "stock": 1.1
        },
        "1995-04-29": {
            "cash": 0,
            "stock": 1.5
        },
        "1996-06-18": {
            "cash": 0,
            "stock": 3
        },
        "1997-06-16": {
            "cash": 0,
            "stock": 2.6
        },
        "1999-06-03": {
            "cash": 0,
            "stock": 3.8
        },
        "2000-05-26": {
            "cash": 0,
            "stock": 1
        },
        "2005-04-26": {
            "cash": 0,
            "stock": 0.25
        },
        "2006-04-04": {
            "cash": 0.15,
            "stock": 0
        },
        "2007-05-09": {
            "cash": 0.6,
            "stock": 0
        },
        "2008-05-07": {
            "cash": 0.6,
            "stock": 0
        },
        "2009-04-27": {
            "cash": 0.7,
            "stock": 0
        },
        "2010-05-05": {
            "cash": 0.6,
            "stock": 0
        },
        "2011-01-01": {
            "cash": 0.7,
            "stock": 0
        },
        "2011-03-30": {
            "cash": 0.7,
            "stock": 0
        },
        "2013-05-08": {
            "cash": 0.7,
            "stock": 0
        },
        "2014-09-17": {
            "cash": 0.5,
            "stock": 0
        },
        "2015-09-25": {
            "cash": 0.5,
            "stock": 0
        },
        "2016-10-07": {
            "cash": 0.5,
            "stock": 0
        },
        "2017-10-13": {
            "cash": 0.2,
            "stock": 0
        },
        "2018-10-12": {
            "cash": 0.2,
            "stock": 0
        },
        "2019-09-26": {
            "cash": 0.25,
            "stock": 0
        },
        "2020-09-30": {
            "cash": 0.2,
            "stock": 0
        },
        "2021-10-15": {
            "cash": 0.35,
            "stock": 0
        },
        "2022-10-14": {
            "cash": 0.8,
            "stock": 0
        },
        "2023-10-06": {
            "cash": 0.9,
            "stock": 0
        },
        "2024-03-14": {
            "cash": 0.2,
            "stock": 0
        }
    },
    "prices": {
        "200101": "5.31",
        "200102": "8.18",
        "200103": "7.88",
        "200104": "7.28",
        "200105": "6.10",
        "200106": "5.78",
        "200107": "4.78",
        "200108": "4.86",
        "200109": "4.09",
        "200110": "3.52",
        "200111": "3.43",
        "200112": "4.45",
        "200201": "5.13",
        "200202": "4.77",
        "200203": "5.58",
        "200204": "6.64",
        "200205": "6.06",
        "200206": "5.51",
        "200207": "5.22",
        "200208": "5.09",
        "200209": "4.25",
        "200210": "3.88",
        "200211": "4.80",
        "200212": "5.09",
        "200301": "5.87",
        "200302": "6.79",
        "200303": "7.74",
        "200304": "7.37",
        "200305": "7.14",
        "200306": "8.25",
        "200307": "8.04",
        "200308": "7.46",
        "200309": "6.76",
        "200310": "7.23",
        "200311": "8.57",
        "200312": "9.75",
        "200401": "9.87",
        "200402": "10.37",
        "200403": "10.77",
        "200404": "11.85",
        "200405": "12.42",
        "200406": "11.88",
        "200407": "11.50",
        "200408": "11.97",
        "200409": "12.93",
        "200410": "12.84",
        "200411": "11.94",
        "200412": "11.91",
        "200501": "12.45",
        "200502": "12.54",
        "200503": "12.35",
        "200504": "10.25",
        "200505": "8.01",
        "200506": "8.73",
        "200507": "8.65",
        "200508": "8.11",
        "200509": "6.52",
        "200510": "6.05",
        "200511": "5.88",
        "200512": "6.52",
        "200601": "6.56",
        "200602": "6.35",
        "200603": "5.88",
        "200604": "5.96",
        "200605": "6.32",
        "200606": "5.66",
        "200607": "5.46",
        "200608": "5.21",
        "200609": "5.23",
        "200610": "6.21",
        "200611": "7.14",
        "200612": "12.21",
        "200701": "15.12",
        "200702": "15.60",
        "200703": "15.43",
        "200704": "16.71",
        "200705": "16.32",
        "200706": "17.78",
        "200707": "23.00",
        "200708": "21.72",
        "200709": "19.42",
        "200710": "16.51",
        "200711": "12.96",
        "200712": "10.19",
        "200801": "10.71",
        "200802": "11.28",
        "200803": "12.79",
        "200804": "13.52",
        "200805": "14.77",
        "200806": "15.00",
        "200807": "12.82",
        "200808": "11.16",
        "200809": "8.49",
        "200810": "8.28",
        "200811": "8.47",
        "200812": "8.29",
        "200901": "7.66",
        "200902": "7.28",
        "200903": "8.13",
        "200904": "10.10",
        "200905": "10.93",
        "200906": "10.31",
        "200907": "10.87",
        "200908": "10.96",
        "200909": "10.58",
        "200910": "10.65",
        "200911": "11.07",
        "200912": "10.78",
        "201001": "11.55",
        "201002": "10.32",
        "201003": "10.95",
        "201004": "11.82",
        "201005": "13.59",
        "201006": "13.34",
        "201007": "14.77",
        "201008": "16.76",
        "201009": "14.86",
        "201010": "14.71",
        "201011": "14.26",
        "201012": "14.73",
        "201101": "15.61",
        "201102": "14.86",
        "201103": "14.44",
        "201104": "14.43",
        "201105": "14.12",
        "201106": "13.10",
        "201107": "13.05",
        "201108": "11.07",
        "201109": "10.67",
        "201110": "10.55",
        "201111": "11.67",
        "201112": "10.72",
        "201201": "11.01",
        "201202": "12.80",
        "201203": "14.21",
        "201204": "14.52",
        "201205": "12.92",
        "201206": "12.00",
        "201207": "13.00",
        "201208": "13.03",
        "201209": "12.60",
        "201210": "11.91",
        "201211": "11.16",
        "201212": "11.88",
        "201301": "12.03",
        "201302": "12.28",
        "201303": "12.80",
        "201304": "13.98",
        "201305": "14.79",
        "201306": "14.04",
        "201307": "14.55",
        "201308": "13.88",
        "201309": "13.56",
        "201310": "14.32",
        "201311": "14.20",
        "201312": "14.92",
        "201401": "16.39",
        "201402": "17.19",
        "201403": "18.20",
        "201404": "18.01",
        "201405": "16.31",
        "201406": "16.28",
        "201407": "16.29",
        "201408": "15.87",
        "201409": "14.62",
        "201410": "13.50",
        "201411": "13.31",
        "201412": "14.01",
        "201501": "14.90",
        "201502": "15.20",
        "201503": "15.55",
        "201504": "14.83",
        "201505": "14.15",
        "201506": "13.01",
        "201507": "12.19",
        "201508": "10.97",
        "201509": "10.92",
        "201510": "12.27",
        "201511": "12.07",
        "201512": "11.60",
        "201601": "11.13",
        "201602": "11.38",
        "201603": "11.50",
        "201604": "11.15",
        "201605": "10.88",
        "201606": "10.85",
        "201607": "10.84",
        "201608": "10.90",
        "201609": "10.50",
        "201610": "10.20",
        "201611": "10.15",
        "201612": "10.39",
        "201701": "10.36",
        "201702": "10.62",
        "201703": "11.17",
        "201704": "11.01",
        "201705": "10.50",
        "201706": "10.33",
        "201707": "10.35",
        "201708": "10.73",
        "201709": "11.09",
        "201710": "12.19",
        "201711": "12.01",
        "201712": "11.56",
        "201801": "11.84",
        "201802": "10.84",
        "201803": "10.77",
        "201804": "10.58",
        "201805": "10.30",
        "201806": "10.22",
        "201807": "10.12",
        "201808": "10.41",
        "201809": "10.37",
        "201810": "9.49",
        "201811": "9.64",
        "201812": "9.90",
        "201901": "9.95",
        "201902": "9.96",
        "201903": "10.20",
        "201904": "10.13",
        "201905": "9.77",
        "201906": "9.64",
        "201907": "9.65",
        "201908": "9.57",
        "201909": "9.29",
        "201910": "9.19",
        "201911": "9.11",
        "201912": "9.07",
        "202001": "9.11",
        "202002": "8.94",
        "202003": "7.36",
        "202004": "7.07",
        "202005": "7.88",
        "202006": "9.01",
        "202007": "10.02",
        "202008": "10.62",
        "202009": "11.65",
        "202010": "12.24",
        "202011": "14.81",
        "202012": "14.11",
        "202101": "13.44",
        "202102": "13.49",
        "202103": "15.56",
        "202104": "29.47",
        "202105": "25.17",
        "202106": "25.91",
        "202107": "29.30",
        "202108": "27.20",
        "202109": "27.53",
        "202110": "24.74",
        "202111": "27.28",
        "202112": "27.38",
        "202201": "26.68",
        "202202": "25.98",
        "202203": "24.15",
        "202204": "22.81",
        "202205": "21.85",
        "202206": "22.64",
        "202207": "22.58",
        "202208": "24.43",
        "202209": "24.51",
        "202210": "22.18",
        "202211": "22.85",
        "202212": "21.32",
        "202301": "20.43",
        "202302": "20.47",
        "202303": "20.22",
        "202304": "19.66",
        "202305": "18.89",
        "202306": "18.93",
        "202307": "17.55",
        "202308": "16.19",
        "202309": "15.61",
        "202310": "14.75",
        "202311": "15.16",
        "202312": "15.60"
    },
    "quarters": {
        "20011": {
            "year_quarter": 20011,
            "year": 2001,
            "quarter": 1,
            "eps": 0.1,
            "eps_growth_year": null,
            "eps_4q": -0.44,
            "eps_4q_growth_year": null,
            "roe": 0.92,
            "roe_4q": 0.92,
            "gross_profit": 50302,
            "gross_margin": 9.97,
            "gross_margin_4q_avg": 9.97,
            "net_income": 23387,
            "net_income_4q": null,
            "revenue": 504287,
            "revenue_4q": null,
            "common_shares": 2312673,
            "book_valuer_per_share": 11.09,
            "book_valuer_per_share_4q_avg": 11.09,
            "equity": 2563676,
            "current_ratio": 539.91,
            "debt_ratio": 12.36,
            "inventory_turnover_ratio": 2.85,
            "account_receivable_turnover_ratio": null,
            "reinvestment_rate": null,
            "research_to_sale_ratio": null,
            "price_fair": 0,
            "eps_avg_yearly": 0,
            "eps_latest_yearly": 0,
            "eps_growth_yearly": 0
        },
        "20012": {
            "year_quarter": 20012,
            "year": 2001,
            "quarter": 2,
            "eps": -0.4,
            "eps_growth_year": null,
            "eps_4q": -0.81,
            "eps_4q_growth_year": null,
            "roe": -3.67,
            "roe_4q": -2.75,
            "gross_profit": -71,
            "gross_margin": -0.03,
            "gross_margin_4q_avg": 4.97,
            "net_income": -93607,
            "net_income_4q": null,
            "revenue": 254930,
            "revenue_4q": null,
            "common_shares": 2312673,
            "book_valuer_per_share": 11,
            "book_valuer_per_share_4q_avg": 11.05,
            "equity": 2544124,
            "current_ratio": 831.37,
            "debt_ratio": 8.73,
            "inventory_turnover_ratio": 1.84,
            "account_receivable_turnover_ratio": null,
            "reinvestment_rate": null,
            "research_to_sale_ratio": null,
            "price_fair": 0,
            "eps_avg_yearly": 0,
            "eps_latest_yearly": 0,
            "eps_growth_yearly": 0
        },
        "20013": {
            "year_quarter": 20013,
            "year": 2001,
            "quarter": 3,
            "eps": -0.26,
            "eps_growth_year": null,
            "eps_4q": -0.76,
            "eps_4q_growth_year": null,
            "roe": -2.38,
            "roe_4q": -5.13,
            "gross_profit": 15645,
            "gross_margin": 5.96,
            "gross_margin_4q_avg": 5.3,
            "net_income": -59867,
            "net_income_4q": null,
            "revenue": 262438,
            "revenue_4q": null,
            "common_shares": 2312673,
            "book_valuer_per_share": 10.73,
            "book_valuer_per_share_4q_avg": 10.94,
            "equity": 2481450,
            "current_ratio": 670.06,
            "debt_ratio": 10.24,
            "inventory_turnover_ratio": 1.85,
            "account_receivable_turnover_ratio": null,
            "reinvestment_rate": null,
            "research_to_sale_ratio": null,
            "price_fair": 0,
            "eps_avg_yearly": 0,
            "eps_latest_yearly": 0,
            "eps_growth_yearly": 0
        },
        "20014": {
            "year_quarter": 20014,
            "year": 2001,
            "quarter": 4,
            "eps": -0.83,
            "eps_growth_year": null,
            "eps_4q": -1.39,
            "eps_4q_growth_year": null,
            "roe": -8,
            "roe_4q": -13.129999999999999,
            "gross_profit": 38672,
            "gross_margin": 10.29,
            "gross_margin_4q_avg": 6.55,
            "net_income": -191034,
            "net_income_4q": null,
            "revenue": 375680,
            "revenue_4q": null,
            "common_shares": 2312673,
            "book_valuer_per_share": 9.93,
            "book_valuer_per_share_4q_avg": 10.69,
            "equity": 2295751,
            "current_ratio": 338.66,
            "debt_ratio": 18.46,
            "inventory_turnover_ratio": 2.43,
            "account_receivable_turnover_ratio": null,
            "reinvestment_rate": null,
            "research_to_sale_ratio": null,
            "price_fair": 0,
            "eps_avg_yearly": 0,
            "eps_latest_yearly": 0,
            "eps_growth_yearly": 0
        },
        "20021": {
            "year_quarter": 20021,
            "year": 2002,
            "quarter": 1,
            "eps": 0.11,
            "eps_growth_year": 10,
            "eps_4q": -1.44,
            "eps_4q_growth_year": null,
            "roe": 1.06,
            "roe_4q": -12.99,
            "gross_profit": 60360,
            "gross_margin": 14.36,
            "gross_margin_4q_avg": 7.65,
            "net_income": 24503,
            "net_income_4q": null,
            "revenue": 420306,
            "revenue_4q": null,
            "common_shares": 2312673,
            "book_valuer_per_share": 10.04,
            "book_valuer_per_share_4q_avg": 10.43,
            "equity": 2321711,
            "current_ratio": 332.39,
            "debt_ratio": 19.22,
            "inventory_turnover_ratio": 2.46,
            "account_receivable_turnover_ratio": null,
            "reinvestment_rate": null,
            "research_to_sale_ratio": null,
            "price_fair": 0,
            "eps_avg_yearly": 0,
            "eps_latest_yearly": 0,
            "eps_growth_yearly": 0
        },
        "20022": {
            "year_quarter": 20022,
            "year": 2002,
            "quarter": 2,
            "eps": -0.21,
            "eps_growth_year": null,
            "eps_4q": -1.19,
            "eps_4q_growth_year": null,
            "roe": -2.15,
            "roe_4q": -11.469999999999999,
            "gross_profit": 33558,
            "gross_margin": 9.61,
            "gross_margin_4q_avg": 10.06,
            "net_income": -49128,
            "net_income_4q": null,
            "revenue": 349217,
            "revenue_4q": null,
            "common_shares": 2312673,
            "book_valuer_per_share": 9.74,
            "book_valuer_per_share_4q_avg": 10.11,
            "equity": 2253565,
            "current_ratio": 438.27,
            "debt_ratio": 14.81,
            "inventory_turnover_ratio": 2.02,
            "account_receivable_turnover_ratio": null,
            "reinvestment_rate": null,
            "research_to_sale_ratio": null,
            "price_fair": 0,
            "eps_avg_yearly": 0,
            "eps_latest_yearly": 0,
            "eps_growth_yearly": 0
        },
        "20023": {
            "year_quarter": 20023,
            "year": 2002,
            "quarter": 3,
            "eps": -0.06,
            "eps_growth_year": null,
            "eps_4q": -0.99,
            "eps_4q_growth_year": null,
            "roe": -0.6,
            "roe_4q": -9.69,
            "gross_profit": 12756,
            "gross_margin": 3.62,
            "gross_margin_4q_avg": 9.47,
            "net_income": -13617,
            "net_income_4q": null,
            "revenue": 352033,
            "revenue_4q": null,
            "common_shares": 2312673,
            "book_valuer_per_share": 9.75,
            "book_valuer_per_share_4q_avg": 9.87,
            "equity": 2254168,
            "current_ratio": 435.73,
            "debt_ratio": 14.87,
            "inventory_turnover_ratio": 2.17,
            "account_receivable_turnover_ratio": null,
            "reinvestment_rate": null,
            "research_to_sale_ratio": null,
            "price_fair": 0,
            "eps_avg_yearly": 0,
            "eps_latest_yearly": 0,
            "eps_growth_yearly": 0
        },
        "20024": {
            "year_quarter": 20024,
            "year": 2002,
            "quarter": 4,
            "eps": 0.26,
            "eps_growth_year": null,
            "eps_4q": 0.09,
            "eps_4q_growth_year": null,
            "roe": 2.63,
            "roe_4q": 0.94,
            "gross_profit": 46676,
            "gross_margin": 12.21,
            "gross_margin_4q_avg": 9.95,
            "net_income": 60252,
            "net_income_4q": null,
            "revenue": 382363,
            "revenue_4q": null,
            "common_shares": 2312673,
            "book_valuer_per_share": 10.03,
            "book_valuer_per_share_4q_avg": 9.89,
            "equity": 2320722,
            "current_ratio": 426.74,
            "debt_ratio": 15.58,
            "inventory_turnover_ratio": 2.14,
            "account_receivable_turnover_ratio": null,
            "reinvestment_rate": null,
            "research_to_sale_ratio": null,
            "price_fair": 0,
            "eps_avg_yearly": 0,
            "eps_latest_yearly": 0,
            "eps_growth_yearly": 0
        },
        "20031": {
            "year_quarter": 20031,
            "year": 2003,
            "quarter": 1,
            "eps": 0.14,
            "eps_growth_year": 27.27,
            "eps_4q": 0.13,
            "eps_4q_growth_year": null,
            "roe": 1.37,
            "roe_4q": 1.25,
            "gross_profit": 64452,
            "gross_margin": 15.17,
            "gross_margin_4q_avg": 10.15,
            "net_income": 32049,
            "net_income_4q": null,
            "revenue": 424815,
            "revenue_4q": null,
            "common_shares": 2312673,
            "book_valuer_per_share": 10.17,
            "book_valuer_per_share_4q_avg": 9.92,
            "equity": 2352157,
            "current_ratio": 400.06,
            "debt_ratio": 16.88,
            "inventory_turnover_ratio": 2.12,
            "account_receivable_turnover_ratio": null,
            "reinvestment_rate": null,
            "research_to_sale_ratio": null,
            "price_fair": 1.68,
            "eps_avg_yearly": 0.56,
            "eps_latest_yearly": 0.56,
            "eps_growth_yearly": -184.62
        },
        "20032": {
            "year_quarter": 20032,
            "year": 2003,
            "quarter": 2,
            "eps": 0.09,
            "eps_growth_year": null,
            "eps_4q": 0.42,
            "eps_4q_growth_year": null,
            "roe": 0.9,
            "roe_4q": 4.300000000000001,
            "gross_profit": 39980,
            "gross_margin": 12,
            "gross_margin_4q_avg": 10.75,
            "net_income": 21358,
            "net_income_4q": null,
            "revenue": 333268,
            "revenue_4q": null,
            "common_shares": 2312673,
            "book_valuer_per_share": 10.26,
            "book_valuer_per_share_4q_avg": 10.05,
            "equity": 2371844,
            "current_ratio": 408.72,
            "debt_ratio": 16.65,
            "inventory_turnover_ratio": 1.58,
            "account_receivable_turnover_ratio": null,
            "reinvestment_rate": null,
            "research_to_sale_ratio": null,
            "price_fair": 1.38,
            "eps_avg_yearly": 0.46,
            "eps_latest_yearly": 0.36,
            "eps_growth_yearly": -163.74
        },
        "20033": {
            "year_quarter": 20033,
            "year": 2003,
            "quarter": 3,
            "eps": 0.03,
            "eps_growth_year": null,
            "eps_4q": 0.45,
            "eps_4q_growth_year": null,
            "roe": 0.34,
            "roe_4q": 5.24,
            "gross_profit": 42456,
            "gross_margin": 13.02,
            "gross_margin_4q_avg": 13.1,
            "net_income": 8044,
            "net_income_4q": null,
            "revenue": 326143,
            "revenue_4q": null,
            "common_shares": 2312673,
            "book_valuer_per_share": 10.24,
            "book_valuer_per_share_4q_avg": 10.18,
            "equity": 2367687,
            "current_ratio": 406.81,
            "debt_ratio": 16.92,
            "inventory_turnover_ratio": 1.5,
            "account_receivable_turnover_ratio": null,
            "reinvestment_rate": null,
            "research_to_sale_ratio": null,
            "price_fair": 1.04,
            "eps_avg_yearly": 0.35,
            "eps_latest_yearly": 0.12,
            "eps_growth_yearly": -198.05
        },
        "20034": {
            "year_quarter": 20034,
            "year": 2003,
            "quarter": 4,
            "eps": 0.25,
            "eps_growth_year": -3.85,
            "eps_4q": 0.52,
            "eps_4q_growth_year": 447.72,
            "roe": 2.37,
            "roe_4q": 4.98,
            "gross_profit": 66183,
            "gross_margin": 16.51,
            "gross_margin_4q_avg": 14.18,
            "net_income": 56855,
            "net_income_4q": null,
            "revenue": 400763,
            "revenue_4q": null,
            "common_shares": 2312673,
            "book_valuer_per_share": 10.48,
            "book_valuer_per_share_4q_avg": 10.29,
            "equity": 2423648,
            "current_ratio": 341.25,
            "debt_ratio": 20.55,
            "inventory_turnover_ratio": 1.59,
            "account_receivable_turnover_ratio": null,
            "reinvestment_rate": null,
            "research_to_sale_ratio": null,
            "price_fair": 17.85,
            "eps_avg_yearly": 0.51,
            "eps_latest_yearly": 1,
            "eps_growth_yearly": 584.8
        },
        "20041": {
            "year_quarter": 20041,
            "year": 2004,
            "quarter": 1,
            "eps": 0.52,
            "eps_growth_year": 271.43,
            "eps_4q": 0.89,
            "eps_4q_growth_year": 589.34,
            "roe": 4.89,
            "roe_4q": 8.5,
            "gross_profit": 86689,
            "gross_margin": 18.87,
            "gross_margin_4q_avg": 15.1,
            "net_income": 121222,
            "net_income_4q": null,
            "revenue": 459460,
            "revenue_4q": null,
            "common_shares": 2312673,
            "book_valuer_per_share": 10.94,
            "book_valuer_per_share_4q_avg": 10.48,
            "equity": 2530036,
            "current_ratio": 390.95,
            "debt_ratio": 18.12,
            "inventory_turnover_ratio": 1.73,
            "account_receivable_turnover_ratio": null,
            "reinvestment_rate": null,
            "research_to_sale_ratio": null,
            "price_fair": 28.84,
            "eps_avg_yearly": 0.82,
            "eps_latest_yearly": 2.08,
            "eps_growth_yearly": 554.24
        },
        "20042": {
            "year_quarter": 20042,
            "year": 2004,
            "quarter": 2,
            "eps": 0.15,
            "eps_growth_year": 66.67,
            "eps_4q": 0.96,
            "eps_4q_growth_year": 127.4,
            "roe": 1.38,
            "roe_4q": 8.98,
            "gross_profit": 72616,
            "gross_margin": 17.69,
            "gross_margin_4q_avg": 16.52,
            "net_income": 34524,
            "net_income_4q": null,
            "revenue": 410390,
            "revenue_4q": null,
            "common_shares": 2312673,
            "book_valuer_per_share": 10.62,
            "book_valuer_per_share_4q_avg": 10.57,
            "equity": 2457018,
            "current_ratio": 342.72,
            "debt_ratio": 19.67,
            "inventory_turnover_ratio": 1.7,
            "account_receivable_turnover_ratio": null,
            "reinvestment_rate": null,
            "research_to_sale_ratio": null,
            "price_fair": 27.53,
            "eps_avg_yearly": 0.79,
            "eps_latest_yearly": 0.6,
            "eps_growth_yearly": 414.43
        },
        "20043": {
            "year_quarter": 20043,
            "year": 2004,
            "quarter": 3,
            "eps": 0.37,
            "eps_growth_year": 1133.33,
            "eps_4q": 1.31,
            "eps_4q_growth_year": 187.63,
            "roe": 3.36,
            "roe_4q": 12,
            "gross_profit": 73511,
            "gross_margin": 18.38,
            "gross_margin_4q_avg": 17.86,
            "net_income": 84085,
            "net_income_4q": null,
            "revenue": 400016,
            "revenue_4q": null,
            "common_shares": 2312673,
            "book_valuer_per_share": 11,
            "book_valuer_per_share_4q_avg": 10.76,
            "equity": 2544867,
            "current_ratio": 398.31,
            "debt_ratio": 17.58,
            "inventory_turnover_ratio": 1.51,
            "account_receivable_turnover_ratio": null,
            "reinvestment_rate": -846.98,
            "research_to_sale_ratio": null,
            "price_fair": 31,
            "eps_avg_yearly": 0.89,
            "eps_latest_yearly": 1.48,
            "eps_growth_yearly": 439.04
        },
        "20044": {
            "year_quarter": 20044,
            "year": 2004,
            "quarter": 4,
            "eps": -0.4,
            "eps_growth_year": -260,
            "eps_4q": 0.66,
            "eps_4q_growth_year": 26.87,
            "roe": -3.68,
            "roe_4q": 5.949999999999999,
            "gross_profit": 82473,
            "gross_margin": 17.74,
            "gross_margin_4q_avg": 18.17,
            "net_income": -91294,
            "net_income_4q": null,
            "revenue": 464793,
            "revenue_4q": null,
            "common_shares": 2312673,
            "book_valuer_per_share": 10.44,
            "book_valuer_per_share_4q_avg": 10.75,
            "equity": 2413468,
            "current_ratio": 328.25,
            "debt_ratio": 21.87,
            "inventory_turnover_ratio": 1.42,
            "account_receivable_turnover_ratio": null,
            "reinvestment_rate": null,
            "research_to_sale_ratio": null,
            "price_fair": 31,
            "eps_avg_yearly": 0.89,
            "eps_latest_yearly": 1.48,
            "eps_growth_yearly": 439.04
        },
        "20051": {
            "year_quarter": 20051,
            "year": 2005,
            "quarter": 1,
            "eps": 0.14,
            "eps_growth_year": -73.08,
            "eps_4q": 0.26,
            "eps_4q_growth_year": -70.88,
            "roe": 1.32,
            "roe_4q": 2.3799999999999994,
            "gross_profit": 69955,
            "gross_margin": 15.72,
            "gross_margin_4q_avg": 17.38,
            "net_income": 32087,
            "net_income_4q": null,
            "revenue": 444969,
            "revenue_4q": null,
            "common_shares": 2312673,
            "book_valuer_per_share": 10.56,
            "book_valuer_per_share_4q_avg": 10.66,
            "equity": 2441913,
            "current_ratio": 358.13,
            "debt_ratio": 19.58,
            "inventory_turnover_ratio": 1.39,
            "account_receivable_turnover_ratio": null,
            "reinvestment_rate": null,
            "research_to_sale_ratio": null,
            "price_fair": 31,
            "eps_avg_yearly": 0.89,
            "eps_latest_yearly": 1.48,
            "eps_growth_yearly": 439.04
        },
        "20052": {
            "year_quarter": 20052,
            "year": 2005,
            "quarter": 2,
            "eps": -0.22,
            "eps_growth_year": -246.67,
            "eps_4q": -0.11,
            "eps_4q_growth_year": -111.65,
            "roe": -2.1,
            "roe_4q": -1.1,
            "gross_profit": 48283,
            "gross_margin": 13.54,
            "gross_margin_4q_avg": 16.35,
            "net_income": -50711,
            "net_income_4q": null,
            "revenue": 356600,
            "revenue_4q": null,
            "common_shares": 2312673,
            "book_valuer_per_share": 10.33,
            "book_valuer_per_share_4q_avg": 10.58,
            "equity": 2388424,
            "current_ratio": 389.19,
            "debt_ratio": 17.72,
            "inventory_turnover_ratio": 1.29,
            "account_receivable_turnover_ratio": null,
            "reinvestment_rate": -572.39,
            "research_to_sale_ratio": null,
            "price_fair": 31,
            "eps_avg_yearly": 0.89,
            "eps_latest_yearly": 1.48,
            "eps_growth_yearly": 439.04
        },
        "20053": {
            "year_quarter": 20053,
            "year": 2005,
            "quarter": 3,
            "eps": 0.14,
            "eps_growth_year": -62.16,
            "eps_4q": -0.33,
            "eps_4q_growth_year": -125.37,
            "roe": 1.35,
            "roe_4q": -3.1100000000000003,
            "gross_profit": 66441,
            "gross_margin": 16.41,
            "gross_margin_4q_avg": 15.85,
            "net_income": 32662,
            "net_income_4q": null,
            "revenue": 404954,
            "revenue_4q": null,
            "common_shares": 2368240,
            "book_valuer_per_share": 10.38,
            "book_valuer_per_share_4q_avg": 10.43,
            "equity": 2457265,
            "current_ratio": 391.4,
            "debt_ratio": 17.15,
            "inventory_turnover_ratio": 1.43,
            "account_receivable_turnover_ratio": null,
            "reinvestment_rate": -100.03,
            "research_to_sale_ratio": null,
            "price_fair": 31,
            "eps_avg_yearly": 0.89,
            "eps_latest_yearly": 1.48,
            "eps_growth_yearly": 439.04
        },
        "20054": {
            "year_quarter": 20054,
            "year": 2005,
            "quarter": 4,
            "eps": 0.03,
            "eps_growth_year": null,
            "eps_4q": 0.1,
            "eps_4q_growth_year": -85.19,
            "roe": 0.22,
            "roe_4q": 0.79,
            "gross_profit": 80436,
            "gross_margin": 17.91,
            "gross_margin_4q_avg": 15.9,
            "net_income": 6217,
            "net_income_4q": null,
            "revenue": 449094,
            "revenue_4q": null,
            "common_shares": 2368240,
            "book_valuer_per_share": 10.38,
            "book_valuer_per_share_4q_avg": 10.41,
            "equity": 3117240,
            "current_ratio": 326.7,
            "debt_ratio": 22.88,
            "inventory_turnover_ratio": 0.95,
            "account_receivable_turnover_ratio": null,
            "reinvestment_rate": 97.87,
            "research_to_sale_ratio": null,
            "price_fair": 27.65,
            "eps_avg_yearly": 0.79,
            "eps_latest_yearly": 0.12,
            "eps_growth_yearly": 344.87
        },
        "20061": {
            "year_quarter": 20061,
            "year": 2006,
            "quarter": 1,
            "eps": 0.05,
            "eps_growth_year": -64.29,
            "eps_4q": -0.01,
            "eps_4q_growth_year": -102.89,
            "roe": 0.37,
            "roe_4q": -0.16000000000000014,
            "gross_profit": 54409,
            "gross_margin": 12.01,
            "gross_margin_4q_avg": 14.97,
            "net_income": 10289,
            "net_income_4q": null,
            "revenue": 453154,
            "revenue_4q": null,
            "common_shares": 2368240,
            "book_valuer_per_share": 10.5,
            "book_valuer_per_share_4q_avg": 10.4,
            "equity": 2486676,
            "current_ratio": 346.75,
            "debt_ratio": 19.86,
            "inventory_turnover_ratio": 1.03,
            "account_receivable_turnover_ratio": null,
            "reinvestment_rate": -47.9,
            "research_to_sale_ratio": null,
            "price_fair": 25.36,
            "eps_avg_yearly": 0.72,
            "eps_latest_yearly": 0.2,
            "eps_growth_yearly": 336.18
        },
        "20062": {
            "year_quarter": 20062,
            "year": 2006,
            "quarter": 2,
            "eps": 0.14,
            "eps_growth_year": null,
            "eps_4q": 0.35,
            "eps_4q_growth_year": null,
            "roe": 1.31,
            "roe_4q": 3.25,
            "gross_profit": 37618,
            "gross_margin": 12.14,
            "gross_margin_4q_avg": 14.62,
            "net_income": 32924,
            "net_income_4q": null,
            "revenue": 309906,
            "revenue_4q": null,
            "common_shares": 2368240,
            "book_valuer_per_share": 10.72,
            "book_valuer_per_share_4q_avg": 10.5,
            "equity": 2539135,
            "current_ratio": 356.99,
            "debt_ratio": 19.33,
            "inventory_turnover_ratio": 1,
            "account_receivable_turnover_ratio": null,
            "reinvestment_rate": -36.62,
            "research_to_sale_ratio": null,
            "price_fair": 24.78,
            "eps_avg_yearly": 0.71,
            "eps_latest_yearly": 0.56,
            "eps_growth_yearly": 374.56
        },
        "20063": {
            "year_quarter": 20063,
            "year": 2006,
            "quarter": 3,
            "eps": 0.37,
            "eps_growth_year": 164.29,
            "eps_4q": 0.59,
            "eps_4q_growth_year": null,
            "roe": 3.29,
            "roe_4q": 5.1899999999999995,
            "gross_profit": 68473,
            "gross_margin": 15.39,
            "gross_margin_4q_avg": 14.36,
            "net_income": 85052,
            "net_income_4q": null,
            "revenue": 444971,
            "revenue_4q": null,
            "common_shares": 2368240,
            "book_valuer_per_share": 11.12,
            "book_valuer_per_share_4q_avg": 10.68,
            "equity": 2634162,
            "current_ratio": 376.88,
            "debt_ratio": 18.43,
            "inventory_turnover_ratio": 1.25,
            "account_receivable_turnover_ratio": null,
            "reinvestment_rate": -28.39,
            "research_to_sale_ratio": null,
            "price_fair": 27.24,
            "eps_avg_yearly": 0.78,
            "eps_latest_yearly": 1.48,
            "eps_growth_yearly": 400.25
        },
        "20064": {
            "year_quarter": 20064,
            "year": 2006,
            "quarter": 4,
            "eps": 0.38,
            "eps_growth_year": 1166.67,
            "eps_4q": 0.94,
            "eps_4q_growth_year": 863.28,
            "roe": 2.8,
            "roe_4q": 7.7700000000000005,
            "gross_profit": 50701,
            "gross_margin": 10.84,
            "gross_margin_4q_avg": 12.6,
            "net_income": 86803,
            "net_income_4q": null,
            "revenue": 467890,
            "revenue_4q": null,
            "common_shares": 2368240,
            "book_valuer_per_share": 11.4,
            "book_valuer_per_share_4q_avg": 10.94,
            "equity": 3565154,
            "current_ratio": 390.26,
            "debt_ratio": 20.67,
            "inventory_turnover_ratio": 0.95,
            "account_receivable_turnover_ratio": null,
            "reinvestment_rate": 59.84,
            "research_to_sale_ratio": null,
            "price_fair": 29.4,
            "eps_avg_yearly": 0.84,
            "eps_latest_yearly": 1.52,
            "eps_growth_yearly": 367.8
        },
        "20071": {
            "year_quarter": 20071,
            "year": 2007,
            "quarter": 1,
            "eps": 0.24,
            "eps_growth_year": 380,
            "eps_4q": 1.16,
            "eps_4q_growth_year": null,
            "roe": 1.7,
            "roe_4q": 9.1,
            "gross_profit": 49289,
            "gross_margin": 10.74,
            "gross_margin_4q_avg": 12.28,
            "net_income": 53666,
            "net_income_4q": null,
            "revenue": 459100,
            "revenue_4q": null,
            "common_shares": 2368240,
            "book_valuer_per_share": 11.55,
            "book_valuer_per_share_4q_avg": 11.2,
            "equity": 2734553,
            "current_ratio": 363.14,
            "debt_ratio": 19.58,
            "inventory_turnover_ratio": 0.99,
            "account_receivable_turnover_ratio": null,
            "reinvestment_rate": -24.89,
            "research_to_sale_ratio": null,
            "price_fair": 30.57,
            "eps_avg_yearly": 0.87,
            "eps_latest_yearly": 0.96,
            "eps_growth_yearly": 370.9
        },
        "20072": {
            "year_quarter": 20072,
            "year": 2007,
            "quarter": 2,
            "eps": -0.01,
            "eps_growth_year": -107.14,
            "eps_4q": 0.94,
            "eps_4q_growth_year": 169.57,
            "roe": -0.1,
            "roe_4q": 7.6899999999999995,
            "gross_profit": 45604,
            "gross_margin": 11.12,
            "gross_margin_4q_avg": 12.02,
            "net_income": -2669,
            "net_income_4q": null,
            "revenue": 410037,
            "revenue_4q": null,
            "common_shares": 2368240,
            "book_valuer_per_share": 10.92,
            "book_valuer_per_share_4q_avg": 11.25,
            "equity": 2586549,
            "current_ratio": 285.19,
            "debt_ratio": 24.56,
            "inventory_turnover_ratio": 1.36,
            "account_receivable_turnover_ratio": null,
            "reinvestment_rate": -24.98,
            "research_to_sale_ratio": null,
            "price_fair": 32.2,
            "eps_avg_yearly": 0.92,
            "eps_latest_yearly": 0.96,
            "eps_growth_yearly": 417.61
        },
        "20073": {
            "year_quarter": 20073,
            "year": 2007,
            "quarter": 3,
            "eps": 0.2,
            "eps_growth_year": -45.95,
            "eps_4q": 0.8,
            "eps_4q_growth_year": 37.52,
            "roe": 1.75,
            "roe_4q": 6.1499999999999995,
            "gross_profit": 87221,
            "gross_margin": 16.49,
            "gross_margin_4q_avg": 12.3,
            "net_income": 45590,
            "net_income_4q": null,
            "revenue": 529027,
            "revenue_4q": null,
            "common_shares": 2278250,
            "book_valuer_per_share": 11.53,
            "book_valuer_per_share_4q_avg": 11.35,
            "equity": 2626682,
            "current_ratio": 281.89,
            "debt_ratio": 25.32,
            "inventory_turnover_ratio": 1.41,
            "account_receivable_turnover_ratio": null,
            "reinvestment_rate": -22.72,
            "research_to_sale_ratio": null,
            "price_fair": 35,
            "eps_avg_yearly": 1,
            "eps_latest_yearly": 0.96,
            "eps_growth_yearly": 486.04
        },
        "20074": {
            "year_quarter": 20074,
            "year": 2007,
            "quarter": 4,
            "eps": 0.24,
            "eps_growth_year": -36.84,
            "eps_4q": 0.67,
            "eps_4q_growth_year": -28.64,
            "roe": 1.74,
            "roe_4q": 5.09,
            "gross_profit": 81749,
            "gross_margin": 13.96,
            "gross_margin_4q_avg": 13.08,
            "net_income": 53681,
            "net_income_4q": null,
            "revenue": 585437,
            "revenue_4q": null,
            "common_shares": 2278250,
            "book_valuer_per_share": 11.76,
            "book_valuer_per_share_4q_avg": 11.44,
            "equity": 3547278,
            "current_ratio": 342.2,
            "debt_ratio": 23.33,
            "inventory_turnover_ratio": 0.97,
            "account_receivable_turnover_ratio": null,
            "reinvestment_rate": 50.65,
            "research_to_sale_ratio": null,
            "price_fair": 34.86,
            "eps_avg_yearly": 1,
            "eps_latest_yearly": 0.96,
            "eps_growth_yearly": 200.7
        },
        "20081": {
            "year_quarter": 20081,
            "year": 2008,
            "quarter": 1,
            "eps": 0.02,
            "eps_growth_year": -91.67,
            "eps_4q": 0.13,
            "eps_4q_growth_year": -88.48,
            "roe": 0.43,
            "roe_4q": 3.82,
            "gross_profit": 114756,
            "gross_margin": 11.91,
            "gross_margin_4q_avg": 13.37,
            "net_income": 15300,
            "net_income_4q": null,
            "revenue": 963236,
            "revenue_4q": null,
            "common_shares": 2278250,
            "book_valuer_per_share": 11.74,
            "book_valuer_per_share_4q_avg": 11.49,
            "equity": 3515954,
            "current_ratio": 356.48,
            "debt_ratio": 22.72,
            "inventory_turnover_ratio": 1.18,
            "account_receivable_turnover_ratio": null,
            "reinvestment_rate": 55.49,
            "research_to_sale_ratio": null,
            "price_fair": 27.86,
            "eps_avg_yearly": 0.8,
            "eps_latest_yearly": 0.08,
            "eps_growth_yearly": 120.84
        },
        "20082": {
            "year_quarter": 20082,
            "year": 2008,
            "quarter": 2,
            "eps": 0.28,
            "eps_growth_year": null,
            "eps_4q": 0.63,
            "eps_4q_growth_year": -33.16,
            "roe": 2.16,
            "roe_4q": 6.08,
            "gross_profit": 108245,
            "gross_margin": 15.37,
            "gross_margin_4q_avg": 14.43,
            "net_income": 74800,
            "net_income_4q": null,
            "revenue": 704323,
            "revenue_4q": null,
            "common_shares": 2278250,
            "book_valuer_per_share": 11.29,
            "book_valuer_per_share_4q_avg": 11.58,
            "equity": 3394049,
            "current_ratio": 324.35,
            "debt_ratio": 24.65,
            "inventory_turnover_ratio": 0.82,
            "account_receivable_turnover_ratio": null,
            "reinvestment_rate": 49.52,
            "research_to_sale_ratio": null,
            "price_fair": 29.68,
            "eps_avg_yearly": 0.85,
            "eps_latest_yearly": 1.12,
            "eps_growth_yearly": 669.3
        },
        "20083": {
            "year_quarter": 20083,
            "year": 2008,
            "quarter": 3,
            "eps": 0.32,
            "eps_growth_year": 60,
            "eps_4q": 0.85,
            "eps_4q_growth_year": 6.05,
            "roe": 2.12,
            "roe_4q": 6.45,
            "gross_profit": 164409,
            "gross_margin": 17.58,
            "gross_margin_4q_avg": 14.71,
            "net_income": 72997,
            "net_income_4q": null,
            "revenue": 935108,
            "revenue_4q": null,
            "common_shares": 2278250,
            "book_valuer_per_share": 11.55,
            "book_valuer_per_share_4q_avg": 11.59,
            "equity": 3495927,
            "current_ratio": 326.84,
            "debt_ratio": 30,
            "inventory_turnover_ratio": 1,
            "account_receivable_turnover_ratio": null,
            "reinvestment_rate": 56.87,
            "research_to_sale_ratio": null,
            "price_fair": 28.98,
            "eps_avg_yearly": 0.83,
            "eps_latest_yearly": 1.28,
            "eps_growth_yearly": 616.34
        },
        "20084": {
            "year_quarter": 20084,
            "year": 2008,
            "quarter": 4,
            "eps": 0.41,
            "eps_growth_year": 70.83,
            "eps_4q": 0.88,
            "eps_4q_growth_year": 31.15,
            "roe": 3.08,
            "roe_4q": 7.79,
            "gross_profit": 153466,
            "gross_margin": 17.33,
            "gross_margin_4q_avg": 15.55,
            "net_income": 109501,
            "net_income_4q": null,
            "revenue": 885325,
            "revenue_4q": null,
            "common_shares": 2278250,
            "book_valuer_per_share": 11.97,
            "book_valuer_per_share_4q_avg": 11.64,
            "equity": 3617622,
            "current_ratio": 428.68,
            "debt_ratio": 24.87,
            "inventory_turnover_ratio": 0.93,
            "account_receivable_turnover_ratio": 1.72,
            "reinvestment_rate": 34.43,
            "research_to_sale_ratio": null,
            "price_fair": 31.56,
            "eps_avg_yearly": 0.9,
            "eps_latest_yearly": 1.64,
            "eps_growth_yearly": 570.54
        },
        "20091": {
            "year_quarter": 20091,
            "year": 2009,
            "quarter": 1,
            "eps": 0.19,
            "eps_growth_year": 850,
            "eps_4q": 0.91,
            "eps_4q_growth_year": 582.14,
            "roe": 1.56,
            "roe_4q": 8.920000000000002,
            "gross_profit": 109030,
            "gross_margin": 15.84,
            "gross_margin_4q_avg": 16.53,
            "net_income": 57180,
            "net_income_4q": null,
            "revenue": 688318,
            "revenue_4q": null,
            "common_shares": 2278250,
            "book_valuer_per_share": 12.27,
            "book_valuer_per_share_4q_avg": 11.77,
            "equity": 3729602,
            "current_ratio": 575.38,
            "debt_ratio": 20.62,
            "inventory_turnover_ratio": 0.83,
            "account_receivable_turnover_ratio": 0.74,
            "reinvestment_rate": 38.74,
            "research_to_sale_ratio": null,
            "price_fair": 31.15,
            "eps_avg_yearly": 0.89,
            "eps_latest_yearly": 0.76,
            "eps_growth_yearly": 505.11
        },
        "20092": {
            "year_quarter": 20092,
            "year": 2009,
            "quarter": 2,
            "eps": 0.01,
            "eps_growth_year": -96.43,
            "eps_4q": 0.93,
            "eps_4q_growth_year": 48.54,
            "roe": 0.01,
            "roe_4q": 6.7700000000000005,
            "gross_profit": 73473,
            "gross_margin": 12.85,
            "gross_margin_4q_avg": 15.9,
            "net_income": 437,
            "net_income_4q": null,
            "revenue": 571738,
            "revenue_4q": null,
            "common_shares": 2278250,
            "book_valuer_per_share": 11.56,
            "book_valuer_per_share_4q_avg": 11.84,
            "equity": 3342960,
            "current_ratio": 443.34,
            "debt_ratio": 24.35,
            "inventory_turnover_ratio": 0.84,
            "account_receivable_turnover_ratio": 0.78,
            "reinvestment_rate": 33.36,
            "research_to_sale_ratio": null,
            "price_fair": 28.86,
            "eps_avg_yearly": 0.82,
            "eps_latest_yearly": 0.04,
            "eps_growth_yearly": 437.1
        },
        "20093": {
            "year_quarter": 20093,
            "year": 2009,
            "quarter": 3,
            "eps": 0.19,
            "eps_growth_year": -40.62,
            "eps_4q": 0.64,
            "eps_4q_growth_year": -24.49,
            "roe": 1.62,
            "roe_4q": 6.2700000000000005,
            "gross_profit": 138271,
            "gross_margin": 20.22,
            "gross_margin_4q_avg": 16.56,
            "net_income": 54470,
            "net_income_4q": null,
            "revenue": 683695,
            "revenue_4q": null,
            "common_shares": 2278250,
            "book_valuer_per_share": 11.78,
            "book_valuer_per_share_4q_avg": 11.9,
            "equity": 3400181,
            "current_ratio": 407.46,
            "debt_ratio": 25.56,
            "inventory_turnover_ratio": 0.95,
            "account_receivable_turnover_ratio": 0.96,
            "reinvestment_rate": 33.25,
            "research_to_sale_ratio": null,
            "price_fair": 28.7,
            "eps_avg_yearly": 0.82,
            "eps_latest_yearly": 0.76,
            "eps_growth_yearly": 920.17
        },
        "20094": {
            "year_quarter": 20094,
            "year": 2009,
            "quarter": 4,
            "eps": 0.48,
            "eps_growth_year": 17.07,
            "eps_4q": 0.88,
            "eps_4q_growth_year": -0.45,
            "roe": 3.13,
            "roe_4q": 6.32,
            "gross_profit": 122316,
            "gross_margin": 17.47,
            "gross_margin_4q_avg": 16.6,
            "net_income": 106017,
            "net_income_4q": null,
            "revenue": 699954,
            "revenue_4q": null,
            "common_shares": 2278250,
            "book_valuer_per_share": 12.23,
            "book_valuer_per_share_4q_avg": 11.96,
            "equity": 3375783,
            "current_ratio": 505.98,
            "debt_ratio": 27.04,
            "inventory_turnover_ratio": 1.02,
            "account_receivable_turnover_ratio": 1.76,
            "reinvestment_rate": -2.31,
            "research_to_sale_ratio": null,
            "price_fair": 33.2,
            "eps_avg_yearly": 0.95,
            "eps_latest_yearly": 1.92,
            "eps_growth_yearly": 986.23
        },
        "20101": {
            "year_quarter": 20101,
            "year": 2010,
            "quarter": 1,
            "eps": 0.65,
            "eps_growth_year": 242.11,
            "eps_4q": 1.33,
            "eps_4q_growth_year": 46.69,
            "roe": 4.61,
            "roe_4q": 9.37,
            "gross_profit": 166291,
            "gross_margin": 19.76,
            "gross_margin_4q_avg": 17.58,
            "net_income": 153167,
            "net_income_4q": null,
            "revenue": 841458,
            "revenue_4q": null,
            "common_shares": 2278250,
            "book_valuer_per_share": 12.82,
            "book_valuer_per_share_4q_avg": 12.1,
            "equity": 3265849,
            "current_ratio": 441.14,
            "debt_ratio": 30.71,
            "inventory_turnover_ratio": 1.24,
            "account_receivable_turnover_ratio": 0.94,
            "reinvestment_rate": 49.12,
            "research_to_sale_ratio": 1.95,
            "price_fair": 39.2,
            "eps_avg_yearly": 1.12,
            "eps_latest_yearly": 2.6,
            "eps_growth_yearly": 977.3
        },
        "20102": {
            "year_quarter": 20102,
            "year": 2010,
            "quarter": 2,
            "eps": 0.19,
            "eps_growth_year": 1773.67,
            "eps_4q": 1.51,
            "eps_4q_growth_year": 61.22,
            "roe": 1.04,
            "roe_4q": 10.400000000000002,
            "gross_profit": 131762,
            "gross_margin": 15.29,
            "gross_margin_4q_avg": 18.19,
            "net_income": 33582,
            "net_income_4q": null,
            "revenue": 861965,
            "revenue_4q": null,
            "common_shares": 2278250,
            "book_valuer_per_share": 12.5,
            "book_valuer_per_share_4q_avg": 12.33,
            "equity": 3185461,
            "current_ratio": 354.01,
            "debt_ratio": 36.95,
            "inventory_turnover_ratio": 1.25,
            "account_receivable_turnover_ratio": 0.87,
            "reinvestment_rate": 50.74,
            "research_to_sale_ratio": 1.88,
            "price_fair": 39.7,
            "eps_avg_yearly": 1.13,
            "eps_latest_yearly": 0.76,
            "eps_growth_yearly": 905.65
        },
        "20103": {
            "year_quarter": 20103,
            "year": 2010,
            "quarter": 3,
            "eps": 0.41,
            "eps_growth_year": 115.15,
            "eps_4q": 1.72,
            "eps_4q_growth_year": 167.28,
            "roe": 3.04,
            "roe_4q": 11.82,
            "gross_profit": 181096,
            "gross_margin": 20.17,
            "gross_margin_4q_avg": 18.17,
            "net_income": 98182,
            "net_income_4q": null,
            "revenue": 898053,
            "revenue_4q": null,
            "common_shares": 2278250,
            "book_valuer_per_share": 12.92,
            "book_valuer_per_share_4q_avg": 12.62,
            "equity": 3281999,
            "current_ratio": 370.41,
            "debt_ratio": 37.35,
            "inventory_turnover_ratio": 1.14,
            "account_receivable_turnover_ratio": 0.87,
            "reinvestment_rate": 58.91,
            "research_to_sale_ratio": 1.7,
            "price_fair": 40.1,
            "eps_avg_yearly": 1.15,
            "eps_latest_yearly": 1.64,
            "eps_growth_yearly": 891.79
        },
        "20104": {
            "year_quarter": 20104,
            "year": 2010,
            "quarter": 4,
            "eps": 0.19,
            "eps_growth_year": -60.59,
            "eps_4q": 1.43,
            "eps_4q_growth_year": 63.08,
            "roe": 1.41,
            "roe_4q": 10.100000000000001,
            "gross_profit": 152527,
            "gross_margin": 18.24,
            "gross_margin_4q_avg": 18.37,
            "net_income": 45978,
            "net_income_4q": null,
            "revenue": 836355,
            "revenue_4q": null,
            "common_shares": 2278250,
            "book_valuer_per_share": 12.84,
            "book_valuer_per_share_4q_avg": 12.77,
            "equity": 3251509,
            "current_ratio": 421.94,
            "debt_ratio": 35.53,
            "inventory_turnover_ratio": 1.09,
            "account_receivable_turnover_ratio": 0.82,
            "reinvestment_rate": 26.25,
            "research_to_sale_ratio": 1.95,
            "price_fair": 38.2,
            "eps_avg_yearly": 1.09,
            "eps_latest_yearly": 0.76,
            "eps_growth_yearly": 875.69
        },
        "20111": {
            "year_quarter": 20111,
            "year": 2011,
            "quarter": 1,
            "eps": 0.29,
            "eps_growth_year": -55.38,
            "eps_4q": 1.08,
            "eps_4q_growth_year": -19.13,
            "roe": 2.07,
            "roe_4q": 7.56,
            "gross_profit": 115660,
            "gross_margin": 15.13,
            "gross_margin_4q_avg": 17.21,
            "net_income": 68358,
            "net_income_4q": null,
            "revenue": 764420,
            "revenue_4q": null,
            "common_shares": 2278250,
            "book_valuer_per_share": 13.22,
            "book_valuer_per_share_4q_avg": 12.87,
            "equity": 3341734,
            "current_ratio": 451.88,
            "debt_ratio": 33.96,
            "inventory_turnover_ratio": 1.09,
            "account_receivable_turnover_ratio": 0.83,
            "reinvestment_rate": 85.34,
            "research_to_sale_ratio": 2.06,
            "price_fair": 38.7,
            "eps_avg_yearly": 1.11,
            "eps_latest_yearly": 1.16,
            "eps_growth_yearly": 901.25
        },
        "20112": {
            "year_quarter": 20112,
            "year": 2011,
            "quarter": 2,
            "eps": 0.24,
            "eps_growth_year": 26.22,
            "eps_4q": 1.13,
            "eps_4q_growth_year": -25.21,
            "roe": 1.84,
            "roe_4q": 8.36,
            "gross_profit": 157117,
            "gross_margin": 18.56,
            "gross_margin_4q_avg": 18.03,
            "net_income": 60553,
            "net_income_4q": null,
            "revenue": 846367,
            "revenue_4q": null,
            "common_shares": 2278250,
            "book_valuer_per_share": 12.68,
            "book_valuer_per_share_4q_avg": 12.92,
            "equity": 3222754,
            "current_ratio": 343.33,
            "debt_ratio": 38.09,
            "inventory_turnover_ratio": 1.16,
            "account_receivable_turnover_ratio": 0.91,
            "reinvestment_rate": 89.12,
            "research_to_sale_ratio": 1.93,
            "price_fair": 38.36,
            "eps_avg_yearly": 1.1,
            "eps_latest_yearly": 0.96,
            "eps_growth_yearly": 836.57
        },
        "20113": {
            "year_quarter": 20113,
            "year": 2011,
            "quarter": 3,
            "eps": 0.5,
            "eps_growth_year": 23.38,
            "eps_4q": 1.22,
            "eps_4q_growth_year": -29.03,
            "roe": 3.61,
            "roe_4q": 8.93,
            "gross_profit": 200453,
            "gross_margin": 20.01,
            "gross_margin_4q_avg": 17.99,
            "net_income": 119175,
            "net_income_4q": null,
            "revenue": 1001761,
            "revenue_4q": null,
            "common_shares": 2278250,
            "book_valuer_per_share": 13.28,
            "book_valuer_per_share_4q_avg": 13.01,
            "equity": 3372579,
            "current_ratio": 340.1,
            "debt_ratio": 38.08,
            "inventory_turnover_ratio": 1.21,
            "account_receivable_turnover_ratio": 0.92,
            "reinvestment_rate": 97.38,
            "research_to_sale_ratio": 1.81,
            "price_fair": 40.34,
            "eps_avg_yearly": 1.15,
            "eps_latest_yearly": 2,
            "eps_growth_yearly": 811.37
        },
        "20114": {
            "year_quarter": 20114,
            "year": 2011,
            "quarter": 4,
            "eps": 0.12,
            "eps_growth_year": -38.48,
            "eps_4q": 1.15,
            "eps_4q_growth_year": -19.65,
            "roe": 0.57,
            "roe_4q": 8.09,
            "gross_profit": 105237,
            "gross_margin": 11.02,
            "gross_margin_4q_avg": 16.18,
            "net_income": 19293,
            "net_income_4q": null,
            "revenue": 955208,
            "revenue_4q": null,
            "common_shares": 2278250,
            "book_valuer_per_share": 13.49,
            "book_valuer_per_share_4q_avg": 13.17,
            "equity": 3412680,
            "current_ratio": 338.12,
            "debt_ratio": 36.62,
            "inventory_turnover_ratio": 1.24,
            "account_receivable_turnover_ratio": 0.8,
            "reinvestment_rate": 56.29,
            "research_to_sale_ratio": 1.85,
            "price_fair": 39.29,
            "eps_avg_yearly": 1.12,
            "eps_latest_yearly": 0.48,
            "eps_growth_yearly": 787.37
        },
        "20121": {
            "year_quarter": 20121,
            "year": 2012,
            "quarter": 1,
            "eps": 0.18,
            "eps_growth_year": -37.93,
            "eps_4q": 1.03,
            "eps_4q_growth_year": -4.12,
            "roe": 1.2,
            "roe_4q": 7.22,
            "gross_profit": 142933,
            "gross_margin": 14.22,
            "gross_margin_4q_avg": 15.95,
            "net_income": 41249,
            "net_income_4q": null,
            "revenue": 1004997,
            "revenue_4q": null,
            "common_shares": 2278250,
            "book_valuer_per_share": 13.61,
            "book_valuer_per_share_4q_avg": 13.27,
            "equity": 3436812,
            "current_ratio": 349.96,
            "debt_ratio": 35.93,
            "inventory_turnover_ratio": 1.25,
            "account_receivable_turnover_ratio": 0.85,
            "reinvestment_rate": 57.43,
            "research_to_sale_ratio": 1.6,
            "price_fair": 40.69,
            "eps_avg_yearly": 1.16,
            "eps_latest_yearly": 0.72,
            "eps_growth_yearly": 822.79
        },
        "20122": {
            "year_quarter": 20122,
            "year": 2012,
            "quarter": 2,
            "eps": 0.27,
            "eps_growth_year": 14.77,
            "eps_4q": 1.07,
            "eps_4q_growth_year": -5.21,
            "roe": 2.01,
            "roe_4q": 7.39,
            "gross_profit": 171614,
            "gross_margin": 16.55,
            "gross_margin_4q_avg": 15.45,
            "net_income": 67958,
            "net_income_4q": null,
            "revenue": 1037227,
            "revenue_4q": null,
            "common_shares": 2278250,
            "book_valuer_per_share": 13.12,
            "book_valuer_per_share_4q_avg": 13.38,
            "equity": 3324090,
            "current_ratio": 291.43,
            "debt_ratio": 39.62,
            "inventory_turnover_ratio": 1.22,
            "account_receivable_turnover_ratio": 0.84,
            "reinvestment_rate": 61.84,
            "research_to_sale_ratio": 1.55,
            "price_fair": 40.6,
            "eps_avg_yearly": 1.16,
            "eps_latest_yearly": 1.08,
            "eps_growth_yearly": 510.29
        },
        "20123": {
            "year_quarter": 20123,
            "year": 2012,
            "quarter": 3,
            "eps": 0.33,
            "eps_growth_year": -35.38,
            "eps_4q": 0.89,
            "eps_4q_growth_year": -27.22,
            "roe": 2.49,
            "roe_4q": 6.2700000000000005,
            "gross_profit": 170074,
            "gross_margin": 16.42,
            "gross_margin_4q_avg": 14.55,
            "net_income": 83686,
            "net_income_4q": null,
            "revenue": 1035981,
            "revenue_4q": null,
            "common_shares": 2278250,
            "book_valuer_per_share": 13.44,
            "book_valuer_per_share_4q_avg": 13.42,
            "equity": 3401114,
            "current_ratio": 350.61,
            "debt_ratio": 35.57,
            "inventory_turnover_ratio": 1.23,
            "account_receivable_turnover_ratio": 0.81,
            "reinvestment_rate": 63.04,
            "research_to_sale_ratio": 1.53,
            "price_fair": 40.69,
            "eps_avg_yearly": 1.16,
            "eps_latest_yearly": 1.32,
            "eps_growth_yearly": 512.27
        },
        "20124": {
            "year_quarter": 20124,
            "year": 2012,
            "quarter": 4,
            "eps": 0.4,
            "eps_growth_year": 240.81,
            "eps_4q": 1.17,
            "eps_4q_growth_year": 1.78,
            "roe": 2.99,
            "roe_4q": 8.69,
            "gross_profit": 157526,
            "gross_margin": 16.56,
            "gross_margin_4q_avg": 15.94,
            "net_income": 102927,
            "net_income_4q": null,
            "revenue": 951527,
            "revenue_4q": null,
            "common_shares": 2278250,
            "book_valuer_per_share": 13.79,
            "book_valuer_per_share_4q_avg": 13.49,
            "equity": 3494063,
            "current_ratio": 350.77,
            "debt_ratio": 34.96,
            "inventory_turnover_ratio": 1.15,
            "account_receivable_turnover_ratio": 0.77,
            "reinvestment_rate": 64.65,
            "research_to_sale_ratio": 2.19,
            "price_fair": 40.6,
            "eps_avg_yearly": 1.16,
            "eps_latest_yearly": 1.6,
            "eps_growth_yearly": 510.54
        },
        "20131": {
            "year_quarter": 20131,
            "year": 2013,
            "quarter": 1,
            "eps": 0.26,
            "eps_growth_year": 44.44,
            "eps_4q": 1.26,
            "eps_4q_growth_year": 21.77,
            "roe": 1.78,
            "roe_4q": 9.27,
            "gross_profit": 136521,
            "gross_margin": 14.85,
            "gross_margin_4q_avg": 16.1,
            "net_income": 63101,
            "net_income_4q": null,
            "revenue": 919272,
            "revenue_4q": null,
            "common_shares": 2278250,
            "book_valuer_per_share": 14.13,
            "book_valuer_per_share_4q_avg": 13.62,
            "equity": 3583371,
            "current_ratio": 350.23,
            "debt_ratio": 34.42,
            "inventory_turnover_ratio": 1.17,
            "account_receivable_turnover_ratio": 0.78,
            "reinvestment_rate": 69.98,
            "research_to_sale_ratio": 1.76,
            "price_fair": 41.21,
            "eps_avg_yearly": 1.18,
            "eps_latest_yearly": 1.04,
            "eps_growth_yearly": 515.21
        },
        "20132": {
            "year_quarter": 20132,
            "year": 2013,
            "quarter": 2,
            "eps": 0.3,
            "eps_growth_year": 10.53,
            "eps_4q": 1.29,
            "eps_4q_growth_year": 20.55,
            "roe": 2.18,
            "roe_4q": 9.440000000000001,
            "gross_profit": 161170,
            "gross_margin": 16.3,
            "gross_margin_4q_avg": 16.03,
            "net_income": 77549,
            "net_income_4q": null,
            "revenue": 988605,
            "revenue_4q": null,
            "common_shares": 2278250,
            "book_valuer_per_share": 13.79,
            "book_valuer_per_share_4q_avg": 13.79,
            "equity": 3520168,
            "current_ratio": 289.9,
            "debt_ratio": 38.07,
            "inventory_turnover_ratio": 1.28,
            "account_receivable_turnover_ratio": 0.84,
            "reinvestment_rate": 71.54,
            "research_to_sale_ratio": 1.39,
            "price_fair": 43.75,
            "eps_avg_yearly": 1.25,
            "eps_latest_yearly": 1.2,
            "eps_growth_yearly": 542.74
        },
        "20133": {
            "year_quarter": 20133,
            "year": 2013,
            "quarter": 3,
            "eps": 0.41,
            "eps_growth_year": 25.79,
            "eps_4q": 1.37,
            "eps_4q_growth_year": 54.12,
            "roe": 2.91,
            "roe_4q": 9.86,
            "gross_profit": 180221,
            "gross_margin": 18.6,
            "gross_margin_4q_avg": 16.58,
            "net_income": 103847,
            "net_income_4q": null,
            "revenue": 968835,
            "revenue_4q": null,
            "common_shares": 2278250,
            "book_valuer_per_share": 14.22,
            "book_valuer_per_share_4q_avg": 13.98,
            "equity": 3628482,
            "current_ratio": 356.64,
            "debt_ratio": 33.65,
            "inventory_turnover_ratio": 1.22,
            "account_receivable_turnover_ratio": 0.84,
            "reinvestment_rate": 69.28,
            "research_to_sale_ratio": 1.48,
            "price_fair": 45.68,
            "eps_avg_yearly": 1.31,
            "eps_latest_yearly": 1.64,
            "eps_growth_yearly": 101.9
        },
        "20134": {
            "year_quarter": 20134,
            "year": 2013,
            "quarter": 4,
            "eps": 0.54,
            "eps_growth_year": 36.43,
            "eps_4q": 1.52,
            "eps_4q_growth_year": 29.55,
            "roe": 4,
            "roe_4q": 10.87,
            "gross_profit": 149124,
            "gross_margin": 14.92,
            "gross_margin_4q_avg": 16.17,
            "net_income": 149299,
            "net_income_4q": null,
            "revenue": 999449,
            "revenue_4q": null,
            "common_shares": 2278250,
            "book_valuer_per_share": 14.92,
            "book_valuer_per_share_4q_avg": 14.27,
            "equity": 3830319,
            "current_ratio": 383,
            "debt_ratio": 32.41,
            "inventory_turnover_ratio": 1.33,
            "account_receivable_turnover_ratio": 0.89,
            "reinvestment_rate": 56.26,
            "research_to_sale_ratio": 1.82,
            "price_fair": 46.2,
            "eps_avg_yearly": 1.32,
            "eps_latest_yearly": 2.16,
            "eps_growth_yearly": 71.67
        },
        "20141": {
            "year_quarter": 20141,
            "year": 2014,
            "quarter": 1,
            "eps": 0.26,
            "eps_growth_year": 0,
            "eps_4q": 1.51,
            "eps_4q_growth_year": 19.81,
            "roe": 1.88,
            "roe_4q": 10.969999999999999,
            "gross_profit": 141913,
            "gross_margin": 15.5,
            "gross_margin_4q_avg": 16.33,
            "net_income": 72411,
            "net_income_4q": null,
            "revenue": 915301,
            "revenue_4q": null,
            "common_shares": 2278250,
            "book_valuer_per_share": 15.14,
            "book_valuer_per_share_4q_avg": 14.52,
            "equity": 3891856,
            "current_ratio": 423.52,
            "debt_ratio": 30.53,
            "inventory_turnover_ratio": 1.24,
            "account_receivable_turnover_ratio": 0.85,
            "reinvestment_rate": 55.6,
            "research_to_sale_ratio": 1.66,
            "price_fair": 42.79,
            "eps_avg_yearly": 1.22,
            "eps_latest_yearly": 1.04,
            "eps_growth_yearly": 49.86
        },
        "20142": {
            "year_quarter": 20142,
            "year": 2014,
            "quarter": 2,
            "eps": 0.15,
            "eps_growth_year": -50,
            "eps_4q": 1.36,
            "eps_4q_growth_year": 5.42,
            "roe": 1.24,
            "roe_4q": 10.030000000000001,
            "gross_profit": 145760,
            "gross_margin": 15.4,
            "gross_margin_4q_avg": 16.11,
            "net_income": 47604,
            "net_income_4q": null,
            "revenue": 946455,
            "revenue_4q": null,
            "common_shares": 2278250,
            "book_valuer_per_share": 14.69,
            "book_valuer_per_share_4q_avg": 14.74,
            "equity": 3795401,
            "current_ratio": 365.87,
            "debt_ratio": 32.63,
            "inventory_turnover_ratio": 1.28,
            "account_receivable_turnover_ratio": 0.9,
            "reinvestment_rate": 52.8,
            "research_to_sale_ratio": 1.49,
            "price_fair": 42.44,
            "eps_avg_yearly": 1.21,
            "eps_latest_yearly": 0.6,
            "eps_growth_yearly": 56.97
        },
        "20143": {
            "year_quarter": 20143,
            "year": 2014,
            "quarter": 3,
            "eps": 0.33,
            "eps_growth_year": -19.51,
            "eps_4q": 1.28,
            "eps_4q_growth_year": -6.55,
            "roe": 2.15,
            "roe_4q": 9.27,
            "gross_profit": 172283,
            "gross_margin": 17.84,
            "gross_margin_4q_avg": 15.92,
            "net_income": 82838,
            "net_income_4q": null,
            "revenue": 965738,
            "revenue_4q": null,
            "common_shares": 2278250,
            "book_valuer_per_share": 15.15,
            "book_valuer_per_share_4q_avg": 14.98,
            "equity": 3910520,
            "current_ratio": 415.51,
            "debt_ratio": 30.35,
            "inventory_turnover_ratio": 1.22,
            "account_receivable_turnover_ratio": 0.9,
            "reinvestment_rate": 51.3,
            "research_to_sale_ratio": 1.92,
            "price_fair": 41.74,
            "eps_avg_yearly": 1.19,
            "eps_latest_yearly": 1.32,
            "eps_growth_yearly": 58.02
        },
        "20144": {
            "year_quarter": 20144,
            "year": 2014,
            "quarter": 4,
            "eps": 0.27,
            "eps_growth_year": -49.33,
            "eps_4q": 1.01,
            "eps_4q_growth_year": -33.08,
            "roe": 1.57,
            "roe_4q": 6.84,
            "gross_profit": 128246,
            "gross_margin": 12.15,
            "gross_margin_4q_avg": 15.22,
            "net_income": 62304,
            "net_income_4q": null,
            "revenue": 1055328,
            "revenue_4q": null,
            "common_shares": 2278250,
            "book_valuer_per_share": 15.66,
            "book_valuer_per_share_4q_avg": 15.16,
            "equity": 4044154,
            "current_ratio": 386.73,
            "debt_ratio": 31.27,
            "inventory_turnover_ratio": 1.37,
            "account_receivable_turnover_ratio": 0.95,
            "reinvestment_rate": 44.41,
            "research_to_sale_ratio": 0.84,
            "price_fair": 42.44,
            "eps_avg_yearly": 1.21,
            "eps_latest_yearly": 1.08,
            "eps_growth_yearly": 66.89
        },
        "20151": {
            "year_quarter": 20151,
            "year": 2015,
            "quarter": 1,
            "eps": 0.02,
            "eps_growth_year": -92.31,
            "eps_4q": 0.77,
            "eps_4q_growth_year": -48.6,
            "roe": 0.26,
            "roe_4q": 5.22,
            "gross_profit": 128304,
            "gross_margin": 14.48,
            "gross_margin_4q_avg": 14.97,
            "net_income": 10583,
            "net_income_4q": null,
            "revenue": 886027,
            "revenue_4q": null,
            "common_shares": 2278250,
            "book_valuer_per_share": 15.63,
            "book_valuer_per_share_4q_avg": 15.28,
            "equity": 4042588,
            "current_ratio": 429.49,
            "debt_ratio": 29.4,
            "inventory_turnover_ratio": 1.08,
            "account_receivable_turnover_ratio": 0.82,
            "reinvestment_rate": 34.73,
            "research_to_sale_ratio": 1.36,
            "price_fair": 40.08,
            "eps_avg_yearly": 1.15,
            "eps_latest_yearly": 0.08,
            "eps_growth_yearly": 30.59
        },
        "20152": {
            "year_quarter": 20152,
            "year": 2015,
            "quarter": 2,
            "eps": 0.24,
            "eps_growth_year": 60,
            "eps_4q": 0.86,
            "eps_4q_growth_year": -36.3,
            "roe": 1.59,
            "roe_4q": 5.57,
            "gross_profit": 131853,
            "gross_margin": 14.55,
            "gross_margin_4q_avg": 14.76,
            "net_income": 63616,
            "net_income_4q": null,
            "revenue": 905987,
            "revenue_4q": null,
            "common_shares": 2278250,
            "book_valuer_per_share": 15.24,
            "book_valuer_per_share_4q_avg": 15.42,
            "equity": 3968397,
            "current_ratio": 388.29,
            "debt_ratio": 30.84,
            "inventory_turnover_ratio": 1.06,
            "account_receivable_turnover_ratio": 0.91,
            "reinvestment_rate": 24.47,
            "research_to_sale_ratio": 1.6,
            "price_fair": 40.08,
            "eps_avg_yearly": 1.15,
            "eps_latest_yearly": 0.96,
            "eps_growth_yearly": 309.9
        },
        "20153": {
            "year_quarter": 20153,
            "year": 2015,
            "quarter": 3,
            "eps": 0.28,
            "eps_growth_year": -15.15,
            "eps_4q": 0.81,
            "eps_4q_growth_year": -36.77,
            "roe": 1.69,
            "roe_4q": 5.11,
            "gross_profit": 116146,
            "gross_margin": 13.66,
            "gross_margin_4q_avg": 13.71,
            "net_income": 65059,
            "net_income_4q": null,
            "revenue": 850481,
            "revenue_4q": null,
            "common_shares": 2278250,
            "book_valuer_per_share": 15.77,
            "book_valuer_per_share_4q_avg": 15.58,
            "equity": 3710714,
            "current_ratio": 388.35,
            "debt_ratio": 31.14,
            "inventory_turnover_ratio": 1,
            "account_receivable_turnover_ratio": 0.87,
            "reinvestment_rate": 12.63,
            "research_to_sale_ratio": 1.91,
            "price_fair": 38.15,
            "eps_avg_yearly": 1.09,
            "eps_latest_yearly": 1.12,
            "eps_growth_yearly": 286.98
        },
        "20154": {
            "year_quarter": 20154,
            "year": 2015,
            "quarter": 4,
            "eps": 0.07,
            "eps_growth_year": -73.01,
            "eps_4q": 0.61,
            "eps_4q_growth_year": -39.87,
            "roe": 0.39,
            "roe_4q": 3.9299999999999997,
            "gross_profit": 114829,
            "gross_margin": 13.83,
            "gross_margin_4q_avg": 14.13,
            "net_income": 14479,
            "net_income_4q": null,
            "revenue": 830031,
            "revenue_4q": null,
            "common_shares": 2278250,
            "book_valuer_per_share": 15.61,
            "book_valuer_per_share_4q_avg": 15.56,
            "equity": 3673721,
            "current_ratio": 424.4,
            "debt_ratio": 29.56,
            "inventory_turnover_ratio": 1.03,
            "account_receivable_turnover_ratio": 0.9,
            "reinvestment_rate": 16.64,
            "research_to_sale_ratio": 2.26,
            "price_fair": 37.71,
            "eps_avg_yearly": 1.08,
            "eps_latest_yearly": 0.28,
            "eps_growth_yearly": 287.23
        },
        "20161": {
            "year_quarter": 20161,
            "year": 2016,
            "quarter": 1,
            "eps": 0.03,
            "eps_growth_year": 50,
            "eps_4q": 0.62,
            "eps_4q_growth_year": -20.01,
            "roe": 0.12,
            "roe_4q": 3.79,
            "gross_profit": 89539,
            "gross_margin": 12.75,
            "gross_margin_4q_avg": 13.7,
            "net_income": 4269,
            "net_income_4q": null,
            "revenue": 702112,
            "revenue_4q": null,
            "common_shares": 2278250,
            "book_valuer_per_share": 15.61,
            "book_valuer_per_share_4q_avg": 15.56,
            "equity": 3670422,
            "current_ratio": 422.66,
            "debt_ratio": 27.6,
            "inventory_turnover_ratio": 0.92,
            "account_receivable_turnover_ratio": 0.87,
            "reinvestment_rate": 18.45,
            "research_to_sale_ratio": 2.58,
            "price_fair": 36.4,
            "eps_avg_yearly": 1.04,
            "eps_latest_yearly": 0.12,
            "eps_growth_yearly": 260.45
        },
        "20162": {
            "year_quarter": 20162,
            "year": 2016,
            "quarter": 2,
            "eps": 0.07,
            "eps_growth_year": -70.83,
            "eps_4q": 0.45,
            "eps_4q_growth_year": -48.13,
            "roe": 0.4,
            "roe_4q": 2.6,
            "gross_profit": 103947,
            "gross_margin": 13.89,
            "gross_margin_4q_avg": 13.53,
            "net_income": 14363,
            "net_income_4q": null,
            "revenue": 748141,
            "revenue_4q": null,
            "common_shares": 2278250,
            "book_valuer_per_share": 15,
            "book_valuer_per_share_4q_avg": 15.5,
            "equity": 3527792,
            "current_ratio": 365.43,
            "debt_ratio": 29.43,
            "inventory_turnover_ratio": 0.98,
            "account_receivable_turnover_ratio": 0.98,
            "reinvestment_rate": 12.57,
            "research_to_sale_ratio": 2.23,
            "price_fair": 34.65,
            "eps_avg_yearly": 0.99,
            "eps_latest_yearly": 0.28,
            "eps_growth_yearly": 281.28
        },
        "20163": {
            "year_quarter": 20163,
            "year": 2016,
            "quarter": 3,
            "eps": 0.07,
            "eps_growth_year": -75,
            "eps_4q": 0.23,
            "eps_4q_growth_year": -71.06,
            "roe": 0.45,
            "roe_4q": 1.36,
            "gross_profit": 83848,
            "gross_margin": 12.52,
            "gross_margin_4q_avg": 13.25,
            "net_income": 15857,
            "net_income_4q": null,
            "revenue": 669969,
            "revenue_4q": null,
            "common_shares": 2278250,
            "book_valuer_per_share": 14.89,
            "book_valuer_per_share_4q_avg": 15.28,
            "equity": 3501298,
            "current_ratio": 385.77,
            "debt_ratio": 28.18,
            "inventory_turnover_ratio": 0.93,
            "account_receivable_turnover_ratio": 0.9,
            "reinvestment_rate": 8.27,
            "research_to_sale_ratio": 2.66,
            "price_fair": 32.38,
            "eps_avg_yearly": 0.93,
            "eps_latest_yearly": 0.28,
            "eps_growth_yearly": 275.72
        },
        "20164": {
            "year_quarter": 20164,
            "year": 2016,
            "quarter": 4,
            "eps": -0.1,
            "eps_growth_year": -232.38,
            "eps_4q": 0.06,
            "eps_4q_growth_year": -89.75,
            "roe": -0.69,
            "roe_4q": 0.2800000000000001,
            "gross_profit": 60944,
            "gross_margin": 8.34,
            "gross_margin_4q_avg": 11.88,
            "net_income": -24102,
            "net_income_4q": null,
            "revenue": 731114,
            "revenue_4q": null,
            "common_shares": 2278250,
            "book_valuer_per_share": 14.7,
            "book_valuer_per_share_4q_avg": 15.05,
            "equity": 3457142,
            "current_ratio": 370.3,
            "debt_ratio": 28.72,
            "inventory_turnover_ratio": 1.1,
            "account_receivable_turnover_ratio": 0.98,
            "reinvestment_rate": 10.28,
            "research_to_sale_ratio": 2.74,
            "price_fair": 30.8,
            "eps_avg_yearly": 0.88,
            "eps_latest_yearly": 0.28,
            "eps_growth_yearly": 288.45
        },
        "20171": {
            "year_quarter": 20171,
            "year": 2017,
            "quarter": 1,
            "eps": -0.25,
            "eps_growth_year": -933.33,
            "eps_4q": -0.22,
            "eps_4q_growth_year": -134.86,
            "roe": -1.89,
            "roe_4q": -1.73,
            "gross_profit": 42840,
            "gross_margin": 6.32,
            "gross_margin_4q_avg": 10.27,
            "net_income": -64118,
            "net_income_4q": null,
            "revenue": 677453,
            "revenue_4q": null,
            "common_shares": 2278250,
            "book_valuer_per_share": 14.18,
            "book_valuer_per_share_4q_avg": 14.69,
            "equity": 3330732,
            "current_ratio": 395.78,
            "debt_ratio": 27.41,
            "inventory_turnover_ratio": 1.05,
            "account_receivable_turnover_ratio": 0.91,
            "reinvestment_rate": -9.55,
            "research_to_sale_ratio": 2.58,
            "price_fair": 30.4,
            "eps_avg_yearly": 0.87,
            "eps_latest_yearly": 0.28,
            "eps_growth_yearly": 319.05
        },
        "20172": {
            "year_quarter": 20172,
            "year": 2017,
            "quarter": 2,
            "eps": 0.01,
            "eps_growth_year": -85.71,
            "eps_4q": -0.28,
            "eps_4q_growth_year": -161.48,
            "roe": 0.02,
            "roe_4q": -2.1099999999999994,
            "gross_profit": 103666,
            "gross_margin": 14.16,
            "gross_margin_4q_avg": 10.34,
            "net_income": 801,
            "net_income_4q": null,
            "revenue": 732188,
            "revenue_4q": null,
            "common_shares": 2278250,
            "book_valuer_per_share": 14.09,
            "book_valuer_per_share_4q_avg": 14.47,
            "equity": 3310575,
            "current_ratio": 360.58,
            "debt_ratio": 28.73,
            "inventory_turnover_ratio": 1.02,
            "account_receivable_turnover_ratio": 1,
            "reinvestment_rate": -14.57,
            "research_to_sale_ratio": 2.39,
            "price_fair": 29.51,
            "eps_avg_yearly": 0.84,
            "eps_latest_yearly": 0.28,
            "eps_growth_yearly": 338.86
        },
        "20173": {
            "year_quarter": 20173,
            "year": 2017,
            "quarter": 3,
            "eps": 0.19,
            "eps_growth_year": 171.43,
            "eps_4q": -0.15,
            "eps_4q_growth_year": -163.1,
            "roe": 1.34,
            "roe_4q": -1.2199999999999998,
            "gross_profit": 113532,
            "gross_margin": 15.93,
            "gross_margin_4q_avg": 11.19,
            "net_income": 44798,
            "net_income_4q": null,
            "revenue": 712697,
            "revenue_4q": null,
            "common_shares": 2278250,
            "book_valuer_per_share": 14.39,
            "book_valuer_per_share_4q_avg": 14.34,
            "equity": 3381727,
            "current_ratio": 390.08,
            "debt_ratio": 27.26,
            "inventory_turnover_ratio": 0.94,
            "account_receivable_turnover_ratio": 0.95,
            "reinvestment_rate": -16.66,
            "research_to_sale_ratio": 2.51,
            "price_fair": 27.14,
            "eps_avg_yearly": 0.78,
            "eps_latest_yearly": 0.76,
            "eps_growth_yearly": 881.42
        },
        "20174": {
            "year_quarter": 20174,
            "year": 2017,
            "quarter": 4,
            "eps": -0.13,
            "eps_growth_year": null,
            "eps_4q": -0.18,
            "eps_4q_growth_year": -386.78,
            "roe": -0.91,
            "roe_4q": -1.44,
            "gross_profit": 68358,
            "gross_margin": 9.64,
            "gross_margin_4q_avg": 11.51,
            "net_income": -30587,
            "net_income_4q": null,
            "revenue": 709181,
            "revenue_4q": null,
            "common_shares": 2278250,
            "book_valuer_per_share": 14.29,
            "book_valuer_per_share_4q_avg": 14.24,
            "equity": 3357316,
            "current_ratio": 352.78,
            "debt_ratio": 28.14,
            "inventory_turnover_ratio": 0.98,
            "account_receivable_turnover_ratio": 0.96,
            "reinvestment_rate": -3.6,
            "research_to_sale_ratio": 2.86,
            "price_fair": 23.1,
            "eps_avg_yearly": 0.66,
            "eps_latest_yearly": 0.76,
            "eps_growth_yearly": 944.31
        },
        "20181": {
            "year_quarter": 20181,
            "year": 2018,
            "quarter": 1,
            "eps": -0.15,
            "eps_growth_year": null,
            "eps_4q": -0.08,
            "eps_4q_growth_year": null,
            "roe": -1.09,
            "roe_4q": -0.6399999999999999,
            "gross_profit": 46781,
            "gross_margin": 6.94,
            "gross_margin_4q_avg": 11.67,
            "net_income": -36463,
            "net_income_4q": null,
            "revenue": 673714,
            "revenue_4q": null,
            "common_shares": 2278250,
            "book_valuer_per_share": 14.23,
            "book_valuer_per_share_4q_avg": 14.25,
            "equity": 3339763,
            "current_ratio": 365.6,
            "debt_ratio": 27.74,
            "inventory_turnover_ratio": 0.95,
            "account_receivable_turnover_ratio": 0.9,
            "reinvestment_rate": -77.53,
            "research_to_sale_ratio": 2.54,
            "price_fair": 21.89,
            "eps_avg_yearly": 0.63,
            "eps_latest_yearly": 0.76,
            "eps_growth_yearly": 1049.01
        },
        "20182": {
            "year_quarter": 20182,
            "year": 2018,
            "quarter": 2,
            "eps": 0.55,
            "eps_growth_year": 5400,
            "eps_4q": 0.46,
            "eps_4q_growth_year": null,
            "roe": 3.8,
            "roe_4q": 3.1399999999999997,
            "gross_profit": 70437,
            "gross_margin": 9.33,
            "gross_margin_4q_avg": 10.46,
            "net_income": 128190,
            "net_income_4q": null,
            "revenue": 754971,
            "revenue_4q": null,
            "common_shares": 2278250,
            "book_valuer_per_share": 14.54,
            "book_valuer_per_share_4q_avg": 14.36,
            "equity": 3411767,
            "current_ratio": 344.51,
            "debt_ratio": 29.18,
            "inventory_turnover_ratio": 1.03,
            "account_receivable_turnover_ratio": 0.98,
            "reinvestment_rate": -60.39,
            "research_to_sale_ratio": 2.4,
            "price_fair": 21.98,
            "eps_avg_yearly": 0.63,
            "eps_latest_yearly": 0.76,
            "eps_growth_yearly": 1170.83
        },
        "20183": {
            "year_quarter": 20183,
            "year": 2018,
            "quarter": 3,
            "eps": 0.05,
            "eps_growth_year": -73.68,
            "eps_4q": 0.33,
            "eps_4q_growth_year": null,
            "roe": 0.26,
            "roe_4q": 2.0599999999999996,
            "gross_profit": 89052,
            "gross_margin": 11.51,
            "gross_margin_4q_avg": 9.36,
            "net_income": 8779,
            "net_income_4q": null,
            "revenue": 773807,
            "revenue_4q": null,
            "common_shares": 2278250,
            "book_valuer_per_share": 14.39,
            "book_valuer_per_share_4q_avg": 14.36,
            "equity": 3374401,
            "current_ratio": 355.65,
            "debt_ratio": 28.72,
            "inventory_turnover_ratio": 1.02,
            "account_receivable_turnover_ratio": 1,
            "reinvestment_rate": -102.05,
            "research_to_sale_ratio": 2.66,
            "price_fair": 18.06,
            "eps_avg_yearly": 0.52,
            "eps_latest_yearly": 0.2,
            "eps_growth_yearly": 1086.47
        },
        "20184": {
            "year_quarter": 20184,
            "year": 2018,
            "quarter": 4,
            "eps": -0.05,
            "eps_growth_year": null,
            "eps_4q": 0.41,
            "eps_4q_growth_year": null,
            "roe": -0.26,
            "roe_4q": 2.71,
            "gross_profit": 67449,
            "gross_margin": 8.5,
            "gross_margin_4q_avg": 9.07,
            "net_income": -8666,
            "net_income_4q": null,
            "revenue": 793454,
            "revenue_4q": null,
            "common_shares": 2278250,
            "book_valuer_per_share": 14.21,
            "book_valuer_per_share_4q_avg": 14.34,
            "equity": 3311451,
            "current_ratio": 347.41,
            "debt_ratio": 29.28,
            "inventory_turnover_ratio": 1.07,
            "account_receivable_turnover_ratio": 1.05,
            "reinvestment_rate": -152.5,
            "research_to_sale_ratio": 4.64,
            "price_fair": 15.87,
            "eps_avg_yearly": 0.45,
            "eps_latest_yearly": 0.2,
            "eps_growth_yearly": 1215.27
        },
        "20191": {
            "year_quarter": 20191,
            "year": 2019,
            "quarter": 1,
            "eps": 0.06,
            "eps_growth_year": null,
            "eps_4q": 0.62,
            "eps_4q_growth_year": null,
            "roe": 0.43,
            "roe_4q": 4.2299999999999995,
            "gross_profit": 94782,
            "gross_margin": 13.21,
            "gross_margin_4q_avg": 10.64,
            "net_income": 14442,
            "net_income_4q": null,
            "revenue": 717546,
            "revenue_4q": null,
            "common_shares": 2278250,
            "book_valuer_per_share": 14.41,
            "book_valuer_per_share_4q_avg": 14.39,
            "equity": 3349162,
            "current_ratio": 365.64,
            "debt_ratio": 27.68,
            "inventory_turnover_ratio": 0.89,
            "account_receivable_turnover_ratio": 0.94,
            "reinvestment_rate": -138.43,
            "research_to_sale_ratio": 2.54,
            "price_fair": 17.5,
            "eps_avg_yearly": 0.5,
            "eps_latest_yearly": 0.2,
            "eps_growth_yearly": 1413.47
        },
        "20192": {
            "year_quarter": 20192,
            "year": 2019,
            "quarter": 2,
            "eps": 0.01,
            "eps_growth_year": -98.18,
            "eps_4q": 0.07,
            "eps_4q_growth_year": -85.15,
            "roe": 0.05,
            "roe_4q": 0.48,
            "gross_profit": 71359,
            "gross_margin": 9.54,
            "gross_margin_4q_avg": 10.69,
            "net_income": 1635,
            "net_income_4q": null,
            "revenue": 747721,
            "revenue_4q": null,
            "common_shares": 2278250,
            "book_valuer_per_share": 14.11,
            "book_valuer_per_share_4q_avg": 14.28,
            "equity": 3282441,
            "current_ratio": 346.86,
            "debt_ratio": 27.99,
            "inventory_turnover_ratio": 0.97,
            "account_receivable_turnover_ratio": 0.98,
            "reinvestment_rate": -178.4,
            "research_to_sale_ratio": 3.76,
            "price_fair": 13.48,
            "eps_avg_yearly": 0.39,
            "eps_latest_yearly": 0.04,
            "eps_growth_yearly": 821.81
        },
        "20193": {
            "year_quarter": 20193,
            "year": 2019,
            "quarter": 3,
            "eps": 0.01,
            "eps_growth_year": -80,
            "eps_4q": 0.02,
            "eps_4q_growth_year": -93.14,
            "roe": 0.16,
            "roe_4q": 0.38,
            "gross_profit": 74382,
            "gross_margin": 9.53,
            "gross_margin_4q_avg": 10.2,
            "net_income": 5165,
            "net_income_4q": null,
            "revenue": 780693,
            "revenue_4q": null,
            "common_shares": 2278250,
            "book_valuer_per_share": 13.91,
            "book_valuer_per_share_4q_avg": 14.16,
            "equity": 3242728,
            "current_ratio": 360.1,
            "debt_ratio": 26.63,
            "inventory_turnover_ratio": 1.13,
            "account_receivable_turnover_ratio": 0.98,
            "reinvestment_rate": -344.68,
            "research_to_sale_ratio": 2.58,
            "price_fair": 8.75,
            "eps_avg_yearly": 0.25,
            "eps_latest_yearly": 0.04,
            "eps_growth_yearly": 813.47
        },
        "20194": {
            "year_quarter": 20194,
            "year": 2019,
            "quarter": 4,
            "eps": -0.01,
            "eps_growth_year": null,
            "eps_4q": 0.06,
            "eps_4q_growth_year": -86.58,
            "roe": -0.16,
            "roe_4q": 0.48,
            "gross_profit": 89385,
            "gross_margin": 11.87,
            "gross_margin_4q_avg": 11.04,
            "net_income": -5277,
            "net_income_4q": null,
            "revenue": 753047,
            "revenue_4q": null,
            "common_shares": 2278250,
            "book_valuer_per_share": 13.84,
            "book_valuer_per_share_4q_avg": 14.07,
            "equity": 3223286,
            "current_ratio": 346.69,
            "debt_ratio": 26.74,
            "inventory_turnover_ratio": 1.11,
            "account_receivable_turnover_ratio": 0.96,
            "reinvestment_rate": -337.12,
            "research_to_sale_ratio": 2.81,
            "price_fair": 8.6,
            "eps_avg_yearly": 0.25,
            "eps_latest_yearly": 0.04,
            "eps_growth_yearly": 972.54
        },
        "20201": {
            "year_quarter": 20201,
            "year": 2020,
            "quarter": 1,
            "eps": -0.28,
            "eps_growth_year": -566.67,
            "eps_4q": -0.28,
            "eps_4q_growth_year": -145.83,
            "roe": -2.15,
            "roe_4q": -2.1,
            "gross_profit": 41551,
            "gross_margin": 8.06,
            "gross_margin_4q_avg": 9.75,
            "net_income": -68606,
            "net_income_4q": null,
            "revenue": 515615,
            "revenue_4q": null,
            "common_shares": 2278250,
            "book_valuer_per_share": 13.56,
            "book_valuer_per_share_4q_avg": 13.86,
            "equity": 3151425,
            "current_ratio": 409.83,
            "debt_ratio": 23.83,
            "inventory_turnover_ratio": 0.76,
            "account_receivable_turnover_ratio": 0.78,
            "reinvestment_rate": -3099.9,
            "research_to_sale_ratio": 3.16,
            "price_fair": 9.33,
            "eps_avg_yearly": 0.27,
            "eps_latest_yearly": 0.04,
            "eps_growth_yearly": 1172.73
        },
        "20202": {
            "year_quarter": 20202,
            "year": 2020,
            "quarter": 2,
            "eps": 0.12,
            "eps_growth_year": 1100,
            "eps_4q": -0.17,
            "eps_4q_growth_year": -347.22,
            "roe": 0.95,
            "roe_4q": -1.2,
            "gross_profit": 101396,
            "gross_margin": 13.63,
            "gross_margin_4q_avg": 10.77,
            "net_income": 29817,
            "net_income_4q": null,
            "revenue": 743945,
            "revenue_4q": null,
            "common_shares": 2278250,
            "book_valuer_per_share": 13.5,
            "book_valuer_per_share_4q_avg": 13.7,
            "equity": 3110436,
            "current_ratio": 326.42,
            "debt_ratio": 27.54,
            "inventory_turnover_ratio": 0.99,
            "account_receivable_turnover_ratio": 1.13,
            "reinvestment_rate": -1334.95,
            "research_to_sale_ratio": 2.32,
            "price_fair": 9.24,
            "eps_avg_yearly": 0.26,
            "eps_latest_yearly": 0.04,
            "eps_growth_yearly": 1300.61
        },
        "20203": {
            "year_quarter": 20203,
            "year": 2020,
            "quarter": 3,
            "eps": 0.33,
            "eps_growth_year": 3200,
            "eps_4q": 0.15,
            "eps_4q_growth_year": 558.82,
            "roe": 2.3,
            "roe_4q": 0.9400000000000001,
            "gross_profit": 172428,
            "gross_margin": 16.7,
            "gross_margin_4q_avg": 12.57,
            "net_income": 72592,
            "net_income_4q": null,
            "revenue": 1032216,
            "revenue_4q": null,
            "common_shares": 2278250,
            "book_valuer_per_share": 13.89,
            "book_valuer_per_share_4q_avg": 13.7,
            "equity": 3199419,
            "current_ratio": 297.08,
            "debt_ratio": 29.08,
            "inventory_turnover_ratio": 1.22,
            "account_receivable_turnover_ratio": 1.12,
            "reinvestment_rate": -314.45,
            "research_to_sale_ratio": 1.6,
            "price_fair": 16.52,
            "eps_avg_yearly": 0.47,
            "eps_latest_yearly": 1.32,
            "eps_growth_yearly": 1440.61
        },
        "20204": {
            "year_quarter": 20204,
            "year": 2020,
            "quarter": 4,
            "eps": 0.6,
            "eps_growth_year": null,
            "eps_4q": 0.76,
            "eps_4q_growth_year": 1277.59,
            "roe": 5.13,
            "roe_4q": 6.229999999999999,
            "gross_profit": 205474,
            "gross_margin": 18.81,
            "gross_margin_4q_avg": 14.3,
            "net_income": 168502,
            "net_income_4q": null,
            "revenue": 1092143,
            "revenue_4q": null,
            "common_shares": 2278250,
            "book_valuer_per_share": 14.61,
            "book_valuer_per_share_4q_avg": 13.89,
            "equity": 3367379,
            "current_ratio": 278.16,
            "debt_ratio": 30.18,
            "inventory_turnover_ratio": 1.13,
            "account_receivable_turnover_ratio": 0.98,
            "reinvestment_rate": -68.89,
            "research_to_sale_ratio": 1.72,
            "price_fair": 27.77,
            "eps_avg_yearly": 0.79,
            "eps_latest_yearly": 2.4,
            "eps_growth_yearly": 1255.05
        },
        "20211": {
            "year_quarter": 20211,
            "year": 2021,
            "quarter": 1,
            "eps": 0.47,
            "eps_growth_year": null,
            "eps_4q": 1.51,
            "eps_4q_growth_year": null,
            "roe": 3.91,
            "roe_4q": 12.29,
            "gross_profit": 184410,
            "gross_margin": 18.26,
            "gross_margin_4q_avg": 16.85,
            "net_income": 134335,
            "net_income_4q": null,
            "revenue": 1009861,
            "revenue_4q": null,
            "common_shares": 2278250,
            "book_valuer_per_share": 15.07,
            "book_valuer_per_share_4q_avg": 14.27,
            "equity": 3502979,
            "current_ratio": 282.72,
            "debt_ratio": 30.14,
            "inventory_turnover_ratio": 0.87,
            "account_receivable_turnover_ratio": 0.89,
            "reinvestment_rate": -16.81,
            "research_to_sale_ratio": 1.62,
            "price_fair": 33.2,
            "eps_avg_yearly": 0.95,
            "eps_latest_yearly": 1.88,
            "eps_growth_yearly": 1063.38
        },
        "20212": {
            "year_quarter": 20212,
            "year": 2021,
            "quarter": 2,
            "eps": 0.49,
            "eps_growth_year": 308.33,
            "eps_4q": 1.88,
            "eps_4q_growth_year": null,
            "roe": 3,
            "roe_4q": 14.34,
            "gross_profit": 236609,
            "gross_margin": 19.4,
            "gross_margin_4q_avg": 18.29,
            "net_income": 106878,
            "net_income_4q": null,
            "revenue": 1219403,
            "revenue_4q": null,
            "common_shares": 2278250,
            "book_valuer_per_share": 15.6,
            "book_valuer_per_share_4q_avg": 14.79,
            "equity": 3619018,
            "current_ratio": 268.55,
            "debt_ratio": 31.94,
            "inventory_turnover_ratio": 0.84,
            "account_receivable_turnover_ratio": 1.03,
            "reinvestment_rate": -16.57,
            "research_to_sale_ratio": 1.5,
            "price_fair": 37.63,
            "eps_avg_yearly": 1.08,
            "eps_latest_yearly": 1.96,
            "eps_growth_yearly": 932.58
        },
        "20213": {
            "year_quarter": 20213,
            "year": 2021,
            "quarter": 3,
            "eps": 0.5,
            "eps_growth_year": 51.52,
            "eps_4q": 2.05,
            "eps_4q_growth_year": 1298.03,
            "roe": 3.06,
            "roe_4q": 15.100000000000001,
            "gross_profit": 232606,
            "gross_margin": 18.84,
            "gross_margin_4q_avg": 18.83,
            "net_income": 110964,
            "net_income_4q": null,
            "revenue": 1234776,
            "revenue_4q": null,
            "common_shares": 2278250,
            "book_valuer_per_share": 15.73,
            "book_valuer_per_share_4q_avg": 15.25,
            "equity": 3633864,
            "current_ratio": 261.4,
            "debt_ratio": 32.73,
            "inventory_turnover_ratio": 0.72,
            "account_receivable_turnover_ratio": 0.96,
            "reinvestment_rate": -18.06,
            "research_to_sale_ratio": 1.48,
            "price_fair": 43.05,
            "eps_avg_yearly": 1.23,
            "eps_latest_yearly": 2,
            "eps_growth_yearly": 33.6
        },
        "20214": {
            "year_quarter": 20214,
            "year": 2021,
            "quarter": 4,
            "eps": 0.55,
            "eps_growth_year": -8.49,
            "eps_4q": 2,
            "eps_4q_growth_year": 164.24,
            "roe": 3.81,
            "roe_4q": 13.780000000000001,
            "gross_profit": 260608,
            "gross_margin": 18.41,
            "gross_margin_4q_avg": 18.73,
            "net_income": 141846,
            "net_income_4q": null,
            "revenue": 1415913,
            "revenue_4q": null,
            "common_shares": 2278250,
            "book_valuer_per_share": 16.37,
            "book_valuer_per_share_4q_avg": 15.69,
            "equity": 3803194,
            "current_ratio": 269.12,
            "debt_ratio": 33.04,
            "inventory_turnover_ratio": 0.76,
            "account_receivable_turnover_ratio": 1.05,
            "reinvestment_rate": -46.84,
            "research_to_sale_ratio": 1.38,
            "price_fair": 46.82,
            "eps_avg_yearly": 1.34,
            "eps_latest_yearly": 2.2,
            "eps_growth_yearly": 34.31
        },
        "20221": {
            "year_quarter": 20221,
            "year": 2022,
            "quarter": 1,
            "eps": 0.7,
            "eps_growth_year": 48.94,
            "eps_4q": 2.24,
            "eps_4q_growth_year": 48.47,
            "roe": 4.16,
            "roe_4q": 14.030000000000001,
            "gross_profit": 247518,
            "gross_margin": 20.26,
            "gross_margin_4q_avg": 19.23,
            "net_income": 162451,
            "net_income_4q": null,
            "revenue": 1221924,
            "revenue_4q": null,
            "common_shares": 2256850,
            "book_valuer_per_share": 17.26,
            "book_valuer_per_share_4q_avg": 16.24,
            "equity": 4004013,
            "current_ratio": 311.01,
            "debt_ratio": 29.68,
            "inventory_turnover_ratio": 0.58,
            "account_receivable_turnover_ratio": 0.91,
            "reinvestment_rate": -18.41,
            "research_to_sale_ratio": 1.27,
            "price_fair": 51.94,
            "eps_avg_yearly": 1.48,
            "eps_latest_yearly": 2.8,
            "eps_growth_yearly": 41.79
        },
        "20222": {
            "year_quarter": 20222,
            "year": 2022,
            "quarter": 2,
            "eps": 0.6,
            "eps_growth_year": 22.45,
            "eps_4q": 2.35,
            "eps_4q_growth_year": 25.13,
            "roe": 3.01,
            "roe_4q": 14.040000000000001,
            "gross_profit": 270014,
            "gross_margin": 20,
            "gross_margin_4q_avg": 19.38,
            "net_income": 118732,
            "net_income_4q": null,
            "revenue": 1350102,
            "revenue_4q": null,
            "common_shares": 2256850,
            "book_valuer_per_share": 16.91,
            "book_valuer_per_share_4q_avg": 16.57,
            "equity": 3895169,
            "current_ratio": 274.13,
            "debt_ratio": 32.55,
            "inventory_turnover_ratio": 0.61,
            "account_receivable_turnover_ratio": 1.01,
            "reinvestment_rate": -13.24,
            "research_to_sale_ratio": 1.29,
            "price_fair": 54.85,
            "eps_avg_yearly": 1.57,
            "eps_latest_yearly": 2.4,
            "eps_growth_yearly": 32.8
        },
        "20223": {
            "year_quarter": 20223,
            "year": 2022,
            "quarter": 3,
            "eps": 1.06,
            "eps_growth_year": 112,
            "eps_4q": 2.91,
            "eps_4q_growth_year": 41.81,
            "roe": 5.82,
            "roe_4q": 16.8,
            "gross_profit": 328450,
            "gross_margin": 21.15,
            "gross_margin_4q_avg": 19.96,
            "net_income": 233186,
            "net_income_4q": null,
            "revenue": 1553163,
            "revenue_4q": null,
            "common_shares": 2256850,
            "book_valuer_per_share": 17.91,
            "book_valuer_per_share_4q_avg": 17.11,
            "equity": 4114192,
            "current_ratio": 298.97,
            "debt_ratio": 30.6,
            "inventory_turnover_ratio": 0.72,
            "account_receivable_turnover_ratio": 1.04,
            "reinvestment_rate": -8.59,
            "research_to_sale_ratio": 1.26,
            "price_fair": 67.71,
            "eps_avg_yearly": 1.93,
            "eps_latest_yearly": 4.24,
            "eps_growth_yearly": 93.73
        },
        "20224": {
            "year_quarter": 20224,
            "year": 2022,
            "quarter": 4,
            "eps": 0.18,
            "eps_growth_year": -67.07,
            "eps_4q": 2.55,
            "eps_4q_growth_year": 27.13,
            "roe": 0.99,
            "roe_4q": 13.98,
            "gross_profit": 158965,
            "gross_margin": 16.57,
            "gross_margin_4q_avg": 19.5,
            "net_income": 40836,
            "net_income_4q": null,
            "revenue": 959375,
            "revenue_4q": null,
            "common_shares": 2256850,
            "book_valuer_per_share": 18.17,
            "book_valuer_per_share_4q_avg": 17.56,
            "equity": 4166521,
            "current_ratio": 410.21,
            "debt_ratio": 23.22,
            "inventory_turnover_ratio": 0.53,
            "account_receivable_turnover_ratio": 0.73,
            "reinvestment_rate": -6.75,
            "research_to_sale_ratio": 1.72,
            "price_fair": 64.17,
            "eps_avg_yearly": 1.83,
            "eps_latest_yearly": 0.72,
            "eps_growth_yearly": 58.25
        },
        "20231": {
            "year_quarter": 20231,
            "year": 2023,
            "quarter": 1,
            "eps": 0.01,
            "eps_growth_year": -98.57,
            "eps_4q": 1.85,
            "eps_4q_growth_year": -17.39,
            "roe": 0.11,
            "roe_4q": 9.93,
            "gross_profit": 72407,
            "gross_margin": 11.86,
            "gross_margin_4q_avg": 17.4,
            "net_income": 4577,
            "net_income_4q": null,
            "revenue": 610317,
            "revenue_4q": null,
            "common_shares": 2256850,
            "book_valuer_per_share": 18.22,
            "book_valuer_per_share_4q_avg": 17.8,
            "equity": 4182877,
            "current_ratio": 543.24,
            "debt_ratio": 18.56,
            "inventory_turnover_ratio": 0.41,
            "account_receivable_turnover_ratio": 0.72,
            "reinvestment_rate": -10.89,
            "research_to_sale_ratio": 2.7,
            "price_fair": 58.85,
            "eps_avg_yearly": 1.7,
            "eps_latest_yearly": 0.04,
            "eps_growth_yearly": 24.71
        },
        "20232": {
            "year_quarter": 20232,
            "year": 2023,
            "quarter": 2,
            "eps": -0.18,
            "eps_growth_year": -130,
            "eps_4q": 1.07,
            "eps_4q_growth_year": -54.35,
            "roe": -0.84,
            "roe_4q": 6.08,
            "gross_profit": 1594,
            "gross_margin": 0.37,
            "gross_margin_4q_avg": 12.49,
            "net_income": -34026,
            "net_income_4q": null,
            "revenue": 428522,
            "revenue_4q": null,
            "common_shares": 2256850,
            "book_valuer_per_share": 17.01,
            "book_valuer_per_share_4q_avg": 17.83,
            "equity": 3921891,
            "current_ratio": 511.11,
            "debt_ratio": 19.25,
            "inventory_turnover_ratio": 0.35,
            "account_receivable_turnover_ratio": 0.75,
            "reinvestment_rate": -13.1,
            "research_to_sale_ratio": 4.12,
            "price_fair": 64.17,
            "eps_avg_yearly": 1.83,
            "eps_latest_yearly": 0.04,
            "eps_growth_yearly": 54.55
        },
        "20233": {
            "year_quarter": 20233,
            "year": 2023,
            "quarter": 3,
            "eps": -0.15,
            "eps_growth_year": -114.15,
            "eps_4q": -0.14,
            "eps_4q_growth_year": -104.89,
            "roe": -0.78,
            "roe_4q": -0.52,
            "gross_profit": -10142,
            "gross_margin": -2.31,
            "gross_margin_4q_avg": 6.62,
            "net_income": -30418,
            "net_income_4q": null,
            "revenue": 439283,
            "revenue_4q": null,
            "common_shares": 2256850,
            "book_valuer_per_share": 16.96,
            "book_valuer_per_share_4q_avg": 17.59,
            "equity": 3914426,
            "current_ratio": 486.04,
            "debt_ratio": 19.71,
            "inventory_turnover_ratio": 0.41,
            "account_receivable_turnover_ratio": 0.97,
            "reinvestment_rate": -11.85,
            "research_to_sale_ratio": 5.12,
            "price_fair": 69.87,
            "eps_avg_yearly": 2,
            "eps_latest_yearly": 0.04,
            "eps_growth_yearly": 59.5
        },
        "20234": {
            "year_quarter": 20234,
            "year": 2023,
            "quarter": 4,
            "eps": -0.42,
            "eps_growth_year": -336.22,
            "eps_4q": -0.75,
            "eps_4q_growth_year": -129.32,
            "roe": -2.55,
            "roe_4q": -4.06,
            "gross_profit": -13069,
            "gross_margin": -3.15,
            "gross_margin_4q_avg": 1.69,
            "net_income": -98474,
            "net_income_4q": null,
            "revenue": 414293,
            "revenue_4q": null,
            "common_shares": 2256850,
            "book_valuer_per_share": 16.54,
            "book_valuer_per_share_4q_avg": 17.18,
            "equity": 3815983,
            "current_ratio": 675.74,
            "debt_ratio": 15.43,
            "inventory_turnover_ratio": 0.42,
            "account_receivable_turnover_ratio": 0.96,
            "reinvestment_rate": -19.78,
            "research_to_sale_ratio": 4.87,
            "price_fair": 69.87,
            "eps_avg_yearly": 2,
            "eps_latest_yearly": 0.04,
            "eps_growth_yearly": 59.5
        }
    },
    "months": {
        "2001-06": {
            "month": "2001-06",
            "price": "5.78",
            "revenue": 72731
        },
        "2001-07": {
            "month": "2001-07",
            "price": "4.78",
            "revenue": 80018
        },
        "2001-08": {
            "month": "2001-08",
            "price": "4.86",
            "revenue": 96638
        },
        "2001-09": {
            "month": "2001-09",
            "price": "4.09",
            "revenue": 85706
        },
        "2001-10": {
            "month": "2001-10",
            "price": "3.52",
            "revenue": 97550
        },
        "2001-11": {
            "month": "2001-11",
            "price": "3.43",
            "revenue": 109149
        },
        "2001-12": {
            "month": "2001-12",
            "price": "4.45",
            "revenue": 169017
        },
        "2002-01": {
            "month": "2002-01",
            "price": "5.13",
            "revenue": 164257
        },
        "2002-02": {
            "month": "2002-02",
            "price": "4.77",
            "revenue": 120972
        },
        "2002-03": {
            "month": "2002-03",
            "price": "5.58",
            "revenue": 135078
        },
        "2002-04": {
            "month": "2002-04",
            "price": "6.64",
            "revenue": 132702
        },
        "2002-05": {
            "month": "2002-05",
            "price": "6.06",
            "revenue": 114855
        },
        "2002-06": {
            "month": "2002-06",
            "price": "5.51",
            "revenue": 101659
        },
        "2002-07": {
            "month": "2002-07",
            "price": "5.22",
            "revenue": 111724
        },
        "2002-08": {
            "month": "2002-08",
            "price": "5.09",
            "revenue": 123559
        },
        "2002-09": {
            "month": "2002-09",
            "price": "4.25",
            "revenue": 116750
        },
        "2002-10": {
            "month": "2002-10",
            "price": "3.88",
            "revenue": 91179
        },
        "2002-11": {
            "month": "2002-11",
            "price": "4.80",
            "revenue": 118572
        },
        "2002-12": {
            "month": "2002-12",
            "price": "5.09",
            "revenue": 172613
        },
        "2003-01": {
            "month": "2003-01",
            "price": "5.87",
            "revenue": 172092
        },
        "2003-02": {
            "month": "2003-02",
            "price": "6.79",
            "revenue": 106728
        },
        "2003-03": {
            "month": "2003-03",
            "price": "7.74",
            "revenue": 145995
        },
        "2003-04": {
            "month": "2003-04",
            "price": "7.37",
            "revenue": 121796
        },
        "2003-05": {
            "month": "2003-05",
            "price": "7.14",
            "revenue": 109505
        },
        "2003-06": {
            "month": "2003-06",
            "price": "8.25",
            "revenue": 101965
        },
        "2003-07": {
            "month": "2003-07",
            "price": "8.04",
            "revenue": 99618
        },
        "2003-08": {
            "month": "2003-08",
            "price": "7.46",
            "revenue": 107853
        },
        "2003-09": {
            "month": "2003-09",
            "price": "6.76",
            "revenue": 118673
        },
        "2003-10": {
            "month": "2003-10",
            "price": "7.23",
            "revenue": 115330
        },
        "2003-11": {
            "month": "2003-11",
            "price": "8.57",
            "revenue": 114406
        },
        "2003-12": {
            "month": "2003-12",
            "price": "9.75",
            "revenue": 184743
        },
        "2004-01": {
            "month": "2004-01",
            "price": "9.87",
            "revenue": 146583
        },
        "2004-02": {
            "month": "2004-02",
            "price": "10.37",
            "revenue": 161617
        },
        "2004-03": {
            "month": "2004-03",
            "price": "10.77",
            "revenue": 163786
        },
        "2004-04": {
            "month": "2004-04",
            "price": "11.85",
            "revenue": 172716
        },
        "2004-05": {
            "month": "2004-05",
            "price": "12.42",
            "revenue": 111626
        },
        "2004-06": {
            "month": "2004-06",
            "price": "11.88",
            "revenue": 137369
        },
        "2004-07": {
            "month": "2004-07",
            "price": "11.50",
            "revenue": 112988
        },
        "2004-08": {
            "month": "2004-08",
            "price": "11.97",
            "revenue": 147506
        },
        "2004-09": {
            "month": "2004-09",
            "price": "12.93",
            "revenue": 156130
        },
        "2004-10": {
            "month": "2004-10",
            "price": "12.84",
            "revenue": 132258
        },
        "2004-11": {
            "month": "2004-11",
            "price": "11.94",
            "revenue": 140182
        },
        "2004-12": {
            "month": "2004-12",
            "price": "11.91",
            "revenue": 210055
        },
        "2005-01": {
            "month": "2005-01",
            "price": "12.45",
            "revenue": 174911
        },
        "2005-02": {
            "month": "2005-02",
            "price": "12.54",
            "revenue": 147511
        },
        "2005-03": {
            "month": "2005-03",
            "price": "12.35",
            "revenue": 144059
        },
        "2005-04": {
            "month": "2005-04",
            "price": "10.25",
            "revenue": 134597
        },
        "2005-05": {
            "month": "2005-05",
            "price": "8.01",
            "revenue": 115353
        },
        "2005-06": {
            "month": "2005-06",
            "price": "8.73",
            "revenue": 122799
        },
        "2005-07": {
            "month": "2005-07",
            "price": "8.65",
            "revenue": 133006
        },
        "2005-08": {
            "month": "2005-08",
            "price": "8.11",
            "revenue": 132836
        },
        "2005-09": {
            "month": "2005-09",
            "price": "6.52",
            "revenue": 153101
        },
        "2005-10": {
            "month": "2005-10",
            "price": "6.05",
            "revenue": 156977
        },
        "2005-11": {
            "month": "2005-11",
            "price": "5.88",
            "revenue": 156086
        },
        "2005-12": {
            "month": "2005-12",
            "price": "6.52",
            "revenue": 194473
        },
        "2006-01": {
            "month": "2006-01",
            "price": "6.56",
            "revenue": 187170
        },
        "2006-02": {
            "month": "2006-02",
            "price": "6.35",
            "revenue": 135457
        },
        "2006-03": {
            "month": "2006-03",
            "price": "5.88",
            "revenue": 143439
        },
        "2006-04": {
            "month": "2006-04",
            "price": "5.96",
            "revenue": 112920
        },
        "2006-05": {
            "month": "2006-05",
            "price": "6.32",
            "revenue": 101424
        },
        "2006-06": {
            "month": "2006-06",
            "price": "5.66",
            "revenue": 136064
        },
        "2006-07": {
            "month": "2006-07",
            "price": "5.46",
            "revenue": 147499
        },
        "2006-08": {
            "month": "2006-08",
            "price": "5.21",
            "revenue": 168131
        },
        "2006-09": {
            "month": "2006-09",
            "price": "5.23",
            "revenue": 160234
        },
        "2006-10": {
            "month": "2006-10",
            "price": "6.21",
            "revenue": 140838
        },
        "2006-11": {
            "month": "2006-11",
            "price": "7.14",
            "revenue": 164112
        },
        "2006-12": {
            "month": "2006-12",
            "price": "12.21",
            "revenue": 194852
        },
        "2007-01": {
            "month": "2007-01",
            "price": "15.12",
            "revenue": 196072
        },
        "2007-02": {
            "month": "2007-02",
            "price": "15.60",
            "revenue": 128193
        },
        "2007-03": {
            "month": "2007-03",
            "price": "15.43",
            "revenue": 134835
        },
        "2007-04": {
            "month": "2007-04",
            "price": "16.71",
            "revenue": 135696
        },
        "2007-05": {
            "month": "2007-05",
            "price": "16.32",
            "revenue": 143438
        },
        "2007-06": {
            "month": "2007-06",
            "price": "17.78",
            "revenue": 130903
        },
        "2007-07": {
            "month": "2007-07",
            "price": "23.00",
            "revenue": 155526
        },
        "2007-08": {
            "month": "2007-08",
            "price": "21.72",
            "revenue": 203161
        },
        "2007-09": {
            "month": "2007-09",
            "price": "19.42",
            "revenue": 170341
        },
        "2007-10": {
            "month": "2007-10",
            "price": "16.51",
            "revenue": 150061
        },
        "2007-11": {
            "month": "2007-11",
            "price": "12.96",
            "revenue": 200019
        },
        "2007-12": {
            "month": "2007-12",
            "price": "10.19",
            "revenue": 235357
        },
        "2008-01": {
            "month": "2008-01",
            "price": "10.71",
            "revenue": 227469
        },
        "2008-02": {
            "month": "2008-02",
            "price": "11.28",
            "revenue": 151494
        },
        "2008-03": {
            "month": "2008-03",
            "price": "12.79",
            "revenue": 189321
        },
        "2008-04": {
            "month": "2008-04",
            "price": "13.52",
            "revenue": 166595
        },
        "2008-05": {
            "month": "2008-05",
            "price": "14.77",
            "revenue": 161555
        },
        "2008-06": {
            "month": "2008-06",
            "price": "15.00",
            "revenue": 156548
        },
        "2008-07": {
            "month": "2008-07",
            "price": "12.82",
            "revenue": 172953
        },
        "2008-08": {
            "month": "2008-08",
            "price": "11.16",
            "revenue": 202440
        },
        "2008-09": {
            "month": "2008-09",
            "price": "8.49",
            "revenue": 176323
        },
        "2008-10": {
            "month": "2008-10",
            "price": "8.28",
            "revenue": 192344
        },
        "2008-11": {
            "month": "2008-11",
            "price": "8.47",
            "revenue": 191665
        },
        "2008-12": {
            "month": "2008-12",
            "price": "8.29",
            "revenue": 225340
        },
        "2009-01": {
            "month": "2009-01",
            "price": "7.66",
            "revenue": 149685
        },
        "2009-02": {
            "month": "2009-02",
            "price": "7.28",
            "revenue": 130377
        },
        "2009-03": {
            "month": "2009-03",
            "price": "8.13",
            "revenue": 151861
        },
        "2009-04": {
            "month": "2009-04",
            "price": "10.10",
            "revenue": 125098
        },
        "2009-05": {
            "month": "2009-05",
            "price": "10.93",
            "revenue": 101466
        },
        "2009-06": {
            "month": "2009-06",
            "price": "10.31",
            "revenue": 126252
        },
        "2009-07": {
            "month": "2009-07",
            "price": "10.87",
            "revenue": 150740
        },
        "2009-08": {
            "month": "2009-08",
            "price": "10.96",
            "revenue": 140120
        },
        "2009-09": {
            "month": "2009-09",
            "price": "10.58",
            "revenue": 142808
        },
        "2009-10": {
            "month": "2009-10",
            "price": "10.65",
            "revenue": 131517
        },
        "2009-11": {
            "month": "2009-11",
            "price": "11.07",
            "revenue": 153666
        },
        "2009-12": {
            "month": "2009-12",
            "price": "10.78",
            "revenue": 217795
        },
        "2010-01": {
            "month": "2010-01",
            "price": "11.55",
            "revenue": 203042
        },
        "2010-02": {
            "month": "2010-02",
            "price": "10.32",
            "revenue": 151209
        },
        "2010-03": {
            "month": "2010-03",
            "price": "10.95",
            "revenue": 194473
        },
        "2010-04": {
            "month": "2010-04",
            "price": "11.82",
            "revenue": 179670
        },
        "2010-05": {
            "month": "2010-05",
            "price": "13.59",
            "revenue": 153889
        },
        "2010-06": {
            "month": "2010-06",
            "price": "13.34",
            "revenue": 179908
        },
        "2010-07": {
            "month": "2010-07",
            "price": "14.77",
            "revenue": 194147
        },
        "2010-08": {
            "month": "2010-08",
            "price": "16.76",
            "revenue": 184398
        },
        "2010-09": {
            "month": "2010-09",
            "price": "14.86",
            "revenue": 190302
        },
        "2010-10": {
            "month": "2010-10",
            "price": "14.71",
            "revenue": 147058
        },
        "2010-11": {
            "month": "2010-11",
            "price": "14.26",
            "revenue": 186408
        },
        "2010-12": {
            "month": "2010-12",
            "price": "14.73",
            "revenue": 238023
        },
        "2011-01": {
            "month": "2011-01",
            "price": "15.61",
            "revenue": 204352
        },
        "2011-02": {
            "month": "2011-02",
            "price": "14.86",
            "revenue": 131695
        },
        "2011-03": {
            "month": "2011-03",
            "price": "14.44",
            "revenue": 154672
        },
        "2011-04": {
            "month": "2011-04",
            "price": "14.43",
            "revenue": 131360
        },
        "2011-05": {
            "month": "2011-05",
            "price": "14.12",
            "revenue": 153889
        },
        "2011-06": {
            "month": "2011-06",
            "price": "13.10",
            "revenue": 175136
        },
        "2011-07": {
            "month": "2011-07",
            "price": "13.05",
            "revenue": 181187
        },
        "2011-08": {
            "month": "2011-08",
            "price": "11.07",
            "revenue": 205068
        },
        "2011-09": {
            "month": "2011-09",
            "price": "10.67",
            "revenue": 203360
        },
        "2011-10": {
            "month": "2011-10",
            "price": "10.55",
            "revenue": 165477
        },
        "2011-11": {
            "month": "2011-11",
            "price": "11.67",
            "revenue": 177724
        },
        "2011-12": {
            "month": "2011-12",
            "price": "10.72",
            "revenue": 230369
        },
        "2012-01": {
            "month": "2012-01",
            "price": "11.01",
            "revenue": 183085
        },
        "2012-02": {
            "month": "2012-02",
            "price": "12.80",
            "revenue": 206700
        },
        "2012-03": {
            "month": "2012-03",
            "price": "14.21",
            "revenue": 188510
        },
        "2012-04": {
            "month": "2012-04",
            "price": "14.52",
            "revenue": 208995
        },
        "2012-05": {
            "month": "2012-05",
            "price": "12.92",
            "revenue": 173047
        },
        "2012-06": {
            "month": "2012-06",
            "price": "12.00",
            "revenue": 182631
        },
        "2012-07": {
            "month": "2012-07",
            "price": "13.00",
            "revenue": 216479
        },
        "2012-08": {
            "month": "2012-08",
            "price": "13.03",
            "revenue": 209309
        },
        "2012-09": {
            "month": "2012-09",
            "price": "12.60",
            "revenue": 154255
        },
        "2012-10": {
            "month": "2012-10",
            "price": "11.91",
            "revenue": 157672
        },
        "2012-11": {
            "month": "2012-11",
            "price": "11.16",
            "revenue": 197679
        },
        "2012-12": {
            "month": "2012-12",
            "price": "11.88",
            "revenue": 226036
        },
        "2013-01": {
            "month": "2013-01",
            "price": "12.03",
            "revenue": 385532
        },
        "2013-02": {
            "month": "2013-02",
            "price": "12.28",
            "revenue": 211747
        },
        "2013-03": {
            "month": "2013-03",
            "price": "12.80",
            "revenue": 331090
        },
        "2013-04": {
            "month": "2013-04",
            "price": "13.98",
            "revenue": 309628
        },
        "2013-05": {
            "month": "2013-05",
            "price": "14.79",
            "revenue": 333576
        },
        "2013-06": {
            "month": "2013-06",
            "price": "14.04",
            "revenue": 336606
        },
        "2013-07": {
            "month": "2013-07",
            "price": "14.55",
            "revenue": 314111
        },
        "2013-08": {
            "month": "2013-08",
            "price": "13.88",
            "revenue": 333802
        },
        "2013-09": {
            "month": "2013-09",
            "price": "13.56",
            "revenue": 316611
        },
        "2013-10": {
            "month": "2013-10",
            "price": "14.32",
            "revenue": 282409
        },
        "2013-11": {
            "month": "2013-11",
            "price": "14.20",
            "revenue": 313091
        },
        "2013-12": {
            "month": "2013-12",
            "price": "14.92",
            "revenue": 402176
        },
        "2014-01": {
            "month": "2014-01",
            "price": "16.39",
            "revenue": 334176
        },
        "2014-02": {
            "month": "2014-02",
            "price": "17.19",
            "revenue": 265481
        },
        "2014-03": {
            "month": "2014-03",
            "price": "18.20",
            "revenue": 315347
        },
        "2014-04": {
            "month": "2014-04",
            "price": "18.01",
            "revenue": 311867
        },
        "2014-05": {
            "month": "2014-05",
            "price": "16.31",
            "revenue": 320454
        },
        "2014-06": {
            "month": "2014-06",
            "price": "16.28",
            "revenue": 308724
        },
        "2014-07": {
            "month": "2014-07",
            "price": "16.29",
            "revenue": 331416
        },
        "2014-08": {
            "month": "2014-08",
            "price": "15.87",
            "revenue": 305365
        },
        "2014-09": {
            "month": "2014-09",
            "price": "14.62",
            "revenue": 334347
        },
        "2014-10": {
            "month": "2014-10",
            "price": "13.50",
            "revenue": 309244
        },
        "2014-11": {
            "month": "2014-11",
            "price": "13.31",
            "revenue": 326976
        },
        "2014-12": {
            "month": "2014-12",
            "price": "14.01",
            "revenue": 408739
        },
        "2015-01": {
            "month": "2015-01",
            "price": "14.90",
            "revenue": 366326
        },
        "2015-02": {
            "month": "2015-02",
            "price": "15.20",
            "revenue": 196426
        },
        "2015-03": {
            "month": "2015-03",
            "price": "15.55",
            "revenue": 328763
        },
        "2015-04": {
            "month": "2015-04",
            "price": "14.83",
            "revenue": 302811
        },
        "2015-05": {
            "month": "2015-05",
            "price": "14.15",
            "revenue": 289832
        },
        "2015-06": {
            "month": "2015-06",
            "price": "13.01",
            "revenue": 301269
        },
        "2015-07": {
            "month": "2015-07",
            "price": "12.19",
            "revenue": 303886
        },
        "2015-08": {
            "month": "2015-08",
            "price": "10.97",
            "revenue": 283646
        },
        "2015-09": {
            "month": "2015-09",
            "price": "10.92",
            "revenue": 271569
        },
        "2015-10": {
            "month": "2015-10",
            "price": "12.27",
            "revenue": 212391
        },
        "2015-11": {
            "month": "2015-11",
            "price": "12.07",
            "revenue": 271001
        },
        "2015-12": {
            "month": "2015-12",
            "price": "11.60",
            "revenue": 361726
        },
        "2016-01": {
            "month": "2016-01",
            "price": "11.13",
            "revenue": 275160
        },
        "2016-02": {
            "month": "2016-02",
            "price": "11.38",
            "revenue": 162069
        },
        "2016-03": {
            "month": "2016-03",
            "price": "11.50",
            "revenue": 272495
        },
        "2016-04": {
            "month": "2016-04",
            "price": "11.15",
            "revenue": 261382
        },
        "2016-05": {
            "month": "2016-05",
            "price": "10.88",
            "revenue": 248091
        },
        "2016-06": {
            "month": "2016-06",
            "price": "10.85",
            "revenue": 240084
        },
        "2016-07": {
            "month": "2016-07",
            "price": "10.84",
            "revenue": 224446
        },
        "2016-08": {
            "month": "2016-08",
            "price": "10.90",
            "revenue": 234827
        },
        "2016-09": {
            "month": "2016-09",
            "price": "10.50",
            "revenue": 210980
        },
        "2016-10": {
            "month": "2016-10",
            "price": "10.20",
            "revenue": 204906
        },
        "2016-11": {
            "month": "2016-11",
            "price": "10.15",
            "revenue": 218750
        },
        "2016-12": {
            "month": "2016-12",
            "price": "10.39",
            "revenue": 301083
        },
        "2017-01": {
            "month": "2017-01",
            "price": "10.36",
            "revenue": 212859
        },
        "2017-02": {
            "month": "2017-02",
            "price": "10.62",
            "revenue": 201709
        },
        "2017-03": {
            "month": "2017-03",
            "price": "11.17",
            "revenue": 308535
        },
        "2017-04": {
            "month": "2017-04",
            "price": "11.01",
            "revenue": 215649
        },
        "2017-05": {
            "month": "2017-05",
            "price": "10.50",
            "revenue": 225244
        },
        "2017-06": {
            "month": "2017-06",
            "price": "10.33",
            "revenue": 250094
        },
        "2017-07": {
            "month": "2017-07",
            "price": "10.35",
            "revenue": 237400
        },
        "2017-08": {
            "month": "2017-08",
            "price": "10.73",
            "revenue": 238440
        },
        "2017-09": {
            "month": "2017-09",
            "price": "11.09",
            "revenue": 235827
        },
        "2017-10": {
            "month": "2017-10",
            "price": "12.19",
            "revenue": 190744
        },
        "2017-11": {
            "month": "2017-11",
            "price": "12.01",
            "revenue": 252415
        },
        "2017-12": {
            "month": "2017-12",
            "price": "11.56",
            "revenue": 265824
        },
        "2018-01": {
            "month": "2018-01",
            "price": "11.84",
            "revenue": 271219
        },
        "2018-02": {
            "month": "2018-02",
            "price": "10.84",
            "revenue": 153139
        },
        "2018-03": {
            "month": "2018-03",
            "price": "10.77",
            "revenue": 250972
        },
        "2018-04": {
            "month": "2018-04",
            "price": "10.58",
            "revenue": 236028
        },
        "2018-05": {
            "month": "2018-05",
            "price": "10.30",
            "revenue": 261026
        },
        "2018-06": {
            "month": "2018-06",
            "price": "10.22",
            "revenue": 263095
        },
        "2018-07": {
            "month": "2018-07",
            "price": "10.12",
            "revenue": 251829
        },
        "2018-08": {
            "month": "2018-08",
            "price": "10.41",
            "revenue": 280480
        },
        "2018-09": {
            "month": "2018-09",
            "price": "10.37",
            "revenue": 233730
        },
        "2018-10": {
            "month": "2018-10",
            "price": "9.49",
            "revenue": 251224
        },
        "2018-11": {
            "month": "2018-11",
            "price": "9.64",
            "revenue": 262409
        },
        "2018-12": {
            "month": "2018-12",
            "price": "9.90",
            "revenue": 284685
        },
        "2019-01": {
            "month": "2019-01",
            "price": "9.95",
            "revenue": 305412
        },
        "2019-02": {
            "month": "2019-02",
            "price": "9.96",
            "revenue": 156619
        },
        "2019-03": {
            "month": "2019-03",
            "price": "10.20",
            "revenue": 266702
        },
        "2019-04": {
            "month": "2019-04",
            "price": "10.13",
            "revenue": 248372
        },
        "2019-05": {
            "month": "2019-05",
            "price": "9.77",
            "revenue": 263257
        },
        "2019-06": {
            "month": "2019-06",
            "price": "9.64",
            "revenue": 225802
        },
        "2019-07": {
            "month": "2019-07",
            "price": "9.65",
            "revenue": 294925
        },
        "2019-08": {
            "month": "2019-08",
            "price": "9.57",
            "revenue": 239120
        },
        "2019-09": {
            "month": "2019-09",
            "price": "9.29",
            "revenue": 251549
        },
        "2019-10": {
            "month": "2019-10",
            "price": "9.19",
            "revenue": 199223
        },
        "2019-11": {
            "month": "2019-11",
            "price": "9.11",
            "revenue": 254375
        },
        "2019-12": {
            "month": "2019-12",
            "price": "9.07",
            "revenue": 296233
        },
        "2020-01": {
            "month": "2020-01",
            "price": "9.11",
            "revenue": 199773
        },
        "2020-02": {
            "month": "2020-02",
            "price": "8.94",
            "revenue": 133701
        },
        "2020-03": {
            "month": "2020-03",
            "price": "7.36",
            "revenue": 189779
        },
        "2020-04": {
            "month": "2020-04",
            "price": "7.07",
            "revenue": 225237
        },
        "2020-05": {
            "month": "2020-05",
            "price": "7.88",
            "revenue": 248371
        },
        "2020-06": {
            "month": "2020-06",
            "price": "9.01",
            "revenue": 269436
        },
        "2020-07": {
            "month": "2020-07",
            "price": "10.02",
            "revenue": 350337
        },
        "2020-08": {
            "month": "2020-08",
            "price": "10.62",
            "revenue": 327135
        },
        "2020-09": {
            "month": "2020-09",
            "price": "11.65",
            "revenue": 352321
        },
        "2020-10": {
            "month": "2020-10",
            "price": "12.24",
            "revenue": 331423
        },
        "2020-11": {
            "month": "2020-11",
            "price": "14.81",
            "revenue": 347951
        },
        "2020-12": {
            "month": "2020-12",
            "price": "14.11",
            "revenue": 411896
        },
        "2021-01": {
            "month": "2021-01",
            "price": "13.44",
            "revenue": 355350
        },
        "2021-02": {
            "month": "2021-02",
            "price": "13.49",
            "revenue": 248668
        },
        "2021-03": {
            "month": "2021-03",
            "price": "15.56",
            "revenue": 405341
        },
        "2021-04": {
            "month": "2021-04",
            "price": "29.47",
            "revenue": 385312
        },
        "2021-05": {
            "month": "2021-05",
            "price": "25.17",
            "revenue": 408181
        },
        "2021-06": {
            "month": "2021-06",
            "price": "25.91",
            "revenue": 419359
        },
        "2021-07": {
            "month": "2021-07",
            "price": "29.30",
            "revenue": 426869
        },
        "2021-08": {
            "month": "2021-08",
            "price": "27.20",
            "revenue": 443970
        },
        "2021-09": {
            "month": "2021-09",
            "price": "27.53",
            "revenue": 369236
        },
        "2021-10": {
            "month": "2021-10",
            "price": "24.74",
            "revenue": 433490
        },
        "2021-11": {
            "month": "2021-11",
            "price": "27.28",
            "revenue": 470364
        },
        "2021-12": {
            "month": "2021-12",
            "price": "27.38",
            "revenue": 518756
        },
        "2022-01": {
            "month": "2022-01",
            "price": "26.68",
            "revenue": 413317
        },
        "2022-02": {
            "month": "2022-02",
            "price": "25.98",
            "revenue": 299980
        },
        "2022-03": {
            "month": "2022-03",
            "price": "24.15",
            "revenue": 512327
        },
        "2022-04": {
            "month": "2022-04",
            "price": "22.81",
            "revenue": 324533
        },
        "2022-05": {
            "month": "2022-05",
            "price": "21.85",
            "revenue": 473412
        },
        "2022-06": {
            "month": "2022-06",
            "price": "22.64",
            "revenue": 553672
        },
        "2022-07": {
            "month": "2022-07",
            "price": "22.58",
            "revenue": 582796
        },
        "2022-08": {
            "month": "2022-08",
            "price": "24.43",
            "revenue": 509527
        },
        "2022-09": {
            "month": "2022-09",
            "price": "24.51",
            "revenue": 468695
        },
        "2022-10": {
            "month": "2022-10",
            "price": "22.18",
            "revenue": 322574
        },
        "2022-11": {
            "month": "2022-11",
            "price": "22.85",
            "revenue": 288500
        },
        "2022-12": {
            "month": "2022-12",
            "price": "21.32",
            "revenue": 335340
        },
        "2023-01": {
            "month": "2023-01",
            "price": "20.43",
            "revenue": 162096
        },
        "2023-02": {
            "month": "2023-02",
            "price": "20.47",
            "revenue": 216172
        },
        "2023-03": {
            "month": "2023-03",
            "price": "20.22",
            "revenue": 234363
        },
        "2023-04": {
            "month": "2023-04",
            "price": "19.66",
            "revenue": 160400
        },
        "2023-05": {
            "month": "2023-05",
            "price": "18.89",
            "revenue": 133686
        },
        "2023-06": {
            "month": "2023-06",
            "price": "18.93",
            "revenue": 135288
        },
        "2023-07": {
            "month": "2023-07",
            "price": "17.55",
            "revenue": 170702
        },
        "2023-08": {
            "month": "2023-08",
            "price": "16.19",
            "revenue": 146450
        },
        "2023-09": {
            "month": "2023-09",
            "price": "15.61",
            "revenue": 121960
        },
        "2023-10": {
            "month": "2023-10",
            "price": "14.75",
            "revenue": 118924
        },
        "2023-11": {
            "month": "2023-11",
            "price": "15.16",
            "revenue": 133960
        },
        "2023-12": {
            "month": "2023-12",
            "price": "15.60",
            "revenue": 160505
        }
    }
}
