{
    "summary": {
        "stock_name": "華城",
        "stock_id": "1519",
        "category": "電機機械",
        "main_business": "變壓器及配電盤<br>配電器材及其他<br>統包工程",
        "website_url": "http://www.fortune.com.tw",
        "ceo": "許逸德/許逸晟(執行長)",
        "pe_ratio": 27,
        "report_year_from": 2001,
        "report_year_to": 2023,
        "age": 22,
        "eps_negative_percentage": 37,
        "eps_growth_avg": {
            "last_all": 2.74,
            "last_2y": 25.01,
            "last_4y": 27.78,
            "last_8y": 19.31,
            "last_12y": 7.64,
            "last_16y": 12.97,
            "last_20y": 2.74,
            "at_2006_last_3y": -19.38,
            "at_2007_last_3y": 20.9,
            "at_2008_last_3y": 55.68,
            "at_2009_last_3y": 30.27,
            "at_2010_last_3y": 4.38,
            "at_2011_last_3y": -35.81,
            "at_2012_last_3y": -45.83,
            "at_2013_last_3y": -18.6,
            "at_2014_last_3y": 16.63,
            "at_2015_last_3y": 28.56,
            "at_2016_last_3y": 40.08,
            "at_2017_last_3y": 8.71,
            "at_2018_last_3y": -25.32,
            "at_2019_last_3y": 2.93,
            "at_2020_last_3y": 3.2,
            "at_2021_last_3y": 9.73,
            "at_2022_last_3y": 43.76,
            "at_2023_last_3y": 43.76,
            "at_2006_last_all": -25.74,
            "at_2007_last_all": -0.59,
            "at_2008_last_all": 0.23,
            "at_2009_last_all": -6.37,
            "at_2010_last_all": -10.68,
            "at_2011_last_all": -16.25,
            "at_2012_last_all": -18.19,
            "at_2013_last_all": -10.82,
            "at_2014_last_all": -1.58,
            "at_2015_last_all": -2.46,
            "at_2016_last_all": -1.54,
            "at_2017_last_all": -5.61,
            "at_2018_last_all": -7.51,
            "at_2019_last_all": -1.19,
            "at_2020_last_all": -0.49,
            "at_2021_last_all": -2.38,
            "at_2022_last_all": 2.74,
            "at_2023_last_all": 2.74
        },
        "latest_eps": 4.03,
        "latest_price": 109.5,
        "latest_roe": 28.67,
        "latest_gross_margin": 28.03,
        "latest_equity": 3816499,
        "latest_revenue": 1540545,
        "latest_gross_profit": 431787,
        "latest_net_income": 202854,
        "latest_debt_ratio": 69.54,
        "latest_current_ratio": 125.68,
        "latest_account_receivable_turnover_ratio": 0.8,
        "latest_inventory_turnover_ratio": 0.24,
        "latest_reinvestment_rate": -6.52,
        "latest_research_to_sale_ratio": 2.39
    },
    "eps_dividends": {
        "1995": {
            "cash": 0,
            "stock": 2,
            "eps": 0
        },
        "1996": {
            "cash": 0,
            "stock": 2,
            "eps": 0
        },
        "1997": {
            "cash": 0,
            "stock": 2,
            "eps": 0
        },
        "1998": {
            "cash": 0,
            "stock": 2,
            "eps": 0
        },
        "1999": {
            "cash": 0,
            "stock": 2,
            "eps": 0
        },
        "2000": {
            "cash": 2,
            "stock": 2,
            "eps": 0
        },
        "2001": {
            "cash": 1,
            "stock": 1,
            "eps": 0.87
        },
        "2002": {
            "cash": 1,
            "stock": 0,
            "eps": 0.48
        },
        "2003": {
            "cash": 0,
            "stock": 0,
            "eps": 0.38
        },
        "2004": {
            "cash": 0,
            "stock": 0,
            "eps": -0.73
        },
        "2005": {
            "cash": 0,
            "stock": 0,
            "eps": 0.67
        },
        "2006": {
            "cash": 0,
            "stock": 0,
            "eps": 1.09
        },
        "2007": {
            "cash": 1,
            "stock": 0,
            "eps": 3.21
        },
        "2008": {
            "cash": 2,
            "stock": 1,
            "eps": 3.35
        },
        "2009": {
            "cash": 1,
            "stock": 2,
            "eps": 1.81
        },
        "2010": {
            "cash": 1,
            "stock": 1,
            "eps": 1.07
        },
        "2011": {
            "cash": 2,
            "stock": 0,
            "eps": 0.42
        },
        "2012": {
            "cash": 0,
            "stock": 0,
            "eps": 0.27
        },
        "2013": {
            "cash": 0,
            "stock": 0,
            "eps": 0.44
        },
        "2014": {
            "cash": 0,
            "stock": 0,
            "eps": 1
        },
        "2015": {
            "cash": 1,
            "stock": 0,
            "eps": 0.87
        },
        "2016": {
            "cash": 1,
            "stock": 0,
            "eps": 0.96
        },
        "2017": {
            "cash": 1,
            "stock": 0,
            "eps": 0.36
        },
        "2018": {
            "cash": 0,
            "stock": 0,
            "eps": 0.23
        },
        "2019": {
            "cash": 0,
            "stock": 0,
            "eps": 1.58
        },
        "2020": {
            "cash": 1,
            "stock": 0,
            "eps": 1.76
        },
        "2021": {
            "cash": 1,
            "stock": 0,
            "eps": 1.12
        },
        "2022": {
            "cash": 1,
            "stock": 0,
            "eps": 3.21
        },
        "2023": {
            "cash": 3,
            "stock": 0,
            "eps": 0.79
        }
    },
    "dividends": {
        "1995-06-05": {
            "cash": 0,
            "stock": 1.5
        },
        "1996-05-28": {
            "cash": 0,
            "stock": 1.5
        },
        "1997-05-20": {
            "cash": 0,
            "stock": 1.5
        },
        "1998-05-07": {
            "cash": 0,
            "stock": 2.2
        },
        "1999-05-20": {
            "cash": 0,
            "stock": 2.2
        },
        "2000-05-24": {
            "cash": 2.2,
            "stock": 2.2
        },
        "2001-06-22": {
            "cash": 0.5,
            "stock": 1
        },
        "2002-06-26": {
            "cash": 0.7,
            "stock": 0
        },
        "2003-04-03": {
            "cash": 0.4,
            "stock": 0
        },
        "2004-03-26": {
            "cash": 0.15,
            "stock": 0
        },
        "2006-03-23": {
            "cash": 0.34,
            "stock": 0
        },
        "2007-04-11": {
            "cash": 1.29,
            "stock": 0
        },
        "2008-04-01": {
            "cash": 2,
            "stock": 0.5
        },
        "2009-03-20": {
            "cash": 1.2,
            "stock": 1.5
        },
        "2010-03-30": {
            "cash": 1,
            "stock": 0.5
        },
        "2011-01-01": {
            "cash": 0.5,
            "stock": 0
        },
        "2011-03-21": {
            "cash": 1,
            "stock": 0
        },
        "2013-03-22": {
            "cash": 0.25,
            "stock": 0
        },
        "2014-09-03": {
            "cash": 0.32,
            "stock": 0
        },
        "2015-09-23": {
            "cash": 0.6,
            "stock": 0
        },
        "2016-08-10": {
            "cash": 0.6,
            "stock": 0
        },
        "2017-08-17": {
            "cash": 0.8,
            "stock": 0
        },
        "2018-08-15": {
            "cash": 0.4,
            "stock": 0
        },
        "2019-08-15": {
            "cash": 0.3,
            "stock": 0
        },
        "2020-08-20": {
            "cash": 1,
            "stock": 0
        },
        "2021-08-20": {
            "cash": 1.3,
            "stock": 0
        },
        "2022-08-25": {
            "cash": 1,
            "stock": 0
        },
        "2023-03-08": {
            "cash": 2.5,
            "stock": 0
        }
    },
    "prices": {
        "200101": "24.24",
        "200102": "25.64",
        "200103": "21.85",
        "200104": "19.04",
        "200105": "15.23",
        "200106": "15.24",
        "200107": "13.12",
        "200108": "11.87",
        "200109": "12.79",
        "200110": "13.54",
        "200111": "14.96",
        "200112": "16.84",
        "200201": "15.78",
        "200202": "15.53",
        "200203": "16.10",
        "200204": "19.31",
        "200205": "17.22",
        "200206": "16.92",
        "200207": "17.87",
        "200208": "15.83",
        "200209": "14.88",
        "200210": "13.00",
        "200211": "13.67",
        "200212": "15.64",
        "200301": "16.76",
        "200302": "15.04",
        "200303": "14.33",
        "200304": "13.41",
        "200305": "10.73",
        "200306": "11.69",
        "200307": "11.68",
        "200308": "11.42",
        "200309": "11.15",
        "200310": "11.17",
        "200311": "11.61",
        "200312": "11.84",
        "200401": "12.55",
        "200402": "12.83",
        "200403": "12.42",
        "200404": "11.40",
        "200405": "10.08",
        "200406": "9.61",
        "200407": "9.61",
        "200408": "9.71",
        "200409": "9.27",
        "200410": "8.84",
        "200411": "8.21",
        "200412": "8.87",
        "200501": "9.27",
        "200502": "8.88",
        "200503": "8.58",
        "200504": "9.11",
        "200505": "9.23",
        "200506": "9.76",
        "200507": "9.97",
        "200508": "9.94",
        "200509": "10.57",
        "200510": "9.65",
        "200511": "8.97",
        "200512": "9.14",
        "200601": "9.39",
        "200602": "9.17",
        "200603": "8.77",
        "200604": "9.34",
        "200605": "10.03",
        "200606": "9.76",
        "200607": "10.17",
        "200608": "10.85",
        "200609": "11.40",
        "200610": "13.22",
        "200611": "13.43",
        "200612": "14.26",
        "200701": "17.84",
        "200702": "17.50",
        "200703": "19.60",
        "200704": "26.38",
        "200705": "27.83",
        "200706": "29.96",
        "200707": "35.88",
        "200708": "45.45",
        "200709": "54.65",
        "200710": "49.27",
        "200711": "43.20",
        "200712": "48.19",
        "200801": "51.67",
        "200802": "47.36",
        "200803": "46.18",
        "200804": "47.35",
        "200805": "53.84",
        "200806": "50.76",
        "200807": "43.68",
        "200808": "44.40",
        "200809": "34.06",
        "200810": "27.10",
        "200811": "26.15",
        "200812": "27.61",
        "200901": "28.89",
        "200902": "29.16",
        "200903": "31.61",
        "200904": "35.95",
        "200905": "35.49",
        "200906": "33.47",
        "200907": "33.15",
        "200908": "35.54",
        "200909": "32.03",
        "200910": "30.15",
        "200911": "29.53",
        "200912": "31.92",
        "201001": "30.75",
        "201002": "26.18",
        "201003": "26.89",
        "201004": "27.02",
        "201005": "22.82",
        "201006": "21.27",
        "201007": "24.29",
        "201008": "27.02",
        "201009": "23.23",
        "201010": "22.96",
        "201011": "21.23",
        "201012": "22.03",
        "201101": "22.24",
        "201102": "21.00",
        "201103": "22.99",
        "201104": "24.89",
        "201105": "23.44",
        "201106": "21.87",
        "201107": "21.61",
        "201108": "17.71",
        "201109": "15.64",
        "201110": "15.37",
        "201111": "14.22",
        "201112": "12.67",
        "201201": "12.69",
        "201202": "16.92",
        "201203": "16.91",
        "201204": "14.08",
        "201205": "13.91",
        "201206": "13.74",
        "201207": "13.39",
        "201208": "13.24",
        "201209": "13.24",
        "201210": "12.65",
        "201211": "11.87",
        "201212": "11.78",
        "201301": "11.93",
        "201302": "12.10",
        "201303": "13.59",
        "201304": "13.07",
        "201305": "14.56",
        "201306": "14.07",
        "201307": "13.53",
        "201308": "13.72",
        "201309": "14.19",
        "201310": "16.02",
        "201311": "16.97",
        "201312": "17.22",
        "201401": "17.89",
        "201402": "17.01",
        "201403": "16.92",
        "201404": "16.70",
        "201405": "16.20",
        "201406": "15.83",
        "201407": "16.15",
        "201408": "16.13",
        "201409": "15.80",
        "201410": "15.31",
        "201411": "14.63",
        "201412": "15.07",
        "201501": "15.58",
        "201502": "15.63",
        "201503": "15.53",
        "201504": "16.95",
        "201505": "16.73",
        "201506": "15.73",
        "201507": "15.45",
        "201508": "14.52",
        "201509": "14.12",
        "201510": "15.14",
        "201511": "15.36",
        "201512": "15.86",
        "201601": "15.15",
        "201602": "16.05",
        "201603": "16.18",
        "201604": "16.07",
        "201605": "15.14",
        "201606": "15.31",
        "201607": "15.32",
        "201608": "15.83",
        "201609": "18.04",
        "201610": "17.92",
        "201611": "17.12",
        "201612": "17.86",
        "201701": "17.82",
        "201702": "17.99",
        "201703": "17.22",
        "201704": "17.34",
        "201705": "17.01",
        "201706": "17.16",
        "201707": "17.13",
        "201708": "19.79",
        "201709": "21.98",
        "201710": "20.27",
        "201711": "19.83",
        "201712": "19.70",
        "201801": "21.47",
        "201802": "20.78",
        "201803": "22.12",
        "201804": "27.43",
        "201805": "23.92",
        "201806": "22.61",
        "201807": "21.95",
        "201808": "22.14",
        "201809": "23.06",
        "201810": "19.91",
        "201811": "18.68",
        "201812": "18.80",
        "201901": "19.75",
        "201902": "21.95",
        "201903": "22.84",
        "201904": "22.24",
        "201905": "22.29",
        "201906": "26.02",
        "201907": "27.10",
        "201908": "23.18",
        "201909": "24.83",
        "201910": "25.49",
        "201911": "26.69",
        "201912": "28.80",
        "202001": "28.77",
        "202002": "30.48",
        "202003": "25.86",
        "202004": "25.54",
        "202005": "26.64",
        "202006": "27.26",
        "202007": "31.97",
        "202008": "36.51",
        "202009": "43.25",
        "202010": "50.05",
        "202011": "50.70",
        "202012": "51.51",
        "202101": "45.68",
        "202102": "43.53",
        "202103": "45.09",
        "202104": "49.24",
        "202105": "43.85",
        "202106": "42.96",
        "202107": "43.96",
        "202108": "39.59",
        "202109": "37.78",
        "202110": "36.30",
        "202111": "36.50",
        "202112": "36.05",
        "202201": "38.78",
        "202202": "38.29",
        "202203": "40.00",
        "202204": "41.41",
        "202205": "35.65",
        "202206": "34.98",
        "202207": "36.14",
        "202208": "37.94",
        "202209": "41.14",
        "202210": "40.24",
        "202211": "39.25",
        "202212": "47.94",
        "202301": "53.16",
        "202302": "57.38",
        "202303": "68.68",
        "202304": "92.09",
        "202305": "101.96"
    },
    "quarters": {
        "20011": {
            "year_quarter": 20011,
            "year": 2001,
            "quarter": 1,
            "eps": 0.03,
            "eps_growth_year": -93.33,
            "eps_4q": 0.82,
            "eps_4q_growth_year": -51.68,
            "roe": 0.23,
            "gross_profit": 29166,
            "gross_margin": 8.77,
            "net_income": 5608,
            "revenue": 332611,
            "common_shares": 1994363,
            "equity": 2400252,
            "current_ratio": 125.72,
            "debt_ratio": 39.55,
            "inventory_turnover_ratio": 1,
            "account_receivable_turnover_ratio": null,
            "reinvestment_rate": null,
            "research_to_sale_ratio": null,
            "price_fair": 0,
            "eps_avg_yearly": 0,
            "eps_latest_yearly": 0,
            "eps_growth_yearly": 0
        },
        "20012": {
            "year_quarter": 20012,
            "year": 2001,
            "quarter": 2,
            "eps": -0.01,
            "eps_growth_year": -101.41,
            "eps_4q": 0.18,
            "eps_4q_growth_year": -91.22,
            "roe": -0.06,
            "gross_profit": 96078,
            "gross_margin": 19.07,
            "net_income": -1410,
            "revenue": 503785,
            "common_shares": 1994363,
            "equity": 2291061,
            "current_ratio": 120.13,
            "debt_ratio": 41.66,
            "inventory_turnover_ratio": 1.18,
            "account_receivable_turnover_ratio": null,
            "reinvestment_rate": null,
            "research_to_sale_ratio": null,
            "price_fair": 0,
            "eps_avg_yearly": 0,
            "eps_latest_yearly": 0,
            "eps_growth_yearly": 0
        },
        "20013": {
            "year_quarter": 20013,
            "year": 2001,
            "quarter": 3,
            "eps": 0.41,
            "eps_growth_year": 115.79,
            "eps_4q": 0.4,
            "eps_4q_growth_year": -70.59,
            "roe": 3.83,
            "gross_profit": 167624,
            "gross_margin": 23.83,
            "net_income": 88916,
            "revenue": 703374,
            "common_shares": 2195604,
            "equity": 2352933,
            "current_ratio": 120.3,
            "debt_ratio": 45.23,
            "inventory_turnover_ratio": 1.26,
            "account_receivable_turnover_ratio": null,
            "reinvestment_rate": null,
            "research_to_sale_ratio": null,
            "price_fair": 0,
            "eps_avg_yearly": 0,
            "eps_latest_yearly": 0,
            "eps_growth_yearly": 0
        },
        "20014": {
            "year_quarter": 20014,
            "year": 2001,
            "quarter": 4,
            "eps": 0.44,
            "eps_growth_year": null,
            "eps_4q": 0.87,
            "eps_4q_growth_year": -20.68,
            "roe": 4.03,
            "gross_profit": 288417,
            "gross_margin": 28.44,
            "net_income": 94723,
            "revenue": 1014254,
            "common_shares": 2195604,
            "equity": 2343616,
            "current_ratio": 118.96,
            "debt_ratio": 46.87,
            "inventory_turnover_ratio": 1.7,
            "account_receivable_turnover_ratio": null,
            "reinvestment_rate": null,
            "research_to_sale_ratio": null,
            "price_fair": 0,
            "eps_avg_yearly": 0,
            "eps_latest_yearly": 0,
            "eps_growth_yearly": 0
        },
        "20021": {
            "year_quarter": 20021,
            "year": 2002,
            "quarter": 1,
            "eps": 0.12,
            "eps_growth_year": 300,
            "eps_4q": 1.06,
            "eps_4q_growth_year": 29.8,
            "roe": 1,
            "gross_profit": 120680,
            "gross_margin": 23.54,
            "net_income": 23293,
            "revenue": 512725,
            "common_shares": 2195604,
            "equity": 2305823,
            "current_ratio": 121.87,
            "debt_ratio": 46.7,
            "inventory_turnover_ratio": 0.98,
            "account_receivable_turnover_ratio": null,
            "reinvestment_rate": null,
            "research_to_sale_ratio": null,
            "price_fair": 1.44,
            "eps_avg_yearly": 0.48,
            "eps_latest_yearly": 0.48,
            "eps_growth_yearly": -290.91
        },
        "20022": {
            "year_quarter": 20022,
            "year": 2002,
            "quarter": 2,
            "eps": 0.09,
            "eps_growth_year": null,
            "eps_4q": 1.14,
            "eps_4q_growth_year": 537.22,
            "roe": 0.78,
            "gross_profit": 145434,
            "gross_margin": 20.62,
            "net_income": 17666,
            "revenue": 705306,
            "common_shares": 2195604,
            "equity": 2202731,
            "current_ratio": 121.61,
            "debt_ratio": 46.49,
            "inventory_turnover_ratio": 1.3,
            "account_receivable_turnover_ratio": null,
            "reinvestment_rate": null,
            "research_to_sale_ratio": null,
            "price_fair": 1.26,
            "eps_avg_yearly": 0.42,
            "eps_latest_yearly": 0.36,
            "eps_growth_yearly": -195.45
        },
        "20023": {
            "year_quarter": 20023,
            "year": 2002,
            "quarter": 3,
            "eps": 0.34,
            "eps_growth_year": -17.07,
            "eps_4q": 1.02,
            "eps_4q_growth_year": 157.02,
            "roe": 3.04,
            "gross_profit": 168728,
            "gross_margin": 20.07,
            "net_income": 67994,
            "revenue": 840512,
            "common_shares": 2201194,
            "equity": 2267423,
            "current_ratio": 120.97,
            "debt_ratio": 46.36,
            "inventory_turnover_ratio": 1.48,
            "account_receivable_turnover_ratio": null,
            "reinvestment_rate": null,
            "research_to_sale_ratio": null,
            "price_fair": 25.67,
            "eps_avg_yearly": 0.73,
            "eps_latest_yearly": 1.36,
            "eps_growth_yearly": 240.07
        },
        "20024": {
            "year_quarter": 20024,
            "year": 2002,
            "quarter": 4,
            "eps": -0.07,
            "eps_growth_year": -115.91,
            "eps_4q": 0.46,
            "eps_4q_growth_year": -47.28,
            "roe": -0.67,
            "gross_profit": 70250,
            "gross_margin": 8.37,
            "net_income": -15117,
            "revenue": 839210,
            "common_shares": 2201194,
            "equity": 2232887,
            "current_ratio": 120.44,
            "debt_ratio": 49.49,
            "inventory_turnover_ratio": 1.45,
            "account_receivable_turnover_ratio": null,
            "reinvestment_rate": 24.2,
            "research_to_sale_ratio": null,
            "price_fair": 25.67,
            "eps_avg_yearly": 0.73,
            "eps_latest_yearly": 1.36,
            "eps_growth_yearly": 240.07
        },
        "20031": {
            "year_quarter": 20031,
            "year": 2003,
            "quarter": 1,
            "eps": -0.31,
            "eps_growth_year": -358.33,
            "eps_4q": 0.04,
            "eps_4q_growth_year": -96.44,
            "roe": -2.86,
            "gross_profit": 9537,
            "gross_margin": 4.02,
            "net_income": -62895,
            "revenue": 237495,
            "common_shares": 2201194,
            "equity": 2170820,
            "current_ratio": 115.81,
            "debt_ratio": 51.06,
            "inventory_turnover_ratio": 0.32,
            "account_receivable_turnover_ratio": null,
            "reinvestment_rate": 13.39,
            "research_to_sale_ratio": null,
            "price_fair": 25.67,
            "eps_avg_yearly": 0.73,
            "eps_latest_yearly": 1.36,
            "eps_growth_yearly": 240.07
        },
        "20032": {
            "year_quarter": 20032,
            "year": 2003,
            "quarter": 2,
            "eps": 0.4,
            "eps_growth_year": 344.44,
            "eps_4q": 0.35,
            "eps_4q_growth_year": -69.36,
            "roe": 3.74,
            "gross_profit": 183561,
            "gross_margin": 18.54,
            "net_income": 81108,
            "revenue": 990188,
            "common_shares": 2201194,
            "equity": 2166721,
            "current_ratio": 114.08,
            "debt_ratio": 51.23,
            "inventory_turnover_ratio": 1.08,
            "account_receivable_turnover_ratio": null,
            "reinvestment_rate": 1.35,
            "research_to_sale_ratio": null,
            "price_fair": 25.67,
            "eps_avg_yearly": 0.73,
            "eps_latest_yearly": 1.36,
            "eps_growth_yearly": 240.07
        },
        "20033": {
            "year_quarter": 20033,
            "year": 2003,
            "quarter": 3,
            "eps": 0.35,
            "eps_growth_year": 2.94,
            "eps_4q": 0.37,
            "eps_4q_growth_year": -64.15,
            "roe": 3.26,
            "gross_profit": 206115,
            "gross_margin": 28.55,
            "net_income": 71870,
            "revenue": 722017,
            "common_shares": 2201194,
            "equity": 2235774,
            "current_ratio": 119.55,
            "debt_ratio": 48.18,
            "inventory_turnover_ratio": 0.71,
            "account_receivable_turnover_ratio": null,
            "reinvestment_rate": -4.84,
            "research_to_sale_ratio": null,
            "price_fair": 31.5,
            "eps_avg_yearly": 0.9,
            "eps_latest_yearly": 1.4,
            "eps_growth_yearly": 167.55
        },
        "20034": {
            "year_quarter": 20034,
            "year": 2003,
            "quarter": 4,
            "eps": -0.06,
            "eps_growth_year": null,
            "eps_4q": 0.38,
            "eps_4q_growth_year": -17.39,
            "roe": -0.56,
            "gross_profit": 96016,
            "gross_margin": 9.71,
            "net_income": -12581,
            "revenue": 989159,
            "common_shares": 2151194,
            "equity": 2220748,
            "current_ratio": 136.85,
            "debt_ratio": 46.01,
            "inventory_turnover_ratio": 1.45,
            "account_receivable_turnover_ratio": null,
            "reinvestment_rate": -8.59,
            "research_to_sale_ratio": null,
            "price_fair": 31.5,
            "eps_avg_yearly": 0.9,
            "eps_latest_yearly": 1.4,
            "eps_growth_yearly": 167.55
        },
        "20041": {
            "year_quarter": 20041,
            "year": 2004,
            "quarter": 1,
            "eps": -0.35,
            "eps_growth_year": null,
            "eps_4q": 0.35,
            "eps_4q_growth_year": 816.14,
            "roe": -3.23,
            "gross_profit": -4480,
            "gross_margin": -2.36,
            "net_income": -70668,
            "revenue": 189942,
            "common_shares": 2151194,
            "equity": 2151795,
            "current_ratio": 139.87,
            "debt_ratio": 42.35,
            "inventory_turnover_ratio": 0.37,
            "account_receivable_turnover_ratio": null,
            "reinvestment_rate": -8.59,
            "research_to_sale_ratio": null,
            "price_fair": 31.5,
            "eps_avg_yearly": 0.9,
            "eps_latest_yearly": 1.4,
            "eps_growth_yearly": 167.55
        },
        "20042": {
            "year_quarter": 20042,
            "year": 2004,
            "quarter": 2,
            "eps": -0.07,
            "eps_growth_year": -117.5,
            "eps_4q": -0.12,
            "eps_4q_growth_year": -134.09,
            "roe": -0.67,
            "gross_profit": 63594,
            "gross_margin": 9.22,
            "net_income": -14331,
            "revenue": 689733,
            "common_shares": 2151194,
            "equity": 2105978,
            "current_ratio": 129.49,
            "debt_ratio": 45.2,
            "inventory_turnover_ratio": 0.99,
            "account_receivable_turnover_ratio": null,
            "reinvestment_rate": -22.39,
            "research_to_sale_ratio": null,
            "price_fair": 31.5,
            "eps_avg_yearly": 0.9,
            "eps_latest_yearly": 1.4,
            "eps_growth_yearly": 167.55
        },
        "20043": {
            "year_quarter": 20043,
            "year": 2004,
            "quarter": 3,
            "eps": -0.05,
            "eps_growth_year": -114.29,
            "eps_4q": -0.5,
            "eps_4q_growth_year": -237.75,
            "roe": -0.5,
            "gross_profit": 67095,
            "gross_margin": 11.98,
            "net_income": -10599,
            "revenue": 560164,
            "common_shares": 2151194,
            "equity": 2098120,
            "current_ratio": 124.95,
            "debt_ratio": 48.26,
            "inventory_turnover_ratio": 0.67,
            "account_receivable_turnover_ratio": null,
            "reinvestment_rate": -16.82,
            "research_to_sale_ratio": null,
            "price_fair": 31.5,
            "eps_avg_yearly": 0.9,
            "eps_latest_yearly": 1.4,
            "eps_growth_yearly": 167.55
        },
        "20044": {
            "year_quarter": 20044,
            "year": 2004,
            "quarter": 4,
            "eps": -0.26,
            "eps_growth_year": null,
            "eps_4q": -0.73,
            "eps_4q_growth_year": -292.11,
            "roe": -2.53,
            "gross_profit": 40161,
            "gross_margin": 5.73,
            "net_income": -52352,
            "revenue": 700517,
            "common_shares": 2059024,
            "equity": 2042235,
            "current_ratio": 114.4,
            "debt_ratio": 52.22,
            "inventory_turnover_ratio": 0.71,
            "account_receivable_turnover_ratio": null,
            "reinvestment_rate": -4.22,
            "research_to_sale_ratio": null,
            "price_fair": 31.5,
            "eps_avg_yearly": 0.9,
            "eps_latest_yearly": 1.4,
            "eps_growth_yearly": 167.55
        },
        "20051": {
            "year_quarter": 20051,
            "year": 2005,
            "quarter": 1,
            "eps": 0.12,
            "eps_growth_year": null,
            "eps_4q": -0.26,
            "eps_4q_growth_year": -176.21,
            "roe": 1.16,
            "gross_profit": 97630,
            "gross_margin": 13.54,
            "net_income": 24201,
            "revenue": 721085,
            "common_shares": 2059024,
            "equity": 2113195,
            "current_ratio": 112.93,
            "debt_ratio": 56.68,
            "inventory_turnover_ratio": 0.49,
            "account_receivable_turnover_ratio": null,
            "reinvestment_rate": 9.68,
            "research_to_sale_ratio": null,
            "price_fair": 31.5,
            "eps_avg_yearly": 0.9,
            "eps_latest_yearly": 1.4,
            "eps_growth_yearly": 167.55
        },
        "20052": {
            "year_quarter": 20052,
            "year": 2005,
            "quarter": 2,
            "eps": 0.09,
            "eps_growth_year": null,
            "eps_4q": -0.09,
            "eps_4q_growth_year": null,
            "roe": 0.9,
            "gross_profit": 106969,
            "gross_margin": 9.52,
            "net_income": 19084,
            "revenue": 1123914,
            "common_shares": 2059024,
            "equity": 2132630,
            "current_ratio": 112.8,
            "debt_ratio": 57.22,
            "inventory_turnover_ratio": 0.65,
            "account_receivable_turnover_ratio": null,
            "reinvestment_rate": 4.14,
            "research_to_sale_ratio": null,
            "price_fair": 27.72,
            "eps_avg_yearly": 0.79,
            "eps_latest_yearly": 0.36,
            "eps_growth_yearly": 114.04
        },
        "20053": {
            "year_quarter": 20053,
            "year": 2005,
            "quarter": 3,
            "eps": 0.23,
            "eps_growth_year": null,
            "eps_4q": 0.19,
            "eps_4q_growth_year": null,
            "roe": 2.17,
            "gross_profit": 124789,
            "gross_margin": 10.67,
            "net_income": 46807,
            "revenue": 1169590,
            "common_shares": 2059024,
            "equity": 2186011,
            "current_ratio": 115.69,
            "debt_ratio": 56.85,
            "inventory_turnover_ratio": 0.63,
            "account_receivable_turnover_ratio": null,
            "reinvestment_rate": -0.13,
            "research_to_sale_ratio": null,
            "price_fair": 28.47,
            "eps_avg_yearly": 0.81,
            "eps_latest_yearly": 0.92,
            "eps_growth_yearly": 198.74
        },
        "20054": {
            "year_quarter": 20054,
            "year": 2005,
            "quarter": 4,
            "eps": 0.23,
            "eps_growth_year": null,
            "eps_4q": 0.67,
            "eps_4q_growth_year": null,
            "roe": 2.13,
            "gross_profit": 159085,
            "gross_margin": 13.51,
            "net_income": 46586,
            "revenue": 1177791,
            "common_shares": 2059024,
            "equity": 2195993,
            "current_ratio": 115.21,
            "debt_ratio": 57.9,
            "inventory_turnover_ratio": 0.57,
            "account_receivable_turnover_ratio": null,
            "reinvestment_rate": 34.89,
            "research_to_sale_ratio": null,
            "price_fair": 29,
            "eps_avg_yearly": 0.83,
            "eps_latest_yearly": 0.92,
            "eps_growth_yearly": 170.35
        },
        "20061": {
            "year_quarter": 20061,
            "year": 2006,
            "quarter": 1,
            "eps": 0.09,
            "eps_growth_year": -25,
            "eps_4q": 0.67,
            "eps_4q_growth_year": null,
            "roe": 0.8,
            "gross_profit": 113548,
            "gross_margin": 12.49,
            "net_income": 17503,
            "revenue": 909450,
            "common_shares": 2059024,
            "equity": 2202616,
            "current_ratio": 125.07,
            "debt_ratio": 58.94,
            "inventory_turnover_ratio": 0.37,
            "account_receivable_turnover_ratio": null,
            "reinvestment_rate": -11.44,
            "research_to_sale_ratio": null,
            "price_fair": 28.4,
            "eps_avg_yearly": 0.81,
            "eps_latest_yearly": 0.36,
            "eps_growth_yearly": 177.12
        },
        "20062": {
            "year_quarter": 20062,
            "year": 2006,
            "quarter": 2,
            "eps": 0.96,
            "eps_growth_year": 966.67,
            "eps_4q": 1.51,
            "eps_4q_growth_year": null,
            "roe": 8.56,
            "gross_profit": 382862,
            "gross_margin": 24.45,
            "net_income": 194401,
            "revenue": 1565975,
            "common_shares": 2059024,
            "equity": 2339144,
            "current_ratio": 129.24,
            "debt_ratio": 58.72,
            "inventory_turnover_ratio": 0.47,
            "account_receivable_turnover_ratio": null,
            "reinvestment_rate": -12.91,
            "research_to_sale_ratio": null,
            "price_fair": 45.8,
            "eps_avg_yearly": 1.31,
            "eps_latest_yearly": 3.84,
            "eps_growth_yearly": 743.79
        },
        "20063": {
            "year_quarter": 20063,
            "year": 2006,
            "quarter": 3,
            "eps": 0.25,
            "eps_growth_year": 8.7,
            "eps_4q": 1.5,
            "eps_4q_growth_year": 709.44,
            "roe": 2.18,
            "gross_profit": 164382,
            "gross_margin": 12.02,
            "net_income": 51653,
            "revenue": 1367898,
            "common_shares": 2059024,
            "equity": 2408855,
            "current_ratio": 126.81,
            "debt_ratio": 59.8,
            "inventory_turnover_ratio": 0.45,
            "account_receivable_turnover_ratio": null,
            "reinvestment_rate": -12.09,
            "research_to_sale_ratio": null,
            "price_fair": 44,
            "eps_avg_yearly": 1.26,
            "eps_latest_yearly": 1,
            "eps_growth_yearly": 542.8
        },
        "20064": {
            "year_quarter": 20064,
            "year": 2006,
            "quarter": 4,
            "eps": -0.21,
            "eps_growth_year": -191.3,
            "eps_4q": 1.1,
            "eps_4q_growth_year": 62.33,
            "roe": -1.75,
            "gross_profit": 158662,
            "gross_margin": 12.7,
            "net_income": -42356,
            "revenue": 1249776,
            "common_shares": 2059024,
            "equity": 2418906,
            "current_ratio": 123.09,
            "debt_ratio": 62.8,
            "inventory_turnover_ratio": 0.38,
            "account_receivable_turnover_ratio": null,
            "reinvestment_rate": 20.86,
            "research_to_sale_ratio": null,
            "price_fair": 44,
            "eps_avg_yearly": 1.26,
            "eps_latest_yearly": 1,
            "eps_growth_yearly": 542.8
        },
        "20071": {
            "year_quarter": 20071,
            "year": 2007,
            "quarter": 1,
            "eps": 0.77,
            "eps_growth_year": 755.56,
            "eps_4q": 1.76,
            "eps_4q_growth_year": 163.27,
            "roe": 6.38,
            "gross_profit": 318282,
            "gross_margin": 21.3,
            "net_income": 158497,
            "revenue": 1493988,
            "common_shares": 2059024,
            "equity": 2548562,
            "current_ratio": 127.17,
            "debt_ratio": 63.35,
            "inventory_turnover_ratio": 0.39,
            "account_receivable_turnover_ratio": null,
            "reinvestment_rate": -3.67,
            "research_to_sale_ratio": null,
            "price_fair": 44,
            "eps_avg_yearly": 1.26,
            "eps_latest_yearly": 1,
            "eps_growth_yearly": 542.8
        },
        "20072": {
            "year_quarter": 20072,
            "year": 2007,
            "quarter": 2,
            "eps": 1.27,
            "eps_growth_year": 32.29,
            "eps_4q": 2.09,
            "eps_4q_growth_year": 38.4,
            "roe": 10.29,
            "gross_profit": 424353,
            "gross_margin": 26.32,
            "net_income": 260960,
            "revenue": 1612327,
            "common_shares": 2059024,
            "equity": 2522613,
            "current_ratio": 128.1,
            "debt_ratio": 63.81,
            "inventory_turnover_ratio": 0.39,
            "account_receivable_turnover_ratio": null,
            "reinvestment_rate": -6.08,
            "research_to_sale_ratio": null,
            "price_fair": 60.73,
            "eps_avg_yearly": 1.74,
            "eps_latest_yearly": 5.08,
            "eps_growth_yearly": 507.41
        },
        "20073": {
            "year_quarter": 20073,
            "year": 2007,
            "quarter": 3,
            "eps": 0.78,
            "eps_growth_year": 212,
            "eps_4q": 2.61,
            "eps_4q_growth_year": 73.95,
            "roe": 6.14,
            "gross_profit": 313610,
            "gross_margin": 21.34,
            "net_income": 160629,
            "revenue": 1469853,
            "common_shares": 2059024,
            "equity": 2713615,
            "current_ratio": 132.59,
            "debt_ratio": 61.51,
            "inventory_turnover_ratio": 0.39,
            "account_receivable_turnover_ratio": null,
            "reinvestment_rate": -7.77,
            "research_to_sale_ratio": null,
            "price_fair": 68.25,
            "eps_avg_yearly": 1.95,
            "eps_latest_yearly": 3.12,
            "eps_growth_yearly": 494.37
        },
        "20074": {
            "year_quarter": 20074,
            "year": 2007,
            "quarter": 4,
            "eps": 0.39,
            "eps_growth_year": null,
            "eps_4q": 3.23,
            "eps_4q_growth_year": 194.64,
            "roe": 2.89,
            "gross_profit": 329503,
            "gross_margin": 18.29,
            "net_income": 79729,
            "revenue": 1801157,
            "common_shares": 2059024,
            "equity": 2795101,
            "current_ratio": 141.1,
            "debt_ratio": 57.28,
            "inventory_turnover_ratio": 0.53,
            "account_receivable_turnover_ratio": null,
            "reinvestment_rate": -2.01,
            "research_to_sale_ratio": null,
            "price_fair": 66.73,
            "eps_avg_yearly": 1.91,
            "eps_latest_yearly": 1.56,
            "eps_growth_yearly": 417.22
        },
        "20081": {
            "year_quarter": 20081,
            "year": 2008,
            "quarter": 1,
            "eps": 0.94,
            "eps_growth_year": 22.08,
            "eps_4q": 3.4,
            "eps_4q_growth_year": 93.04,
            "roe": 6.63,
            "gross_profit": 394774,
            "gross_margin": 23.83,
            "net_income": 192287,
            "revenue": 1656375,
            "common_shares": 2059024,
            "equity": 3001959,
            "current_ratio": 145.3,
            "debt_ratio": 56.19,
            "inventory_turnover_ratio": 0.48,
            "account_receivable_turnover_ratio": null,
            "reinvestment_rate": -5.08,
            "research_to_sale_ratio": null,
            "price_fair": 73.22,
            "eps_avg_yearly": 2.09,
            "eps_latest_yearly": 3.76,
            "eps_growth_yearly": 431.91
        },
        "20082": {
            "year_quarter": 20082,
            "year": 2008,
            "quarter": 2,
            "eps": 0.9,
            "eps_growth_year": -29.13,
            "eps_4q": 3.03,
            "eps_4q_growth_year": 45.07,
            "roe": 6.44,
            "gross_profit": 445123,
            "gross_margin": 22.47,
            "net_income": 184094,
            "revenue": 1981213,
            "common_shares": 2059024,
            "equity": 2717963,
            "current_ratio": 132.03,
            "debt_ratio": 62.35,
            "inventory_turnover_ratio": 0.54,
            "account_receivable_turnover_ratio": null,
            "reinvestment_rate": -1.34,
            "research_to_sale_ratio": null,
            "price_fair": 78.02,
            "eps_avg_yearly": 2.23,
            "eps_latest_yearly": 3.6,
            "eps_growth_yearly": 391.1
        },
        "20083": {
            "year_quarter": 20083,
            "year": 2008,
            "quarter": 3,
            "eps": 0.88,
            "eps_growth_year": 12.82,
            "eps_4q": 3.02,
            "eps_4q_growth_year": 15.61,
            "roe": 6.72,
            "gross_profit": 493058,
            "gross_margin": 23.23,
            "net_income": 188941,
            "revenue": 2122591,
            "common_shares": 2059024,
            "equity": 2907001,
            "current_ratio": 134.8,
            "debt_ratio": 61.86,
            "inventory_turnover_ratio": 0.54,
            "account_receivable_turnover_ratio": null,
            "reinvestment_rate": -1.37,
            "research_to_sale_ratio": null,
            "price_fair": 81.78,
            "eps_avg_yearly": 2.34,
            "eps_latest_yearly": 3.52,
            "eps_growth_yearly": 357.76
        },
        "20084": {
            "year_quarter": 20084,
            "year": 2008,
            "quarter": 4,
            "eps": 0.63,
            "eps_growth_year": 61.54,
            "eps_4q": 3.23,
            "eps_4q_growth_year": 0.01,
            "roe": 4.6,
            "gross_profit": 522777,
            "gross_margin": 19.11,
            "net_income": 137528,
            "revenue": 2734991,
            "common_shares": 2161975,
            "equity": 3068705,
            "current_ratio": 150.89,
            "debt_ratio": 57.16,
            "inventory_turnover_ratio": 0.76,
            "account_receivable_turnover_ratio": 2.4,
            "reinvestment_rate": -3.52,
            "research_to_sale_ratio": null,
            "price_fair": 82.28,
            "eps_avg_yearly": 2.35,
            "eps_latest_yearly": 2.52,
            "eps_growth_yearly": 321.5
        },
        "20091": {
            "year_quarter": 20091,
            "year": 2009,
            "quarter": 1,
            "eps": 0.65,
            "eps_growth_year": -30.85,
            "eps_4q": 3.08,
            "eps_4q_growth_year": -9.24,
            "roe": 4.38,
            "gross_profit": 483596,
            "gross_margin": 25.14,
            "net_income": 137412,
            "revenue": 1923328,
            "common_shares": 2161975,
            "equity": 3203848,
            "current_ratio": 167.96,
            "debt_ratio": 50.28,
            "inventory_turnover_ratio": 0.53,
            "account_receivable_turnover_ratio": 0.98,
            "reinvestment_rate": -4.58,
            "research_to_sale_ratio": null,
            "price_fair": 82.9,
            "eps_avg_yearly": 2.37,
            "eps_latest_yearly": 2.6,
            "eps_growth_yearly": 299.45
        },
        "20092": {
            "year_quarter": 20092,
            "year": 2009,
            "quarter": 2,
            "eps": 0.14,
            "eps_growth_year": -84.44,
            "eps_4q": 2.37,
            "eps_4q_growth_year": -21.83,
            "roe": 0.95,
            "gross_profit": 197863,
            "gross_margin": 14.69,
            "net_income": 29366,
            "revenue": 1346621,
            "common_shares": 2161975,
            "equity": 2966166,
            "current_ratio": 153.59,
            "debt_ratio": 54.38,
            "inventory_turnover_ratio": 0.42,
            "account_receivable_turnover_ratio": 0.79,
            "reinvestment_rate": -4.29,
            "research_to_sale_ratio": null,
            "price_fair": 83.4,
            "eps_avg_yearly": 2.38,
            "eps_latest_yearly": 0.56,
            "eps_growth_yearly": 284.17
        },
        "20093": {
            "year_quarter": 20093,
            "year": 2009,
            "quarter": 3,
            "eps": 0.87,
            "eps_growth_year": -1.14,
            "eps_4q": 2.12,
            "eps_4q_growth_year": -29.88,
            "roe": 6.98,
            "gross_profit": 471402,
            "gross_margin": 24.94,
            "net_income": 214546,
            "revenue": 1890419,
            "common_shares": 2486271,
            "equity": 3179201,
            "current_ratio": 151.68,
            "debt_ratio": 51.28,
            "inventory_turnover_ratio": 0.55,
            "account_receivable_turnover_ratio": 1,
            "reinvestment_rate": -3.2,
            "research_to_sale_ratio": null,
            "price_fair": 89.8,
            "eps_avg_yearly": 2.57,
            "eps_latest_yearly": 3.48,
            "eps_growth_yearly": 388.71
        },
        "20094": {
            "year_quarter": 20094,
            "year": 2009,
            "quarter": 4,
            "eps": 0.15,
            "eps_growth_year": -76.19,
            "eps_4q": 1.7,
            "eps_4q_growth_year": -47.18,
            "roe": 1.19,
            "gross_profit": 219655,
            "gross_margin": 13.7,
            "net_income": 38138,
            "revenue": 1603357,
            "common_shares": 2486271,
            "equity": 3223197,
            "current_ratio": 170.01,
            "debt_ratio": 44.15,
            "inventory_turnover_ratio": 0.68,
            "account_receivable_turnover_ratio": 1.87,
            "reinvestment_rate": 9.14,
            "research_to_sale_ratio": null,
            "price_fair": 89,
            "eps_avg_yearly": 2.54,
            "eps_latest_yearly": 0.6,
            "eps_growth_yearly": 365.06
        },
        "20101": {
            "year_quarter": 20101,
            "year": 2010,
            "quarter": 1,
            "eps": 0.39,
            "eps_growth_year": -40,
            "eps_4q": 1.53,
            "eps_4q_growth_year": -50.53,
            "roe": 2.93,
            "gross_profit": 289979,
            "gross_margin": 26.18,
            "net_income": 95854,
            "revenue": 1107535,
            "common_shares": 2486271,
            "equity": 3317901,
            "current_ratio": 174.27,
            "debt_ratio": 43.52,
            "inventory_turnover_ratio": 0.48,
            "account_receivable_turnover_ratio": 0.64,
            "reinvestment_rate": 13.12,
            "research_to_sale_ratio": 1.63,
            "price_fair": 92,
            "eps_avg_yearly": 2.63,
            "eps_latest_yearly": 1.56,
            "eps_growth_yearly": 428.17
        },
        "20102": {
            "year_quarter": 20102,
            "year": 2010,
            "quarter": 2,
            "eps": 0.17,
            "eps_growth_year": 19.57,
            "eps_4q": 1.51,
            "eps_4q_growth_year": -36.39,
            "roe": 1.36,
            "gross_profit": 194756,
            "gross_margin": 16.68,
            "net_income": 43702,
            "revenue": 1167330,
            "common_shares": 2486271,
            "equity": 3114127,
            "current_ratio": 155.22,
            "debt_ratio": 49.36,
            "inventory_turnover_ratio": 0.53,
            "account_receivable_turnover_ratio": 0.67,
            "reinvestment_rate": 16.03,
            "research_to_sale_ratio": 1.77,
            "price_fair": 84.1,
            "eps_avg_yearly": 2.4,
            "eps_latest_yearly": 0.68,
            "eps_growth_yearly": 135.86
        },
        "20103": {
            "year_quarter": 20103,
            "year": 2010,
            "quarter": 3,
            "eps": -0.24,
            "eps_growth_year": -127.35,
            "eps_4q": 0.44,
            "eps_4q_growth_year": -79.08,
            "roe": -2.01,
            "gross_profit": 80913,
            "gross_margin": 6.57,
            "net_income": -62112,
            "revenue": 1232358,
            "common_shares": 2610585,
            "equity": 3052813,
            "current_ratio": 152.98,
            "debt_ratio": 52.35,
            "inventory_turnover_ratio": 0.6,
            "account_receivable_turnover_ratio": 0.67,
            "reinvestment_rate": 16.24,
            "research_to_sale_ratio": 1.08,
            "price_fair": 87.88,
            "eps_avg_yearly": 2.51,
            "eps_latest_yearly": 0.68,
            "eps_growth_yearly": 169.07
        },
        "20104": {
            "year_quarter": 20104,
            "year": 2010,
            "quarter": 4,
            "eps": 0.75,
            "eps_growth_year": 400.34,
            "eps_4q": 1.05,
            "eps_4q_growth_year": -38.58,
            "roe": 6.26,
            "gross_profit": 430974,
            "gross_margin": 19.47,
            "net_income": 195928,
            "revenue": 2213733,
            "common_shares": 2610585,
            "equity": 3205041,
            "current_ratio": 173.97,
            "debt_ratio": 45.97,
            "inventory_turnover_ratio": 1.06,
            "account_receivable_turnover_ratio": 1.15,
            "reinvestment_rate": 10.53,
            "research_to_sale_ratio": 1.25,
            "price_fair": 87.88,
            "eps_avg_yearly": 2.51,
            "eps_latest_yearly": 0.68,
            "eps_growth_yearly": 169.07
        },
        "20111": {
            "year_quarter": 20111,
            "year": 2011,
            "quarter": 1,
            "eps": 0.22,
            "eps_growth_year": -43.59,
            "eps_4q": 0.9,
            "eps_4q_growth_year": -40.92,
            "roe": 1.78,
            "gross_profit": 177349,
            "gross_margin": 16.8,
            "net_income": 57689,
            "revenue": 1055758,
            "common_shares": 2610585,
            "equity": 3265390,
            "current_ratio": 169.09,
            "debt_ratio": 47.99,
            "inventory_turnover_ratio": 0.58,
            "account_receivable_turnover_ratio": 0.54,
            "reinvestment_rate": 14.33,
            "research_to_sale_ratio": 1.77,
            "price_fair": 83.8,
            "eps_avg_yearly": 2.39,
            "eps_latest_yearly": 0.88,
            "eps_growth_yearly": 136.8
        },
        "20112": {
            "year_quarter": 20112,
            "year": 2011,
            "quarter": 2,
            "eps": 0.29,
            "eps_growth_year": 76.2,
            "eps_4q": 1.03,
            "eps_4q_growth_year": -31.67,
            "roe": 2.43,
            "gross_profit": 222202,
            "gross_margin": 17.06,
            "net_income": 77004,
            "revenue": 1302688,
            "common_shares": 2610585,
            "equity": 3079466,
            "current_ratio": 154.1,
            "debt_ratio": 52.45,
            "inventory_turnover_ratio": 0.65,
            "account_receivable_turnover_ratio": 0.63,
            "reinvestment_rate": 12.17,
            "research_to_sale_ratio": 3.4,
            "price_fair": 74,
            "eps_avg_yearly": 2.11,
            "eps_latest_yearly": 1.16,
            "eps_growth_yearly": 127.34
        },
        "20113": {
            "year_quarter": 20113,
            "year": 2011,
            "quarter": 3,
            "eps": -0.31,
            "eps_growth_year": null,
            "eps_4q": 0.96,
            "eps_4q_growth_year": 116.3,
            "roe": -2.65,
            "gross_profit": 62466,
            "gross_margin": 5.83,
            "net_income": -80621,
            "revenue": 1071397,
            "common_shares": 2610585,
            "equity": 3013347,
            "current_ratio": 152.84,
            "debt_ratio": 51.53,
            "inventory_turnover_ratio": 0.56,
            "account_receivable_turnover_ratio": 0.58,
            "reinvestment_rate": 20.76,
            "research_to_sale_ratio": 2.96,
            "price_fair": 71.29,
            "eps_avg_yearly": 2.04,
            "eps_latest_yearly": 1.16,
            "eps_growth_yearly": 149
        },
        "20114": {
            "year_quarter": 20114,
            "year": 2011,
            "quarter": 4,
            "eps": 0.22,
            "eps_growth_year": -70.7,
            "eps_4q": 0.43,
            "eps_4q_growth_year": -59.22,
            "roe": 1.89,
            "gross_profit": 139110,
            "gross_margin": 9.19,
            "net_income": 57404,
            "revenue": 1513381,
            "common_shares": 2610585,
            "equity": 3046119,
            "current_ratio": 157.74,
            "debt_ratio": 49.39,
            "inventory_turnover_ratio": 0.82,
            "account_receivable_turnover_ratio": 0.83,
            "reinvestment_rate": 21.07,
            "research_to_sale_ratio": -0.14,
            "price_fair": 72.68,
            "eps_avg_yearly": 2.08,
            "eps_latest_yearly": 1.16,
            "eps_growth_yearly": 178.09
        },
        "20121": {
            "year_quarter": 20121,
            "year": 2012,
            "quarter": 1,
            "eps": -0.25,
            "eps_growth_year": -213.64,
            "eps_4q": -0.04,
            "eps_4q_growth_year": -104.64,
            "roe": -2.15,
            "gross_profit": 31855,
            "gross_margin": 5.81,
            "net_income": -64701,
            "revenue": 548551,
            "common_shares": 2610585,
            "equity": 2976833,
            "current_ratio": 157.72,
            "debt_ratio": 49.36,
            "inventory_turnover_ratio": 0.31,
            "account_receivable_turnover_ratio": 0.3,
            "reinvestment_rate": 24.08,
            "research_to_sale_ratio": 4.66,
            "price_fair": 67.33,
            "eps_avg_yearly": 1.92,
            "eps_latest_yearly": 1.16,
            "eps_growth_yearly": 143
        },
        "20122": {
            "year_quarter": 20122,
            "year": 2012,
            "quarter": 2,
            "eps": -0.09,
            "eps_growth_year": -130.31,
            "eps_4q": -0.43,
            "eps_4q_growth_year": -141.44,
            "roe": -0.8,
            "gross_profit": 175896,
            "gross_margin": 15.22,
            "net_income": -23339,
            "revenue": 1155987,
            "common_shares": 2610585,
            "equity": 2824380,
            "current_ratio": 147.43,
            "debt_ratio": 52.47,
            "inventory_turnover_ratio": 0.55,
            "account_receivable_turnover_ratio": 0.67,
            "reinvestment_rate": 26.46,
            "research_to_sale_ratio": 1.44,
            "price_fair": 61.46,
            "eps_avg_yearly": 1.76,
            "eps_latest_yearly": 1.16,
            "eps_growth_yearly": 159
        },
        "20123": {
            "year_quarter": 20123,
            "year": 2012,
            "quarter": 3,
            "eps": 0.09,
            "eps_growth_year": null,
            "eps_4q": -0.03,
            "eps_4q_growth_year": -103.34,
            "roe": 0.79,
            "gross_profit": 222445,
            "gross_margin": 15.61,
            "net_income": 22282,
            "revenue": 1424797,
            "common_shares": 2610585,
            "equity": 2842527,
            "current_ratio": 148.62,
            "debt_ratio": 52.43,
            "inventory_turnover_ratio": 0.68,
            "account_receivable_turnover_ratio": 0.76,
            "reinvestment_rate": 27.83,
            "research_to_sale_ratio": 1.71,
            "price_fair": 54.6,
            "eps_avg_yearly": 1.56,
            "eps_latest_yearly": 1.16,
            "eps_growth_yearly": 177.65
        },
        "20124": {
            "year_quarter": 20124,
            "year": 2012,
            "quarter": 4,
            "eps": 0.52,
            "eps_growth_year": 135.1,
            "eps_4q": 0.27,
            "eps_4q_growth_year": -37.93,
            "roe": 4.66,
            "gross_profit": 281983,
            "gross_margin": 20.24,
            "net_income": 134955,
            "revenue": 1393051,
            "common_shares": 2610585,
            "equity": 2952639,
            "current_ratio": 166.63,
            "debt_ratio": 47.07,
            "inventory_turnover_ratio": 0.64,
            "account_receivable_turnover_ratio": 0.75,
            "reinvestment_rate": 5.41,
            "research_to_sale_ratio": 1.62,
            "price_fair": 52.89,
            "eps_avg_yearly": 1.51,
            "eps_latest_yearly": 2.08,
            "eps_growth_yearly": 402.62
        },
        "20131": {
            "year_quarter": 20131,
            "year": 2013,
            "quarter": 1,
            "eps": 0.05,
            "eps_growth_year": null,
            "eps_4q": 0.56,
            "eps_4q_growth_year": null,
            "roe": 0.43,
            "gross_profit": 135369,
            "gross_margin": 14.89,
            "net_income": 12602,
            "revenue": 909142,
            "common_shares": 2610585,
            "equity": 2923665,
            "current_ratio": 168.45,
            "debt_ratio": 47.58,
            "inventory_turnover_ratio": 0.46,
            "account_receivable_turnover_ratio": 0.51,
            "reinvestment_rate": 13.41,
            "research_to_sale_ratio": 2.85,
            "price_fair": 43.56,
            "eps_avg_yearly": 1.24,
            "eps_latest_yearly": 0.2,
            "eps_growth_yearly": 361.04
        },
        "20132": {
            "year_quarter": 20132,
            "year": 2013,
            "quarter": 2,
            "eps": 0.07,
            "eps_growth_year": null,
            "eps_4q": 0.73,
            "eps_4q_growth_year": null,
            "roe": 0.67,
            "gross_profit": 219838,
            "gross_margin": 17.19,
            "net_income": 19287,
            "revenue": 1278953,
            "common_shares": 2610585,
            "equity": 2873823,
            "current_ratio": 176.4,
            "debt_ratio": 44.61,
            "inventory_turnover_ratio": 0.64,
            "account_receivable_turnover_ratio": 0.78,
            "reinvestment_rate": 12.29,
            "research_to_sale_ratio": 1.77,
            "price_fair": 42.47,
            "eps_avg_yearly": 1.21,
            "eps_latest_yearly": 0.28,
            "eps_growth_yearly": 413.69
        },
        "20133": {
            "year_quarter": 20133,
            "year": 2013,
            "quarter": 3,
            "eps": 0.21,
            "eps_growth_year": 146.04,
            "eps_4q": 0.85,
            "eps_4q_growth_year": null,
            "roe": 1.87,
            "gross_profit": 183104,
            "gross_margin": 18.47,
            "net_income": 54502,
            "revenue": 991276,
            "common_shares": 2610585,
            "equity": 2940474,
            "current_ratio": 170.44,
            "debt_ratio": 46.81,
            "inventory_turnover_ratio": 0.5,
            "account_receivable_turnover_ratio": 0.61,
            "reinvestment_rate": 18.09,
            "research_to_sale_ratio": 1.78,
            "price_fair": 32.2,
            "eps_avg_yearly": 0.92,
            "eps_latest_yearly": 0.84,
            "eps_growth_yearly": 270.83
        },
        "20134": {
            "year_quarter": 20134,
            "year": 2013,
            "quarter": 4,
            "eps": 0.11,
            "eps_growth_year": -78.8,
            "eps_4q": 0.44,
            "eps_4q_growth_year": 65.44,
            "roe": 0.98,
            "gross_profit": 161392,
            "gross_margin": 12.7,
            "net_income": 29053,
            "revenue": 1270978,
            "common_shares": 2610585,
            "equity": 2976051,
            "current_ratio": 174.27,
            "debt_ratio": 46.84,
            "inventory_turnover_ratio": 0.69,
            "account_receivable_turnover_ratio": 0.79,
            "reinvestment_rate": -22.47,
            "research_to_sale_ratio": 1.88,
            "price_fair": 31.58,
            "eps_avg_yearly": 0.9,
            "eps_latest_yearly": 0.44,
            "eps_growth_yearly": 286.45
        },
        "20141": {
            "year_quarter": 20141,
            "year": 2014,
            "quarter": 1,
            "eps": 0.17,
            "eps_growth_year": 240,
            "eps_4q": 0.55,
            "eps_4q_growth_year": -1.55,
            "roe": 1.44,
            "gross_profit": 222298,
            "gross_margin": 23.42,
            "net_income": 43106,
            "revenue": 949118,
            "common_shares": 2610585,
            "equity": 3013082,
            "current_ratio": 177.03,
            "debt_ratio": 46.52,
            "inventory_turnover_ratio": 0.45,
            "account_receivable_turnover_ratio": 0.6,
            "reinvestment_rate": -30.52,
            "research_to_sale_ratio": 2.05,
            "price_fair": 28.16,
            "eps_avg_yearly": 0.8,
            "eps_latest_yearly": 0.68,
            "eps_growth_yearly": 239.58
        },
        "20142": {
            "year_quarter": 20142,
            "year": 2014,
            "quarter": 2,
            "eps": 0.05,
            "eps_growth_year": -28.57,
            "eps_4q": 0.53,
            "eps_4q_growth_year": -26.63,
            "roe": 0.49,
            "gross_profit": 150675,
            "gross_margin": 14.72,
            "net_income": 14493,
            "revenue": 1023929,
            "common_shares": 2610585,
            "equity": 2944680,
            "current_ratio": 165.84,
            "debt_ratio": 50.04,
            "inventory_turnover_ratio": 0.49,
            "account_receivable_turnover_ratio": 0.64,
            "reinvestment_rate": 1.68,
            "research_to_sale_ratio": 1.75,
            "price_fair": 26.29,
            "eps_avg_yearly": 0.75,
            "eps_latest_yearly": 0.2,
            "eps_growth_yearly": 233.28
        },
        "20143": {
            "year_quarter": 20143,
            "year": 2014,
            "quarter": 3,
            "eps": 0.23,
            "eps_growth_year": 9.52,
            "eps_4q": 0.56,
            "eps_4q_growth_year": -34.23,
            "roe": 2.03,
            "gross_profit": 263859,
            "gross_margin": 20.75,
            "net_income": 60292,
            "revenue": 1271654,
            "common_shares": 2610585,
            "equity": 3007435,
            "current_ratio": 171.29,
            "debt_ratio": 49.02,
            "inventory_turnover_ratio": 0.56,
            "account_receivable_turnover_ratio": 0.73,
            "reinvestment_rate": 6.82,
            "research_to_sale_ratio": 1.84,
            "price_fair": 26.88,
            "eps_avg_yearly": 0.77,
            "eps_latest_yearly": 0.92,
            "eps_growth_yearly": 353.95
        },
        "20144": {
            "year_quarter": 20144,
            "year": 2014,
            "quarter": 4,
            "eps": 0.55,
            "eps_growth_year": 400.83,
            "eps_4q": 1,
            "eps_4q_growth_year": 127.04,
            "roe": 4.66,
            "gross_profit": 341897,
            "gross_margin": 18.2,
            "net_income": 143571,
            "revenue": 1878670,
            "common_shares": 2610585,
            "equity": 3151488,
            "current_ratio": 170.32,
            "debt_ratio": 52.83,
            "inventory_turnover_ratio": 0.96,
            "account_receivable_turnover_ratio": 0.94,
            "reinvestment_rate": 64.07,
            "research_to_sale_ratio": 1.58,
            "price_fair": 31.44,
            "eps_avg_yearly": 0.9,
            "eps_latest_yearly": 2.2,
            "eps_growth_yearly": 372.37
        },
        "20151": {
            "year_quarter": 20151,
            "year": 2015,
            "quarter": 1,
            "eps": -0.01,
            "eps_growth_year": -105.88,
            "eps_4q": 0.82,
            "eps_4q_growth_year": 47.82,
            "roe": -0.09,
            "gross_profit": 158886,
            "gross_margin": 15.48,
            "net_income": -2906,
            "revenue": 1026516,
            "common_shares": 2610585,
            "equity": 3140202,
            "current_ratio": 173.15,
            "debt_ratio": 52.26,
            "inventory_turnover_ratio": 0.58,
            "account_receivable_turnover_ratio": 0.48,
            "reinvestment_rate": 73.48,
            "research_to_sale_ratio": 2.3,
            "price_fair": 31.5,
            "eps_avg_yearly": 0.9,
            "eps_latest_yearly": 2.2,
            "eps_growth_yearly": 437.87
        },
        "20152": {
            "year_quarter": 20152,
            "year": 2015,
            "quarter": 2,
            "eps": 0.43,
            "eps_growth_year": 760,
            "eps_4q": 1.2,
            "eps_4q_growth_year": 124.47,
            "roe": 3.61,
            "gross_profit": 299600,
            "gross_margin": 22.36,
            "net_income": 112286,
            "revenue": 1339962,
            "common_shares": 2610585,
            "equity": 3086760,
            "current_ratio": 161.47,
            "debt_ratio": 55.61,
            "inventory_turnover_ratio": 0.63,
            "account_receivable_turnover_ratio": 0.62,
            "reinvestment_rate": 77.53,
            "research_to_sale_ratio": 2.5,
            "price_fair": 30.49,
            "eps_avg_yearly": 0.87,
            "eps_latest_yearly": 2.2,
            "eps_growth_yearly": 472.38
        },
        "20153": {
            "year_quarter": 20153,
            "year": 2015,
            "quarter": 3,
            "eps": 0.16,
            "eps_growth_year": -30.43,
            "eps_4q": 1.13,
            "eps_4q_growth_year": 102.39,
            "roe": 1.33,
            "gross_profit": 204804,
            "gross_margin": 16.04,
            "net_income": 41387,
            "revenue": 1276948,
            "common_shares": 2610585,
            "equity": 3124616,
            "current_ratio": 160.1,
            "debt_ratio": 58.77,
            "inventory_turnover_ratio": 0.53,
            "account_receivable_turnover_ratio": 0.59,
            "reinvestment_rate": 43.97,
            "research_to_sale_ratio": 1.96,
            "price_fair": 29.68,
            "eps_avg_yearly": 0.85,
            "eps_latest_yearly": 0.64,
            "eps_growth_yearly": 400.03
        },
        "20154": {
            "year_quarter": 20154,
            "year": 2015,
            "quarter": 4,
            "eps": 0.29,
            "eps_growth_year": -47.93,
            "eps_4q": 0.86,
            "eps_4q_growth_year": -13.33,
            "roe": 2.37,
            "gross_profit": 358034,
            "gross_margin": 17.28,
            "net_income": 74498,
            "revenue": 2071932,
            "common_shares": 2610585,
            "equity": 3159194,
            "current_ratio": 159.21,
            "debt_ratio": 59.6,
            "inventory_turnover_ratio": 0.79,
            "account_receivable_turnover_ratio": 0.85,
            "reinvestment_rate": 32.36,
            "research_to_sale_ratio": 1.31,
            "price_fair": 30.67,
            "eps_avg_yearly": 0.88,
            "eps_latest_yearly": 1.16,
            "eps_growth_yearly": 393.21
        },
        "20161": {
            "year_quarter": 20161,
            "year": 2016,
            "quarter": 1,
            "eps": -0.13,
            "eps_growth_year": null,
            "eps_4q": 0.74,
            "eps_4q_growth_year": -9.14,
            "roe": -1.11,
            "gross_profit": 188270,
            "gross_margin": 18.17,
            "net_income": -35073,
            "revenue": 1035936,
            "common_shares": 2610585,
            "equity": 3142391,
            "current_ratio": 158.83,
            "debt_ratio": 59.84,
            "inventory_turnover_ratio": 0.38,
            "account_receivable_turnover_ratio": 0.4,
            "reinvestment_rate": 33.69,
            "research_to_sale_ratio": 1.85,
            "price_fair": 30.67,
            "eps_avg_yearly": 0.88,
            "eps_latest_yearly": 1.16,
            "eps_growth_yearly": 393.21
        },
        "20162": {
            "year_quarter": 20162,
            "year": 2016,
            "quarter": 2,
            "eps": 0.64,
            "eps_growth_year": 48.84,
            "eps_4q": 0.95,
            "eps_4q_growth_year": -20.26,
            "roe": 5.3,
            "gross_profit": 362867,
            "gross_margin": 18.71,
            "net_income": 166524,
            "revenue": 1939607,
            "common_shares": 2610585,
            "equity": 3141201,
            "current_ratio": 167,
            "debt_ratio": 57.6,
            "inventory_turnover_ratio": 0.7,
            "account_receivable_turnover_ratio": 0.79,
            "reinvestment_rate": 24.64,
            "research_to_sale_ratio": 1.13,
            "price_fair": 30.67,
            "eps_avg_yearly": 0.88,
            "eps_latest_yearly": 1.16,
            "eps_growth_yearly": 393.21
        },
        "20163": {
            "year_quarter": 20163,
            "year": 2016,
            "quarter": 3,
            "eps": 0.44,
            "eps_growth_year": 175,
            "eps_4q": 1.23,
            "eps_4q_growth_year": 9.67,
            "roe": 3.57,
            "gross_profit": 228992,
            "gross_margin": 16.46,
            "net_income": 114438,
            "revenue": 1391330,
            "common_shares": 2610585,
            "equity": 3268459,
            "current_ratio": 179.58,
            "debt_ratio": 54.23,
            "inventory_turnover_ratio": 0.57,
            "account_receivable_turnover_ratio": 0.6,
            "reinvestment_rate": 19.71,
            "research_to_sale_ratio": 1.84,
            "price_fair": 33.25,
            "eps_avg_yearly": 0.95,
            "eps_latest_yearly": 1.76,
            "eps_growth_yearly": 350.02
        },
        "20164": {
            "year_quarter": 20164,
            "year": 2016,
            "quarter": 4,
            "eps": 0.01,
            "eps_growth_year": -96.25,
            "eps_4q": 0.96,
            "eps_4q_growth_year": 11.23,
            "roe": 0.06,
            "gross_profit": 236489,
            "gross_margin": 17.4,
            "net_income": 1858,
            "revenue": 1359387,
            "common_shares": 2610585,
            "equity": 3255137,
            "current_ratio": 185.87,
            "debt_ratio": 53.22,
            "inventory_turnover_ratio": 0.57,
            "account_receivable_turnover_ratio": 0.61,
            "reinvestment_rate": 42.42,
            "research_to_sale_ratio": 2.66,
            "price_fair": 27.3,
            "eps_avg_yearly": 0.78,
            "eps_latest_yearly": 0.04,
            "eps_growth_yearly": 158.19
        },
        "20171": {
            "year_quarter": 20171,
            "year": 2017,
            "quarter": 1,
            "eps": 0.14,
            "eps_growth_year": null,
            "eps_4q": 1.23,
            "eps_4q_growth_year": 64.7,
            "roe": 1.07,
            "gross_profit": 187479,
            "gross_margin": 15.75,
            "net_income": 35064,
            "revenue": 1190417,
            "common_shares": 2610585,
            "equity": 3289856,
            "current_ratio": 175.26,
            "debt_ratio": 53.3,
            "inventory_turnover_ratio": 0.51,
            "account_receivable_turnover_ratio": 0.52,
            "reinvestment_rate": 36.25,
            "research_to_sale_ratio": 1.8,
            "price_fair": 28.35,
            "eps_avg_yearly": 0.81,
            "eps_latest_yearly": 0.56,
            "eps_growth_yearly": 621.65
        },
        "20172": {
            "year_quarter": 20172,
            "year": 2017,
            "quarter": 2,
            "eps": 0.23,
            "eps_growth_year": -64.06,
            "eps_4q": 0.81,
            "eps_4q_growth_year": -14.69,
            "roe": 1.85,
            "gross_profit": 199688,
            "gross_margin": 14.83,
            "net_income": 59485,
            "revenue": 1346291,
            "common_shares": 2610585,
            "equity": 3133247,
            "current_ratio": 178.5,
            "debt_ratio": 55.47,
            "inventory_turnover_ratio": 0.56,
            "account_receivable_turnover_ratio": 0.57,
            "reinvestment_rate": 22.81,
            "research_to_sale_ratio": 2.24,
            "price_fair": 30.22,
            "eps_avg_yearly": 0.86,
            "eps_latest_yearly": 0.92,
            "eps_growth_yearly": 629.75
        },
        "20173": {
            "year_quarter": 20173,
            "year": 2017,
            "quarter": 3,
            "eps": -0.07,
            "eps_growth_year": -115.91,
            "eps_4q": 0.31,
            "eps_4q_growth_year": -75.03,
            "roe": -0.56,
            "gross_profit": 121284,
            "gross_margin": 9.85,
            "net_income": -17631,
            "revenue": 1231923,
            "common_shares": 2610585,
            "equity": 3118562,
            "current_ratio": 183.41,
            "debt_ratio": 54.5,
            "inventory_turnover_ratio": 0.51,
            "account_receivable_turnover_ratio": 0.53,
            "reinvestment_rate": 21.53,
            "research_to_sale_ratio": 1.77,
            "price_fair": 30.29,
            "eps_avg_yearly": 0.87,
            "eps_latest_yearly": 0.92,
            "eps_growth_yearly": 614.27
        },
        "20174": {
            "year_quarter": 20174,
            "year": 2017,
            "quarter": 4,
            "eps": 0.06,
            "eps_growth_year": 438.35,
            "eps_4q": 0.36,
            "eps_4q_growth_year": -62.98,
            "roe": 0.46,
            "gross_profit": 230085,
            "gross_margin": 10.95,
            "net_income": 14367,
            "revenue": 2101059,
            "common_shares": 2610585,
            "equity": 3115051,
            "current_ratio": 180.44,
            "debt_ratio": 55.93,
            "inventory_turnover_ratio": 0.93,
            "account_receivable_turnover_ratio": 0.82,
            "reinvestment_rate": 8.06,
            "research_to_sale_ratio": 1.33,
            "price_fair": 31.78,
            "eps_avg_yearly": 0.91,
            "eps_latest_yearly": 0.92,
            "eps_growth_yearly": 694.74
        },
        "20181": {
            "year_quarter": 20181,
            "year": 2018,
            "quarter": 1,
            "eps": -0.26,
            "eps_growth_year": -285.71,
            "eps_4q": -0.04,
            "eps_4q_growth_year": -103.47,
            "roe": -2.24,
            "gross_profit": 52688,
            "gross_margin": 4.22,
            "net_income": -68761,
            "revenue": 1247881,
            "common_shares": 2610585,
            "equity": 3033386,
            "current_ratio": 182.25,
            "debt_ratio": 55.45,
            "inventory_turnover_ratio": 0.69,
            "account_receivable_turnover_ratio": 0.47,
            "reinvestment_rate": 7.56,
            "research_to_sale_ratio": 1.75,
            "price_fair": 32.67,
            "eps_avg_yearly": 0.93,
            "eps_latest_yearly": 0.92,
            "eps_growth_yearly": 747.69
        },
        "20182": {
            "year_quarter": 20182,
            "year": 2018,
            "quarter": 2,
            "eps": -0.2,
            "eps_growth_year": -186.96,
            "eps_4q": -0.47,
            "eps_4q_growth_year": -158.2,
            "roe": -1.83,
            "gross_profit": 41306,
            "gross_margin": 3.43,
            "net_income": -54197,
            "revenue": 1203601,
            "common_shares": 2610585,
            "equity": 2876488,
            "current_ratio": 170.29,
            "debt_ratio": 58.28,
            "inventory_turnover_ratio": 0.63,
            "account_receivable_turnover_ratio": 0.51,
            "reinvestment_rate": -21.4,
            "research_to_sale_ratio": 1.74,
            "price_fair": 35.88,
            "eps_avg_yearly": 1.03,
            "eps_latest_yearly": 0.92,
            "eps_growth_yearly": 876.45
        },
        "20183": {
            "year_quarter": 20183,
            "year": 2018,
            "quarter": 3,
            "eps": 0.07,
            "eps_growth_year": null,
            "eps_4q": -0.33,
            "eps_4q_growth_year": -208.3,
            "roe": 0.65,
            "gross_profit": 230414,
            "gross_margin": 13.27,
            "net_income": 18735,
            "revenue": 1736270,
            "common_shares": 2610585,
            "equity": 2884290,
            "current_ratio": 167.96,
            "debt_ratio": 59.29,
            "inventory_turnover_ratio": 0.73,
            "account_receivable_turnover_ratio": 0.74,
            "reinvestment_rate": -32.11,
            "research_to_sale_ratio": 1.23,
            "price_fair": 36.4,
            "eps_avg_yearly": 1.04,
            "eps_latest_yearly": 0.92,
            "eps_growth_yearly": 795.94
        },
        "20184": {
            "year_quarter": 20184,
            "year": 2018,
            "quarter": 4,
            "eps": 0.62,
            "eps_growth_year": 977.66,
            "eps_4q": 0.23,
            "eps_4q_growth_year": -35.23,
            "roe": 5.29,
            "gross_profit": 299840,
            "gross_margin": 16.58,
            "net_income": 157436,
            "revenue": 1808811,
            "common_shares": 2610585,
            "equity": 3063196,
            "current_ratio": 185.52,
            "debt_ratio": 55.13,
            "inventory_turnover_ratio": 0.74,
            "account_receivable_turnover_ratio": 0.79,
            "reinvestment_rate": -80.91,
            "research_to_sale_ratio": 1.85,
            "price_fair": 37.8,
            "eps_avg_yearly": 1.08,
            "eps_latest_yearly": 2.48,
            "eps_growth_yearly": 1165.42
        },
        "20191": {
            "year_quarter": 20191,
            "year": 2019,
            "quarter": 1,
            "eps": 0.56,
            "eps_growth_year": null,
            "eps_4q": 1.05,
            "eps_4q_growth_year": null,
            "roe": 4.64,
            "gross_profit": 235012,
            "gross_margin": 19.08,
            "net_income": 145679,
            "revenue": 1231827,
            "common_shares": 2610585,
            "equity": 3214437,
            "current_ratio": 153.82,
            "debt_ratio": 60,
            "inventory_turnover_ratio": 0.48,
            "account_receivable_turnover_ratio": 0.53,
            "reinvestment_rate": -3.24,
            "research_to_sale_ratio": 1.97,
            "price_fair": 42.88,
            "eps_avg_yearly": 1.23,
            "eps_latest_yearly": 2.24,
            "eps_growth_yearly": 1014.9
        },
        "20192": {
            "year_quarter": 20192,
            "year": 2019,
            "quarter": 2,
            "eps": -0.25,
            "eps_growth_year": null,
            "eps_4q": 1.01,
            "eps_4q_growth_year": null,
            "roe": -1.96,
            "gross_profit": 157204,
            "gross_margin": 10.6,
            "net_income": -61356,
            "revenue": 1483152,
            "common_shares": 2610585,
            "equity": 3041010,
            "current_ratio": 148.63,
            "debt_ratio": 61.93,
            "inventory_turnover_ratio": 0.59,
            "account_receivable_turnover_ratio": 0.65,
            "reinvestment_rate": -3.36,
            "research_to_sale_ratio": 2.43,
            "price_fair": 42.88,
            "eps_avg_yearly": 1.23,
            "eps_latest_yearly": 2.24,
            "eps_growth_yearly": 1014.9
        },
        "20193": {
            "year_quarter": 20193,
            "year": 2019,
            "quarter": 3,
            "eps": 0.52,
            "eps_growth_year": 642.86,
            "eps_4q": 1.45,
            "eps_4q_growth_year": null,
            "roe": 4.38,
            "gross_profit": 264914,
            "gross_margin": 18.88,
            "net_income": 135966,
            "revenue": 1403477,
            "common_shares": 2610585,
            "equity": 3168548,
            "current_ratio": 138.88,
            "debt_ratio": 65.85,
            "inventory_turnover_ratio": 0.44,
            "account_receivable_turnover_ratio": 0.66,
            "reinvestment_rate": 0.15,
            "research_to_sale_ratio": 1.93,
            "price_fair": 45.8,
            "eps_avg_yearly": 1.31,
            "eps_latest_yearly": 2.24,
            "eps_growth_yearly": 1195.77
        },
        "20194": {
            "year_quarter": 20194,
            "year": 2019,
            "quarter": 4,
            "eps": 0.75,
            "eps_growth_year": 20.01,
            "eps_4q": 1.57,
            "eps_4q_growth_year": 583.48,
            "roe": 5.95,
            "gross_profit": 469570,
            "gross_margin": 15.35,
            "net_income": 194860,
            "revenue": 3058142,
            "common_shares": 2610585,
            "equity": 3378905,
            "current_ratio": 153.25,
            "debt_ratio": 60.65,
            "inventory_turnover_ratio": 0.96,
            "account_receivable_turnover_ratio": 1.23,
            "reinvestment_rate": -0.57,
            "research_to_sale_ratio": 1.94,
            "price_fair": 55,
            "eps_avg_yearly": 1.57,
            "eps_latest_yearly": 3,
            "eps_growth_yearly": 1174.61
        },
        "20201": {
            "year_quarter": 20201,
            "year": 2020,
            "quarter": 1,
            "eps": 0.02,
            "eps_growth_year": -96.43,
            "eps_4q": 1.03,
            "eps_4q_growth_year": -1.72,
            "roe": 0.12,
            "gross_profit": 256265,
            "gross_margin": 15.28,
            "net_income": 4016,
            "revenue": 1676712,
            "common_shares": 2610585,
            "equity": 3120228,
            "current_ratio": 141.69,
            "debt_ratio": 64.17,
            "inventory_turnover_ratio": 0.54,
            "account_receivable_turnover_ratio": 0.62,
            "reinvestment_rate": -1.15,
            "research_to_sale_ratio": 2.1,
            "price_fair": 48.48,
            "eps_avg_yearly": 1.39,
            "eps_latest_yearly": 0.08,
            "eps_growth_yearly": 979.12
        },
        "20202": {
            "year_quarter": 20202,
            "year": 2020,
            "quarter": 2,
            "eps": 0.48,
            "eps_growth_year": null,
            "eps_4q": 1.76,
            "eps_4q_growth_year": 75.17,
            "roe": 3.99,
            "gross_profit": 325016,
            "gross_margin": 17.98,
            "net_income": 126000,
            "revenue": 1807975,
            "common_shares": 2610585,
            "equity": 3197790,
            "current_ratio": 145.52,
            "debt_ratio": 64.51,
            "inventory_turnover_ratio": 0.52,
            "account_receivable_turnover_ratio": 0.66,
            "reinvestment_rate": 1.42,
            "research_to_sale_ratio": 1.85,
            "price_fair": 50.56,
            "eps_avg_yearly": 1.44,
            "eps_latest_yearly": 1.92,
            "eps_growth_yearly": 1892.55
        },
        "20203": {
            "year_quarter": 20203,
            "year": 2020,
            "quarter": 3,
            "eps": 0.67,
            "eps_growth_year": 28.85,
            "eps_4q": 1.91,
            "eps_4q_growth_year": 31.92,
            "roe": 5.29,
            "gross_profit": 414433,
            "gross_margin": 17.4,
            "net_income": 174060,
            "revenue": 2381169,
            "common_shares": 2610585,
            "equity": 3380406,
            "current_ratio": 146.47,
            "debt_ratio": 66.01,
            "inventory_turnover_ratio": 0.7,
            "account_receivable_turnover_ratio": 0.86,
            "reinvestment_rate": 2.56,
            "research_to_sale_ratio": 1.19,
            "price_fair": 54.13,
            "eps_avg_yearly": 1.55,
            "eps_latest_yearly": 2.68,
            "eps_growth_yearly": 1924.03
        },
        "20204": {
            "year_quarter": 20204,
            "year": 2020,
            "quarter": 4,
            "eps": 0.59,
            "eps_growth_year": -21.24,
            "eps_4q": 1.75,
            "eps_4q_growth_year": 11.41,
            "roe": 4.43,
            "gross_profit": 358336,
            "gross_margin": 13.75,
            "net_income": 153438,
            "revenue": 2605736,
            "common_shares": 2610585,
            "equity": 3547016,
            "current_ratio": 164.02,
            "debt_ratio": 59.19,
            "inventory_turnover_ratio": 0.9,
            "account_receivable_turnover_ratio": 0.97,
            "reinvestment_rate": 4.89,
            "research_to_sale_ratio": 1.16,
            "price_fair": 63.16,
            "eps_avg_yearly": 1.8,
            "eps_latest_yearly": 2.36,
            "eps_growth_yearly": 1962.16
        },
        "20211": {
            "year_quarter": 20211,
            "year": 2021,
            "quarter": 1,
            "eps": 0.04,
            "eps_growth_year": 100,
            "eps_4q": 1.77,
            "eps_4q_growth_year": 71.84,
            "roe": 0.27,
            "gross_profit": 220803,
            "gross_margin": 13.83,
            "net_income": 9144,
            "revenue": 1595992,
            "common_shares": 2610585,
            "equity": 3215147,
            "current_ratio": 142.81,
            "debt_ratio": 63.37,
            "inventory_turnover_ratio": 0.55,
            "account_receivable_turnover_ratio": 0.71,
            "reinvestment_rate": 4.33,
            "research_to_sale_ratio": 1.63,
            "price_fair": 61.6,
            "eps_avg_yearly": 1.76,
            "eps_latest_yearly": 0.16,
            "eps_growth_yearly": 1342.95
        },
        "20212": {
            "year_quarter": 20212,
            "year": 2021,
            "quarter": 2,
            "eps": 0.25,
            "eps_growth_year": -47.92,
            "eps_4q": 1.54,
            "eps_4q_growth_year": -12.78,
            "roe": 1.99,
            "gross_profit": 367531,
            "gross_margin": 15.45,
            "net_income": 64368,
            "revenue": 2379236,
            "common_shares": 2610585,
            "equity": 3263133,
            "current_ratio": 146.96,
            "debt_ratio": 65.32,
            "inventory_turnover_ratio": 0.73,
            "account_receivable_turnover_ratio": 1.18,
            "reinvestment_rate": 17.58,
            "research_to_sale_ratio": 1.26,
            "price_fair": 61.91,
            "eps_avg_yearly": 1.77,
            "eps_latest_yearly": 1,
            "eps_growth_yearly": 1547.71
        },
        "20213": {
            "year_quarter": 20213,
            "year": 2021,
            "quarter": 3,
            "eps": 0.18,
            "eps_growth_year": -73.13,
            "eps_4q": 1.05,
            "eps_4q_growth_year": -45.22,
            "roe": 1.4,
            "gross_profit": 272858,
            "gross_margin": 13.76,
            "net_income": 46303,
            "revenue": 1982333,
            "common_shares": 2610585,
            "equity": 3351877,
            "current_ratio": 142.21,
            "debt_ratio": 67.16,
            "inventory_turnover_ratio": 0.59,
            "account_receivable_turnover_ratio": 0.84,
            "reinvestment_rate": 17.81,
            "research_to_sale_ratio": 1.61,
            "price_fair": 58.24,
            "eps_avg_yearly": 1.66,
            "eps_latest_yearly": 0.72,
            "eps_growth_yearly": 1381.74
        },
        "20214": {
            "year_quarter": 20214,
            "year": 2021,
            "quarter": 4,
            "eps": 0.65,
            "eps_growth_year": 10.8,
            "eps_4q": 1.11,
            "eps_4q_growth_year": -36.64,
            "roe": 4.88,
            "gross_profit": 545714,
            "gross_margin": 17.82,
            "net_income": 167703,
            "revenue": 3062533,
            "common_shares": 2610585,
            "equity": 3519737,
            "current_ratio": 151.07,
            "debt_ratio": 64.53,
            "inventory_turnover_ratio": 0.88,
            "account_receivable_turnover_ratio": 1.07,
            "reinvestment_rate": 19.84,
            "research_to_sale_ratio": 1.31,
            "price_fair": 61.22,
            "eps_avg_yearly": 1.75,
            "eps_latest_yearly": 2.6,
            "eps_growth_yearly": 1351.08
        },
        "20221": {
            "year_quarter": 20221,
            "year": 2022,
            "quarter": 1,
            "eps": -0.03,
            "eps_growth_year": -175,
            "eps_4q": 1.05,
            "eps_4q_growth_year": -40.92,
            "roe": -0.35,
            "gross_profit": 230269,
            "gross_margin": 16.5,
            "net_income": -12182,
            "revenue": 1395393,
            "common_shares": 2610585,
            "equity": 3419145,
            "current_ratio": 146.49,
            "debt_ratio": 67.28,
            "inventory_turnover_ratio": 0.4,
            "account_receivable_turnover_ratio": 0.47,
            "reinvestment_rate": 21.02,
            "research_to_sale_ratio": 2.43,
            "price_fair": 61.22,
            "eps_avg_yearly": 1.75,
            "eps_latest_yearly": 2.6,
            "eps_growth_yearly": 1351.08
        },
        "20222": {
            "year_quarter": 20222,
            "year": 2022,
            "quarter": 2,
            "eps": 0.89,
            "eps_growth_year": 256,
            "eps_4q": 1.69,
            "eps_4q_growth_year": 10.13,
            "roe": 6.51,
            "gross_profit": 485981,
            "gross_margin": 23.76,
            "net_income": 229824,
            "revenue": 2045089,
            "common_shares": 2610585,
            "equity": 3643312,
            "current_ratio": 136.59,
            "debt_ratio": 66.18,
            "inventory_turnover_ratio": 0.46,
            "account_receivable_turnover_ratio": 0.75,
            "reinvestment_rate": 18.54,
            "research_to_sale_ratio": 1.71,
            "price_fair": 61.22,
            "eps_avg_yearly": 1.75,
            "eps_latest_yearly": 2.6,
            "eps_growth_yearly": 1351.08
        },
        "20223": {
            "year_quarter": 20223,
            "year": 2022,
            "quarter": 3,
            "eps": 0.52,
            "eps_growth_year": 188.89,
            "eps_4q": 2.03,
            "eps_4q_growth_year": 94.17,
            "roe": 3.5,
            "gross_profit": 426317,
            "gross_margin": 25.92,
            "net_income": 129590,
            "revenue": 1644756,
            "common_shares": 2610585,
            "equity": 3766961,
            "current_ratio": 135.56,
            "debt_ratio": 67.72,
            "inventory_turnover_ratio": 0.31,
            "account_receivable_turnover_ratio": 0.71,
            "reinvestment_rate": 20.57,
            "research_to_sale_ratio": 2.3,
            "price_fair": 62.18,
            "eps_avg_yearly": 1.78,
            "eps_latest_yearly": 2.08,
            "eps_growth_yearly": 1224.63
        },
        "20224": {
            "year_quarter": 20224,
            "year": 2022,
            "quarter": 4,
            "eps": 1.83,
            "eps_growth_year": 180.91,
            "eps_4q": 3.21,
            "eps_4q_growth_year": 189.17,
            "roe": 11.83,
            "gross_profit": 445041,
            "gross_margin": 16.7,
            "net_income": 475072,
            "revenue": 2665489,
            "common_shares": 2610585,
            "equity": 4265273,
            "current_ratio": 142.23,
            "debt_ratio": 63.55,
            "inventory_turnover_ratio": 0.52,
            "account_receivable_turnover_ratio": 1.31,
            "reinvestment_rate": 17.43,
            "research_to_sale_ratio": 1.56,
            "price_fair": 76.3,
            "eps_avg_yearly": 2.18,
            "eps_latest_yearly": 7.32,
            "eps_growth_yearly": 1046.7
        },
        "20231": {
            "year_quarter": 20231,
            "year": 2023,
            "quarter": 1,
            "eps": 0.79,
            "eps_growth_year": null,
            "eps_4q": 4.03,
            "eps_4q_growth_year": 284.68,
            "roe": 5.02,
            "gross_profit": 431787,
            "gross_margin": 28.03,
            "net_income": 202854,
            "revenue": 1540545,
            "common_shares": 2610585,
            "equity": 3816499,
            "current_ratio": 125.68,
            "debt_ratio": 69.54,
            "inventory_turnover_ratio": 0.24,
            "account_receivable_turnover_ratio": 0.8,
            "reinvestment_rate": -6.52,
            "research_to_sale_ratio": 2.39,
            "price_fair": 78.98,
            "eps_avg_yearly": 2.26,
            "eps_latest_yearly": 3.16,
            "eps_growth_yearly": 1030.98
        }
    },
    "months": {
        "2001-06": {
            "month": "2001-06",
            "price": "15.24",
            "revenue": 292435
        },
        "2001-07": {
            "month": "2001-07",
            "price": "13.12",
            "revenue": 213419
        },
        "2001-08": {
            "month": "2001-08",
            "price": "11.87",
            "revenue": 232230
        },
        "2001-09": {
            "month": "2001-09",
            "price": "12.79",
            "revenue": 257726
        },
        "2001-10": {
            "month": "2001-10",
            "price": "13.54",
            "revenue": 324583
        },
        "2001-11": {
            "month": "2001-11",
            "price": "14.96",
            "revenue": 325982
        },
        "2001-12": {
            "month": "2001-12",
            "price": "16.84",
            "revenue": 367903
        },
        "2002-01": {
            "month": "2002-01",
            "price": "15.78",
            "revenue": 140793
        },
        "2002-02": {
            "month": "2002-02",
            "price": "15.53",
            "revenue": 119074
        },
        "2002-03": {
            "month": "2002-03",
            "price": "16.10",
            "revenue": 252858
        },
        "2002-04": {
            "month": "2002-04",
            "price": "19.31",
            "revenue": 132823
        },
        "2002-05": {
            "month": "2002-05",
            "price": "17.22",
            "revenue": 258897
        },
        "2002-06": {
            "month": "2002-06",
            "price": "16.92",
            "revenue": 314415
        },
        "2002-07": {
            "month": "2002-07",
            "price": "17.87",
            "revenue": 294959
        },
        "2002-08": {
            "month": "2002-08",
            "price": "15.83",
            "revenue": 295141
        },
        "2002-09": {
            "month": "2002-09",
            "price": "14.88",
            "revenue": 249582
        },
        "2002-10": {
            "month": "2002-10",
            "price": "13.00",
            "revenue": 308989
        },
        "2002-11": {
            "month": "2002-11",
            "price": "13.67",
            "revenue": 202499
        },
        "2002-12": {
            "month": "2002-12",
            "price": "15.64",
            "revenue": 333290
        },
        "2003-01": {
            "month": "2003-01",
            "price": "16.76",
            "revenue": 65521
        },
        "2003-02": {
            "month": "2003-02",
            "price": "15.04",
            "revenue": 22360
        },
        "2003-03": {
            "month": "2003-03",
            "price": "14.33",
            "revenue": 149614
        },
        "2003-04": {
            "month": "2003-04",
            "price": "13.41",
            "revenue": 174610
        },
        "2003-05": {
            "month": "2003-05",
            "price": "10.73",
            "revenue": 230246
        },
        "2003-06": {
            "month": "2003-06",
            "price": "11.69",
            "revenue": 585332
        },
        "2003-07": {
            "month": "2003-07",
            "price": "11.68",
            "revenue": 292432
        },
        "2003-08": {
            "month": "2003-08",
            "price": "11.42",
            "revenue": 98388
        },
        "2003-09": {
            "month": "2003-09",
            "price": "11.15",
            "revenue": 331198
        },
        "2003-10": {
            "month": "2003-10",
            "price": "11.17",
            "revenue": 271635
        },
        "2003-11": {
            "month": "2003-11",
            "price": "11.61",
            "revenue": 115987
        },
        "2003-12": {
            "month": "2003-12",
            "price": "11.84",
            "revenue": 608850
        },
        "2004-01": {
            "month": "2004-01",
            "price": "12.55",
            "revenue": 48235
        },
        "2004-02": {
            "month": "2004-02",
            "price": "12.83",
            "revenue": 75529
        },
        "2004-03": {
            "month": "2004-03",
            "price": "12.42",
            "revenue": 66178
        },
        "2004-04": {
            "month": "2004-04",
            "price": "11.40",
            "revenue": 143862
        },
        "2004-05": {
            "month": "2004-05",
            "price": "10.08",
            "revenue": 328692
        },
        "2004-06": {
            "month": "2004-06",
            "price": "9.61",
            "revenue": 218617
        },
        "2004-07": {
            "month": "2004-07",
            "price": "9.61",
            "revenue": 69223
        },
        "2004-08": {
            "month": "2004-08",
            "price": "9.71",
            "revenue": 109735
        },
        "2004-09": {
            "month": "2004-09",
            "price": "9.27",
            "revenue": 379428
        },
        "2004-10": {
            "month": "2004-10",
            "price": "8.84",
            "revenue": 204862
        },
        "2004-11": {
            "month": "2004-11",
            "price": "8.21",
            "revenue": 165884
        },
        "2004-12": {
            "month": "2004-12",
            "price": "8.87",
            "revenue": 346510
        },
        "2005-01": {
            "month": "2005-01",
            "price": "9.27",
            "revenue": 240567
        },
        "2005-02": {
            "month": "2005-02",
            "price": "8.88",
            "revenue": 135428
        },
        "2005-03": {
            "month": "2005-03",
            "price": "8.58",
            "revenue": 334112
        },
        "2005-04": {
            "month": "2005-04",
            "price": "9.11",
            "revenue": 234685
        },
        "2005-05": {
            "month": "2005-05",
            "price": "9.23",
            "revenue": 436878
        },
        "2005-06": {
            "month": "2005-06",
            "price": "9.76",
            "revenue": 454144
        },
        "2005-07": {
            "month": "2005-07",
            "price": "9.97",
            "revenue": 147599
        },
        "2005-08": {
            "month": "2005-08",
            "price": "9.94",
            "revenue": 492900
        },
        "2005-09": {
            "month": "2005-09",
            "price": "10.57",
            "revenue": 525556
        },
        "2005-10": {
            "month": "2005-10",
            "price": "9.65",
            "revenue": 329944
        },
        "2005-11": {
            "month": "2005-11",
            "price": "8.97",
            "revenue": 289768
        },
        "2005-12": {
            "month": "2005-12",
            "price": "9.14",
            "revenue": 559664
        },
        "2006-01": {
            "month": "2006-01",
            "price": "9.39",
            "revenue": 263810
        },
        "2006-02": {
            "month": "2006-02",
            "price": "9.17",
            "revenue": 199468
        },
        "2006-03": {
            "month": "2006-03",
            "price": "8.77",
            "revenue": 446092
        },
        "2006-04": {
            "month": "2006-04",
            "price": "9.34",
            "revenue": 527629
        },
        "2006-05": {
            "month": "2006-05",
            "price": "10.03",
            "revenue": 587241
        },
        "2006-06": {
            "month": "2006-06",
            "price": "9.76",
            "revenue": 451105
        },
        "2006-07": {
            "month": "2006-07",
            "price": "10.17",
            "revenue": 318463
        },
        "2006-08": {
            "month": "2006-08",
            "price": "10.85",
            "revenue": 355182
        },
        "2006-09": {
            "month": "2006-09",
            "price": "11.40",
            "revenue": 695211
        },
        "2006-10": {
            "month": "2006-10",
            "price": "13.22",
            "revenue": 359167
        },
        "2006-11": {
            "month": "2006-11",
            "price": "13.43",
            "revenue": 459275
        },
        "2006-12": {
            "month": "2006-12",
            "price": "14.26",
            "revenue": 425290
        },
        "2007-01": {
            "month": "2007-01",
            "price": "17.84",
            "revenue": 301929
        },
        "2007-02": {
            "month": "2007-02",
            "price": "17.50",
            "revenue": 460165
        },
        "2007-03": {
            "month": "2007-03",
            "price": "19.60",
            "revenue": 731894
        },
        "2007-04": {
            "month": "2007-04",
            "price": "26.38",
            "revenue": 499322
        },
        "2007-05": {
            "month": "2007-05",
            "price": "27.83",
            "revenue": 656918
        },
        "2007-06": {
            "month": "2007-06",
            "price": "29.96",
            "revenue": 456087
        },
        "2007-07": {
            "month": "2007-07",
            "price": "35.88",
            "revenue": 323433
        },
        "2007-08": {
            "month": "2007-08",
            "price": "45.45",
            "revenue": 433260
        },
        "2007-09": {
            "month": "2007-09",
            "price": "54.65",
            "revenue": 713160
        },
        "2007-10": {
            "month": "2007-10",
            "price": "49.27",
            "revenue": 438449
        },
        "2007-11": {
            "month": "2007-11",
            "price": "43.20",
            "revenue": 612141
        },
        "2007-12": {
            "month": "2007-12",
            "price": "48.19",
            "revenue": 750567
        },
        "2008-01": {
            "month": "2008-01",
            "price": "51.67",
            "revenue": 236855
        },
        "2008-02": {
            "month": "2008-02",
            "price": "47.36",
            "revenue": 527987
        },
        "2008-03": {
            "month": "2008-03",
            "price": "46.18",
            "revenue": 823161
        },
        "2008-04": {
            "month": "2008-04",
            "price": "47.35",
            "revenue": 608767
        },
        "2008-05": {
            "month": "2008-05",
            "price": "53.84",
            "revenue": 779540
        },
        "2008-06": {
            "month": "2008-06",
            "price": "50.76",
            "revenue": 504281
        },
        "2008-07": {
            "month": "2008-07",
            "price": "43.68",
            "revenue": 537404
        },
        "2008-08": {
            "month": "2008-08",
            "price": "44.40",
            "revenue": 421045
        },
        "2008-09": {
            "month": "2008-09",
            "price": "34.06",
            "revenue": 1067744
        },
        "2008-10": {
            "month": "2008-10",
            "price": "27.10",
            "revenue": 671545
        },
        "2008-11": {
            "month": "2008-11",
            "price": "26.15",
            "revenue": 677433
        },
        "2008-12": {
            "month": "2008-12",
            "price": "27.61",
            "revenue": 1172957
        },
        "2009-01": {
            "month": "2009-01",
            "price": "28.89",
            "revenue": 428480
        },
        "2009-02": {
            "month": "2009-02",
            "price": "29.16",
            "revenue": 463622
        },
        "2009-03": {
            "month": "2009-03",
            "price": "31.61",
            "revenue": 917539
        },
        "2009-04": {
            "month": "2009-04",
            "price": "35.95",
            "revenue": 198638
        },
        "2009-05": {
            "month": "2009-05",
            "price": "35.49",
            "revenue": 326083
        },
        "2009-06": {
            "month": "2009-06",
            "price": "33.47",
            "revenue": 652928
        },
        "2009-07": {
            "month": "2009-07",
            "price": "33.15",
            "revenue": 367166
        },
        "2009-08": {
            "month": "2009-08",
            "price": "35.54",
            "revenue": 558807
        },
        "2009-09": {
            "month": "2009-09",
            "price": "32.03",
            "revenue": 783112
        },
        "2009-10": {
            "month": "2009-10",
            "price": "30.15",
            "revenue": 241071
        },
        "2009-11": {
            "month": "2009-11",
            "price": "29.53",
            "revenue": 570216
        },
        "2009-12": {
            "month": "2009-12",
            "price": "31.92",
            "revenue": 637918
        },
        "2010-01": {
            "month": "2010-01",
            "price": "30.75",
            "revenue": 184097
        },
        "2010-02": {
            "month": "2010-02",
            "price": "26.18",
            "revenue": 288880
        },
        "2010-03": {
            "month": "2010-03",
            "price": "26.89",
            "revenue": 562317
        },
        "2010-04": {
            "month": "2010-04",
            "price": "27.02",
            "revenue": 281743
        },
        "2010-05": {
            "month": "2010-05",
            "price": "22.82",
            "revenue": 326225
        },
        "2010-06": {
            "month": "2010-06",
            "price": "21.27",
            "revenue": 468813
        },
        "2010-07": {
            "month": "2010-07",
            "price": "24.29",
            "revenue": 347097
        },
        "2010-08": {
            "month": "2010-08",
            "price": "27.02",
            "revenue": 238817
        },
        "2010-09": {
            "month": "2010-09",
            "price": "23.23",
            "revenue": 522092
        },
        "2010-10": {
            "month": "2010-10",
            "price": "22.96",
            "revenue": 738347
        },
        "2010-11": {
            "month": "2010-11",
            "price": "21.23",
            "revenue": 749729
        },
        "2010-12": {
            "month": "2010-12",
            "price": "22.03",
            "revenue": 601934
        },
        "2011-01": {
            "month": "2011-01",
            "price": "22.24",
            "revenue": 232322
        },
        "2011-02": {
            "month": "2011-02",
            "price": "21.00",
            "revenue": 201832
        },
        "2011-03": {
            "month": "2011-03",
            "price": "22.99",
            "revenue": 552027
        },
        "2011-04": {
            "month": "2011-04",
            "price": "24.89",
            "revenue": 320184
        },
        "2011-05": {
            "month": "2011-05",
            "price": "23.44",
            "revenue": 269424
        },
        "2011-06": {
            "month": "2011-06",
            "price": "21.87",
            "revenue": 618473
        },
        "2011-07": {
            "month": "2011-07",
            "price": "21.61",
            "revenue": 369483
        },
        "2011-08": {
            "month": "2011-08",
            "price": "17.71",
            "revenue": 396364
        },
        "2011-09": {
            "month": "2011-09",
            "price": "15.64",
            "revenue": 217328
        },
        "2011-10": {
            "month": "2011-10",
            "price": "15.37",
            "revenue": 403799
        },
        "2011-11": {
            "month": "2011-11",
            "price": "14.22",
            "revenue": 346206
        },
        "2011-12": {
            "month": "2011-12",
            "price": "12.67",
            "revenue": 614089
        },
        "2012-01": {
            "month": "2012-01",
            "price": "12.69",
            "revenue": 72367
        },
        "2012-02": {
            "month": "2012-02",
            "price": "16.92",
            "revenue": 180681
        },
        "2012-03": {
            "month": "2012-03",
            "price": "16.91",
            "revenue": 185745
        },
        "2012-04": {
            "month": "2012-04",
            "price": "14.08",
            "revenue": 185363
        },
        "2012-05": {
            "month": "2012-05",
            "price": "13.91",
            "revenue": 560534
        },
        "2012-06": {
            "month": "2012-06",
            "price": "13.74",
            "revenue": 303656
        },
        "2012-07": {
            "month": "2012-07",
            "price": "13.39",
            "revenue": 404415
        },
        "2012-08": {
            "month": "2012-08",
            "price": "13.24",
            "revenue": 520857
        },
        "2012-09": {
            "month": "2012-09",
            "price": "13.24",
            "revenue": 391720
        },
        "2012-10": {
            "month": "2012-10",
            "price": "12.65",
            "revenue": 452605
        },
        "2012-11": {
            "month": "2012-11",
            "price": "11.87",
            "revenue": 287710
        },
        "2012-12": {
            "month": "2012-12",
            "price": "11.78",
            "revenue": 548303
        },
        "2013-01": {
            "month": "2013-01",
            "price": "11.93",
            "revenue": 258433
        },
        "2013-02": {
            "month": "2013-02",
            "price": "12.10",
            "revenue": 348474
        },
        "2013-03": {
            "month": "2013-03",
            "price": "13.59",
            "revenue": 297876
        },
        "2013-04": {
            "month": "2013-04",
            "price": "13.07",
            "revenue": 431136
        },
        "2013-05": {
            "month": "2013-05",
            "price": "14.56",
            "revenue": 596781
        },
        "2013-06": {
            "month": "2013-06",
            "price": "14.07",
            "revenue": 251738
        },
        "2013-07": {
            "month": "2013-07",
            "price": "13.53",
            "revenue": 175547
        },
        "2013-08": {
            "month": "2013-08",
            "price": "13.72",
            "revenue": 361951
        },
        "2013-09": {
            "month": "2013-09",
            "price": "14.19",
            "revenue": 451154
        },
        "2013-10": {
            "month": "2013-10",
            "price": "16.02",
            "revenue": 345664
        },
        "2013-11": {
            "month": "2013-11",
            "price": "16.97",
            "revenue": 368177
        },
        "2013-12": {
            "month": "2013-12",
            "price": "17.22",
            "revenue": 563419
        },
        "2014-01": {
            "month": "2014-01",
            "price": "17.89",
            "revenue": 170664
        },
        "2014-02": {
            "month": "2014-02",
            "price": "17.01",
            "revenue": 434719
        },
        "2014-03": {
            "month": "2014-03",
            "price": "16.92",
            "revenue": 343735
        },
        "2014-04": {
            "month": "2014-04",
            "price": "16.70",
            "revenue": 312196
        },
        "2014-05": {
            "month": "2014-05",
            "price": "16.20",
            "revenue": 197672
        },
        "2014-06": {
            "month": "2014-06",
            "price": "15.83",
            "revenue": 514062
        },
        "2014-07": {
            "month": "2014-07",
            "price": "16.15",
            "revenue": 311944
        },
        "2014-08": {
            "month": "2014-08",
            "price": "16.13",
            "revenue": 477299
        },
        "2014-09": {
            "month": "2014-09",
            "price": "15.80",
            "revenue": 482410
        },
        "2014-10": {
            "month": "2014-10",
            "price": "15.31",
            "revenue": 352864
        },
        "2014-11": {
            "month": "2014-11",
            "price": "14.63",
            "revenue": 619781
        },
        "2014-12": {
            "month": "2014-12",
            "price": "15.07",
            "revenue": 906025
        },
        "2015-01": {
            "month": "2015-01",
            "price": "15.58",
            "revenue": 255173
        },
        "2015-02": {
            "month": "2015-02",
            "price": "15.63",
            "revenue": 396963
        },
        "2015-03": {
            "month": "2015-03",
            "price": "15.53",
            "revenue": 374380
        },
        "2015-04": {
            "month": "2015-04",
            "price": "16.95",
            "revenue": 458925
        },
        "2015-05": {
            "month": "2015-05",
            "price": "16.73",
            "revenue": 312895
        },
        "2015-06": {
            "month": "2015-06",
            "price": "15.73",
            "revenue": 568142
        },
        "2015-07": {
            "month": "2015-07",
            "price": "15.45",
            "revenue": 375345
        },
        "2015-08": {
            "month": "2015-08",
            "price": "14.52",
            "revenue": 438806
        },
        "2015-09": {
            "month": "2015-09",
            "price": "14.12",
            "revenue": 462797
        },
        "2015-10": {
            "month": "2015-10",
            "price": "15.14",
            "revenue": 357885
        },
        "2015-11": {
            "month": "2015-11",
            "price": "15.36",
            "revenue": 425651
        },
        "2015-12": {
            "month": "2015-12",
            "price": "15.86",
            "revenue": 1288396
        },
        "2016-01": {
            "month": "2016-01",
            "price": "15.15",
            "revenue": 339440
        },
        "2016-02": {
            "month": "2016-02",
            "price": "16.05",
            "revenue": 267458
        },
        "2016-03": {
            "month": "2016-03",
            "price": "16.18",
            "revenue": 429038
        },
        "2016-04": {
            "month": "2016-04",
            "price": "16.07",
            "revenue": 760078
        },
        "2016-05": {
            "month": "2016-05",
            "price": "15.14",
            "revenue": 397684
        },
        "2016-06": {
            "month": "2016-06",
            "price": "15.31",
            "revenue": 781845
        },
        "2016-07": {
            "month": "2016-07",
            "price": "15.32",
            "revenue": 420134
        },
        "2016-08": {
            "month": "2016-08",
            "price": "15.83",
            "revenue": 586268
        },
        "2016-09": {
            "month": "2016-09",
            "price": "18.04",
            "revenue": 384928
        },
        "2016-10": {
            "month": "2016-10",
            "price": "17.92",
            "revenue": 364361
        },
        "2016-11": {
            "month": "2016-11",
            "price": "17.12",
            "revenue": 475741
        },
        "2016-12": {
            "month": "2016-12",
            "price": "17.86",
            "revenue": 519285
        },
        "2017-01": {
            "month": "2017-01",
            "price": "17.82",
            "revenue": 157204
        },
        "2017-02": {
            "month": "2017-02",
            "price": "17.99",
            "revenue": 277964
        },
        "2017-03": {
            "month": "2017-03",
            "price": "17.22",
            "revenue": 755249
        },
        "2017-04": {
            "month": "2017-04",
            "price": "17.34",
            "revenue": 205064
        },
        "2017-05": {
            "month": "2017-05",
            "price": "17.01",
            "revenue": 374884
        },
        "2017-06": {
            "month": "2017-06",
            "price": "17.16",
            "revenue": 766343
        },
        "2017-07": {
            "month": "2017-07",
            "price": "17.13",
            "revenue": 433470
        },
        "2017-08": {
            "month": "2017-08",
            "price": "19.79",
            "revenue": 354553
        },
        "2017-09": {
            "month": "2017-09",
            "price": "21.98",
            "revenue": 443900
        },
        "2017-10": {
            "month": "2017-10",
            "price": "20.27",
            "revenue": 637474
        },
        "2017-11": {
            "month": "2017-11",
            "price": "19.83",
            "revenue": 405276
        },
        "2017-12": {
            "month": "2017-12",
            "price": "19.70",
            "revenue": 1058309
        },
        "2018-01": {
            "month": "2018-01",
            "price": "21.47",
            "revenue": 418601
        },
        "2018-02": {
            "month": "2018-02",
            "price": "20.78",
            "revenue": 309952
        },
        "2018-03": {
            "month": "2018-03",
            "price": "22.12",
            "revenue": 519328
        },
        "2018-04": {
            "month": "2018-04",
            "price": "27.43",
            "revenue": 383467
        },
        "2018-05": {
            "month": "2018-05",
            "price": "23.92",
            "revenue": 313388
        },
        "2018-06": {
            "month": "2018-06",
            "price": "22.61",
            "revenue": 506746
        },
        "2018-07": {
            "month": "2018-07",
            "price": "21.95",
            "revenue": 377500
        },
        "2018-08": {
            "month": "2018-08",
            "price": "22.14",
            "revenue": 741383
        },
        "2018-09": {
            "month": "2018-09",
            "price": "23.06",
            "revenue": 617386
        },
        "2018-10": {
            "month": "2018-10",
            "price": "19.91",
            "revenue": 528587
        },
        "2018-11": {
            "month": "2018-11",
            "price": "18.68",
            "revenue": 379709
        },
        "2018-12": {
            "month": "2018-12",
            "price": "18.80",
            "revenue": 900515
        },
        "2019-01": {
            "month": "2019-01",
            "price": "19.75",
            "revenue": 237388
        },
        "2019-02": {
            "month": "2019-02",
            "price": "21.95",
            "revenue": 418100
        },
        "2019-03": {
            "month": "2019-03",
            "price": "22.84",
            "revenue": 575665
        },
        "2019-04": {
            "month": "2019-04",
            "price": "22.24",
            "revenue": 450377
        },
        "2019-05": {
            "month": "2019-05",
            "price": "22.29",
            "revenue": 412632
        },
        "2019-06": {
            "month": "2019-06",
            "price": "26.02",
            "revenue": 620143
        },
        "2019-07": {
            "month": "2019-07",
            "price": "27.10",
            "revenue": 363164
        },
        "2019-08": {
            "month": "2019-08",
            "price": "23.18",
            "revenue": 656929
        },
        "2019-09": {
            "month": "2019-09",
            "price": "24.83",
            "revenue": 383387
        },
        "2019-10": {
            "month": "2019-10",
            "price": "25.49",
            "revenue": 676528
        },
        "2019-11": {
            "month": "2019-11",
            "price": "26.69",
            "revenue": 776318
        },
        "2019-12": {
            "month": "2019-12",
            "price": "28.80",
            "revenue": 1605967
        },
        "2020-01": {
            "month": "2020-01",
            "price": "28.77",
            "revenue": 735811
        },
        "2020-02": {
            "month": "2020-02",
            "price": "30.48",
            "revenue": 424239
        },
        "2020-03": {
            "month": "2020-03",
            "price": "25.86",
            "revenue": 516662
        },
        "2020-04": {
            "month": "2020-04",
            "price": "25.54",
            "revenue": 475168
        },
        "2020-05": {
            "month": "2020-05",
            "price": "26.64",
            "revenue": 662623
        },
        "2020-06": {
            "month": "2020-06",
            "price": "27.26",
            "revenue": 670184
        },
        "2020-07": {
            "month": "2020-07",
            "price": "31.97",
            "revenue": 613204
        },
        "2020-08": {
            "month": "2020-08",
            "price": "36.51",
            "revenue": 918051
        },
        "2020-09": {
            "month": "2020-09",
            "price": "43.25",
            "revenue": 849914
        },
        "2020-10": {
            "month": "2020-10",
            "price": "50.05",
            "revenue": 608406
        },
        "2020-11": {
            "month": "2020-11",
            "price": "50.70",
            "revenue": 650893
        },
        "2020-12": {
            "month": "2020-12",
            "price": "51.51",
            "revenue": 1346437
        },
        "2021-01": {
            "month": "2021-01",
            "price": "45.68",
            "revenue": 469183
        },
        "2021-02": {
            "month": "2021-02",
            "price": "43.53",
            "revenue": 417358
        },
        "2021-03": {
            "month": "2021-03",
            "price": "45.09",
            "revenue": 709451
        },
        "2021-04": {
            "month": "2021-04",
            "price": "49.24",
            "revenue": 683460
        },
        "2021-05": {
            "month": "2021-05",
            "price": "43.85",
            "revenue": 723841
        },
        "2021-06": {
            "month": "2021-06",
            "price": "42.96",
            "revenue": 971935
        },
        "2021-07": {
            "month": "2021-07",
            "price": "43.96",
            "revenue": 641898
        },
        "2021-08": {
            "month": "2021-08",
            "price": "39.59",
            "revenue": 705918
        },
        "2021-09": {
            "month": "2021-09",
            "price": "37.78",
            "revenue": 634517
        },
        "2021-10": {
            "month": "2021-10",
            "price": "36.30",
            "revenue": 567140
        },
        "2021-11": {
            "month": "2021-11",
            "price": "36.50",
            "revenue": 870436
        },
        "2021-12": {
            "month": "2021-12",
            "price": "36.05",
            "revenue": 1624957
        },
        "2022-01": {
            "month": "2022-01",
            "price": "38.78",
            "revenue": 300184
        },
        "2022-02": {
            "month": "2022-02",
            "price": "38.29",
            "revenue": 525084
        },
        "2022-03": {
            "month": "2022-03",
            "price": "40.00",
            "revenue": 570125
        },
        "2022-04": {
            "month": "2022-04",
            "price": "41.41",
            "revenue": 488370
        },
        "2022-05": {
            "month": "2022-05",
            "price": "35.65",
            "revenue": 622040
        },
        "2022-06": {
            "month": "2022-06",
            "price": "34.98",
            "revenue": 934679
        },
        "2022-07": {
            "month": "2022-07",
            "price": "36.14",
            "revenue": 353640
        },
        "2022-08": {
            "month": "2022-08",
            "price": "37.94",
            "revenue": 509820
        },
        "2022-09": {
            "month": "2022-09",
            "price": "41.14",
            "revenue": 781296
        },
        "2022-10": {
            "month": "2022-10",
            "price": "40.24",
            "revenue": 558201
        },
        "2022-11": {
            "month": "2022-11",
            "price": "39.25",
            "revenue": 844380
        },
        "2022-12": {
            "month": "2022-12",
            "price": "47.94",
            "revenue": 1262908
        },
        "2023-01": {
            "month": "2023-01",
            "price": "53.16",
            "revenue": 184019
        },
        "2023-02": {
            "month": "2023-02",
            "price": "57.38",
            "revenue": 306963
        },
        "2023-03": {
            "month": "2023-03",
            "price": "68.68",
            "revenue": 1049563
        },
        "2023-04": {
            "month": "2023-04",
            "price": "92.09",
            "revenue": 1084596
        }
    }
}
