{
    "summary": {
        "stock_name": "大億",
        "stock_id": "1521",
        "category": "汽車",
        "main_business": "經營汽、機車、五金等零件之製造、銷售及進出口貿易業務。<br>航空飛機零件及航海船舶之製造加工銷售業務。<br>交通用機械及其零件之製造加工銷售業務等。",
        "website_url": "http://www.tayih-ind.com.tw",
        "ceo": "莊智清",
        "pe_ratio": 33,
        "report_year_from": 2001,
        "report_year_to": 2023,
        "age": 22,
        "eps_negative_percentage": 0,
        "eps_growth_avg": {
            "last_all": 6.27,
            "last_2y": -32.1,
            "last_4y": -23.84,
            "last_8y": -7.33,
            "last_12y": -2.81,
            "last_16y": -1.42,
            "last_20y": 6.27,
            "at_2006_last_3y": 1.84,
            "at_2007_last_3y": -6.7,
            "at_2008_last_3y": -27.95,
            "at_2009_last_3y": 3.12,
            "at_2010_last_3y": 27.38,
            "at_2011_last_3y": 18.39,
            "at_2012_last_3y": 29.96,
            "at_2013_last_3y": 7.34,
            "at_2014_last_3y": 0.65,
            "at_2015_last_3y": 9.45,
            "at_2016_last_3y": 15.59,
            "at_2017_last_3y": 13.32,
            "at_2018_last_3y": -1.16,
            "at_2019_last_3y": -2.98,
            "at_2020_last_3y": -19.59,
            "at_2021_last_3y": -31.9,
            "at_2022_last_3y": -20.79,
            "at_2023_last_3y": -20.79,
            "at_2006_last_all": 21.47,
            "at_2007_last_all": 21.42,
            "at_2008_last_all": 9.74,
            "at_2009_last_all": 21.03,
            "at_2010_last_all": 24.1,
            "at_2011_last_all": 20.21,
            "at_2012_last_all": 17.1,
            "at_2013_last_all": 16.47,
            "at_2014_last_all": 16.88,
            "at_2015_last_all": 17.13,
            "at_2016_last_all": 16.69,
            "at_2017_last_all": 15.68,
            "at_2018_last_all": 12.64,
            "at_2019_last_all": 12.66,
            "at_2020_last_all": 9.05,
            "at_2021_last_all": 6.16,
            "at_2022_last_all": 6.27,
            "at_2023_last_all": 6.27
        },
        "latest_eps": 1.15,
        "latest_price": 37.8,
        "latest_roe": 4.88,
        "latest_gross_margin": 14.57,
        "latest_equity": 1813445,
        "latest_revenue": 1196529,
        "latest_gross_profit": 174309,
        "latest_net_income": 19056,
        "latest_debt_ratio": 45.62,
        "latest_current_ratio": 159.42,
        "latest_account_receivable_turnover_ratio": 1.44,
        "latest_inventory_turnover_ratio": 1.07,
        "latest_reinvestment_rate": -51.48,
        "latest_research_to_sale_ratio": 3.13
    },
    "eps_dividends": {
        "1996": {
            "cash": 1.1,
            "stock": 0,
            "eps": 0
        },
        "1997": {
            "cash": 1.18,
            "stock": 0,
            "eps": 0
        },
        "1998": {
            "cash": 1,
            "stock": 1,
            "eps": 0
        },
        "1999": {
            "cash": 1,
            "stock": 1,
            "eps": 0
        },
        "2000": {
            "cash": 1.1,
            "stock": 1.1,
            "eps": 0
        },
        "2001": {
            "cash": 1.5,
            "stock": 1.5,
            "eps": 0.94
        },
        "2002": {
            "cash": 1,
            "stock": 0,
            "eps": 2.06
        },
        "2003": {
            "cash": 1.5,
            "stock": 0,
            "eps": 3.2
        },
        "2004": {
            "cash": 2.5,
            "stock": 0,
            "eps": 3.99
        },
        "2005": {
            "cash": 3.5,
            "stock": 0,
            "eps": 3.02
        },
        "2006": {
            "cash": 2.5,
            "stock": 0,
            "eps": 1.56
        },
        "2007": {
            "cash": 1.3,
            "stock": 0,
            "eps": 1.89
        },
        "2008": {
            "cash": 1.5,
            "stock": 0,
            "eps": 0.75
        },
        "2009": {
            "cash": 1,
            "stock": 0,
            "eps": 3.37
        },
        "2010": {
            "cash": 3,
            "stock": 0,
            "eps": 5.01
        },
        "2011": {
            "cash": 8,
            "stock": 0,
            "eps": 4.27
        },
        "2012": {
            "cash": 0,
            "stock": 0,
            "eps": 3.67
        },
        "2013": {
            "cash": 3.5,
            "stock": 0,
            "eps": 4.02
        },
        "2014": {
            "cash": 3.7,
            "stock": 0,
            "eps": 4.9
        },
        "2015": {
            "cash": 4.3,
            "stock": 0,
            "eps": 5.9
        },
        "2016": {
            "cash": 5,
            "stock": 0,
            "eps": 6.52
        },
        "2017": {
            "cash": 5.2,
            "stock": 0,
            "eps": 6.55
        },
        "2018": {
            "cash": 5.2,
            "stock": 0,
            "eps": 4.19
        },
        "2019": {
            "cash": 3.8,
            "stock": 0,
            "eps": 4.74
        },
        "2020": {
            "cash": 4,
            "stock": 0,
            "eps": 2.09
        },
        "2021": {
            "cash": 1.3,
            "stock": 0,
            "eps": 1.07
        },
        "2022": {
            "cash": 0.6,
            "stock": 0,
            "eps": 1.16
        },
        "2023": {
            "cash": 0.7,
            "stock": 0,
            "eps": 0.25
        }
    },
    "dividends": {
        "1996-05-15": {
            "cash": 1.1,
            "stock": 0
        },
        "1997-04-25": {
            "cash": 1.18,
            "stock": 0
        },
        "1998-06-04": {
            "cash": 1,
            "stock": 1
        },
        "1999-06-15": {
            "cash": 1,
            "stock": 1
        },
        "2000-06-20": {
            "cash": 1.1,
            "stock": 1.1
        },
        "2001-06-07": {
            "cash": 1.5,
            "stock": 1.5
        },
        "2002-06-28": {
            "cash": 1,
            "stock": 0
        },
        "2003-04-03": {
            "cash": 1.5,
            "stock": 0
        },
        "2004-03-22": {
            "cash": 2.5,
            "stock": 0
        },
        "2005-03-30": {
            "cash": 3.5,
            "stock": 0
        },
        "2006-03-30": {
            "cash": 2.5,
            "stock": 0
        },
        "2007-03-26": {
            "cash": 1.3,
            "stock": 0
        },
        "2008-03-22": {
            "cash": 1.5,
            "stock": 0
        },
        "2009-03-30": {
            "cash": 1,
            "stock": 0
        },
        "2010-03-26": {
            "cash": 3,
            "stock": 0
        },
        "2011-01-01": {
            "cash": 4,
            "stock": 0
        },
        "2011-03-25": {
            "cash": 4,
            "stock": 0
        },
        "2013-03-25": {
            "cash": 3.5,
            "stock": 0
        },
        "2014-06-12": {
            "cash": 3.7,
            "stock": 0
        },
        "2015-07-30": {
            "cash": 4.3,
            "stock": 0
        },
        "2016-07-29": {
            "cash": 5,
            "stock": 0
        },
        "2017-07-31": {
            "cash": 5.2,
            "stock": 0
        },
        "2018-07-30": {
            "cash": 5.2,
            "stock": 0
        },
        "2019-07-30": {
            "cash": 3.8,
            "stock": 0
        },
        "2020-07-30": {
            "cash": 4,
            "stock": 0
        },
        "2021-09-15": {
            "cash": 1.3,
            "stock": 0
        },
        "2022-07-28": {
            "cash": 0.6,
            "stock": 0
        },
        "2023-03-08": {
            "cash": 0.7,
            "stock": 0
        }
    },
    "prices": {
        "200101": "15.25",
        "200102": "16.51",
        "200103": "17.93",
        "200104": "16.05",
        "200105": "12.44",
        "200106": "12.62",
        "200107": "10.44",
        "200108": "10.32",
        "200109": "9.19",
        "200110": "7.73",
        "200111": "8.35",
        "200112": "10.07",
        "200201": "12.40",
        "200202": "13.79",
        "200203": "13.68",
        "200204": "15.06",
        "200205": "17.83",
        "200206": "25.32",
        "200207": "28.91",
        "200208": "24.08",
        "200209": "24.06",
        "200210": "26.79",
        "200211": "29.80",
        "200212": "30.68",
        "200301": "32.75",
        "200302": "31.77",
        "200303": "32.29",
        "200304": "32.29",
        "200305": "33.64",
        "200306": "33.16",
        "200307": "32.24",
        "200308": "35.22",
        "200309": "32.94",
        "200310": "33.73",
        "200311": "34.56",
        "200312": "34.17",
        "200401": "34.05",
        "200402": "37.62",
        "200403": "41.67",
        "200404": "44.48",
        "200405": "40.80",
        "200406": "41.95",
        "200407": "41.67",
        "200408": "41.79",
        "200409": "41.95",
        "200410": "38.39",
        "200411": "35.89",
        "200412": "36.45",
        "200501": "36.45",
        "200502": "36.05",
        "200503": "35.53",
        "200504": "36.23",
        "200505": "35.16",
        "200506": "35.08",
        "200507": "33.44",
        "200508": "31.35",
        "200509": "30.06",
        "200510": "28.39",
        "200511": "28.33",
        "200512": "29.76",
        "200601": "30.40",
        "200602": "29.20",
        "200603": "28.48",
        "200604": "30.10",
        "200605": "29.00",
        "200606": "26.64",
        "200607": "25.70",
        "200608": "23.68",
        "200609": "21.98",
        "200610": "25.40",
        "200611": "23.92",
        "200612": "23.51",
        "200701": "26.01",
        "200702": "25.17",
        "200703": "27.66",
        "200704": "27.53",
        "200705": "26.03",
        "200706": "26.89",
        "200707": "28.93",
        "200708": "25.83",
        "200709": "25.21",
        "200710": "25.41",
        "200711": "23.94",
        "200712": "22.97",
        "200801": "22.54",
        "200802": "22.68",
        "200803": "23.20",
        "200804": "23.68",
        "200805": "23.05",
        "200806": "19.96",
        "200807": "15.72",
        "200808": "15.53",
        "200809": "13.29",
        "200810": "11.23",
        "200811": "10.81",
        "200812": "10.22",
        "200901": "9.87",
        "200902": "9.91",
        "200903": "12.14",
        "200904": "15.85",
        "200905": "20.23",
        "200906": "19.36",
        "200907": "20.95",
        "200908": "21.00",
        "200909": "23.45",
        "200910": "30.69",
        "200911": "41.07",
        "200912": "47.78",
        "201001": "43.64",
        "201002": "40.97",
        "201003": "47.19",
        "201004": "53.64",
        "201005": "53.32",
        "201006": "53.78",
        "201007": "52.71",
        "201008": "55.86",
        "201009": "68.08",
        "201010": "71.23",
        "201011": "67.76",
        "201012": "66.01",
        "201101": "63.04",
        "201102": "65.65",
        "201103": "69.10",
        "201104": "67.26",
        "201105": "72.49",
        "201106": "71.72",
        "201107": "75.64",
        "201108": "60.30",
        "201109": "56.16",
        "201110": "61.30",
        "201111": "61.55",
        "201112": "52.85",
        "201201": "55.00",
        "201202": "62.74",
        "201203": "58.57",
        "201204": "56.07",
        "201205": "54.63",
        "201206": "54.14",
        "201207": "52.07",
        "201208": "53.92",
        "201209": "51.63",
        "201210": "49.05",
        "201211": "42.87",
        "201212": "43.90",
        "201301": "46.55",
        "201302": "48.21",
        "201303": "49.89",
        "201304": "51.82",
        "201305": "48.63",
        "201306": "46.38",
        "201307": "44.87",
        "201308": "45.50",
        "201309": "50.90",
        "201310": "57.04",
        "201311": "57.00",
        "201312": "63.95",
        "201401": "59.16",
        "201402": "67.05",
        "201403": "73.46",
        "201404": "76.02",
        "201405": "82.66",
        "201406": "85.54",
        "201407": "77.91",
        "201408": "70.08",
        "201409": "72.32",
        "201410": "71.77",
        "201411": "69.94",
        "201412": "71.04",
        "201501": "69.04",
        "201502": "71.49",
        "201503": "81.05",
        "201504": "88.22",
        "201505": "92.56",
        "201506": "97.80",
        "201507": "87.73",
        "201508": "77.19",
        "201509": "77.22",
        "201510": "87.99",
        "201511": "82.22",
        "201512": "82.38",
        "201601": "82.73",
        "201602": "82.29",
        "201603": "83.20",
        "201604": "79.03",
        "201605": "76.31",
        "201606": "80.04",
        "201607": "77.35",
        "201608": "80.46",
        "201609": "82.32",
        "201610": "80.56",
        "201611": "78.06",
        "201612": "81.65",
        "201701": "81.84",
        "201702": "81.36",
        "201703": "80.73",
        "201704": "80.66",
        "201705": "81.30",
        "201706": "84.35",
        "201707": "83.68",
        "201708": "81.92",
        "201709": "81.80",
        "201710": "81.79",
        "201711": "81.09",
        "201712": "78.45",
        "201801": "78.10",
        "201802": "77.41",
        "201803": "78.77",
        "201804": "81.19",
        "201805": "80.73",
        "201806": "80.87",
        "201807": "76.17",
        "201808": "73.35",
        "201809": "69.19",
        "201810": "60.91",
        "201811": "57.22",
        "201812": "53.83",
        "201901": "52.72",
        "201902": "56.74",
        "201903": "61.98",
        "201904": "62.98",
        "201905": "62.09",
        "201906": "62.77",
        "201907": "61.63",
        "201908": "62.06",
        "201909": "65.88",
        "201910": "65.22",
        "201911": "64.98",
        "201912": "64.84",
        "202001": "64.16",
        "202002": "61.23",
        "202003": "56.04",
        "202004": "56.06",
        "202005": "58.18",
        "202006": "60.90",
        "202007": "58.65",
        "202008": "55.85",
        "202009": "53.47",
        "202010": "54.07",
        "202011": "55.64",
        "202012": "55.63",
        "202101": "54.46",
        "202102": "53.83",
        "202103": "54.55",
        "202104": "53.44",
        "202105": "46.67",
        "202106": "45.49",
        "202107": "45.78",
        "202108": "43.98",
        "202109": "42.68",
        "202110": "42.52",
        "202111": "42.44",
        "202112": "40.85",
        "202201": "40.16",
        "202202": "40.27",
        "202203": "39.30",
        "202204": "37.16",
        "202205": "37.35",
        "202206": "37.87",
        "202207": "34.45",
        "202208": "35.39",
        "202209": "35.43",
        "202210": "34.35",
        "202211": "34.80",
        "202212": "35.58",
        "202301": "34.73",
        "202302": "36.13",
        "202303": "38.17",
        "202304": "38.64",
        "202305": "37.79"
    },
    "quarters": {
        "20011": {
            "year_quarter": 20011,
            "year": 2001,
            "quarter": 1,
            "eps": 0.18,
            "eps_growth_year": -65.38,
            "eps_4q": 1.4,
            "eps_4q_growth_year": -0.5,
            "roe": 1.23,
            "roe_4q": 1.23,
            "gross_profit": 78988,
            "gross_margin": 16.5,
            "gross_margin_4q_avg": 16.5,
            "net_income": 13653,
            "revenue": 478631,
            "common_shares": 762300,
            "book_valuer_per_share": 14.59,
            "book_valuer_per_share_4q_avg": 14.59,
            "equity": 1112348,
            "current_ratio": 152.34,
            "debt_ratio": 46.18,
            "inventory_turnover_ratio": 1.37,
            "account_receivable_turnover_ratio": null,
            "reinvestment_rate": null,
            "research_to_sale_ratio": null,
            "price_fair": 0,
            "eps_avg_yearly": 0,
            "eps_latest_yearly": 0,
            "eps_growth_yearly": 0
        },
        "20012": {
            "year_quarter": 20012,
            "year": 2001,
            "quarter": 2,
            "eps": 0.09,
            "eps_growth_year": -85.94,
            "eps_4q": 0.82,
            "eps_4q_growth_year": -51.23,
            "roe": 0.66,
            "roe_4q": 1.8900000000000001,
            "gross_profit": 63669,
            "gross_margin": 12.86,
            "gross_margin_4q_avg": 14.68,
            "net_income": 7017,
            "revenue": 495059,
            "common_shares": 762300,
            "book_valuer_per_share": 13.23,
            "book_valuer_per_share_4q_avg": 13.91,
            "equity": 1008259,
            "current_ratio": 125.2,
            "debt_ratio": 53.25,
            "inventory_turnover_ratio": 1.47,
            "account_receivable_turnover_ratio": null,
            "reinvestment_rate": null,
            "research_to_sale_ratio": null,
            "price_fair": 0,
            "eps_avg_yearly": 0,
            "eps_latest_yearly": 0,
            "eps_growth_yearly": 0
        },
        "20013": {
            "year_quarter": 20013,
            "year": 2001,
            "quarter": 3,
            "eps": 0.13,
            "eps_growth_year": -63.89,
            "eps_4q": 0.62,
            "eps_4q_growth_year": -67.55,
            "roe": 0.96,
            "roe_4q": 2.85,
            "gross_profit": 60185,
            "gross_margin": 11.9,
            "gross_margin_4q_avg": 13.75,
            "net_income": 9698,
            "revenue": 505888,
            "common_shares": 762300,
            "book_valuer_per_share": 13.38,
            "book_valuer_per_share_4q_avg": 13.73,
            "equity": 1020131,
            "current_ratio": 144.06,
            "debt_ratio": 53.25,
            "inventory_turnover_ratio": 1.57,
            "account_receivable_turnover_ratio": null,
            "reinvestment_rate": null,
            "research_to_sale_ratio": null,
            "price_fair": 0,
            "eps_avg_yearly": 0,
            "eps_latest_yearly": 0,
            "eps_growth_yearly": 0
        },
        "20014": {
            "year_quarter": 20014,
            "year": 2001,
            "quarter": 4,
            "eps": 0.54,
            "eps_growth_year": 157.14,
            "eps_4q": 0.94,
            "eps_4q_growth_year": -46.45,
            "roe": 3.96,
            "roe_4q": 6.8100000000000005,
            "gross_profit": 97758,
            "gross_margin": 17.38,
            "gross_margin_4q_avg": 14.66,
            "net_income": 41258,
            "revenue": 562561,
            "common_shares": 762300,
            "book_valuer_per_share": 13.95,
            "book_valuer_per_share_4q_avg": 13.79,
            "equity": 1063345,
            "current_ratio": 136.69,
            "debt_ratio": 51.47,
            "inventory_turnover_ratio": 1.82,
            "account_receivable_turnover_ratio": null,
            "reinvestment_rate": null,
            "research_to_sale_ratio": null,
            "price_fair": 0,
            "eps_avg_yearly": 0,
            "eps_latest_yearly": 0,
            "eps_growth_yearly": 0
        },
        "20021": {
            "year_quarter": 20021,
            "year": 2002,
            "quarter": 1,
            "eps": 0.34,
            "eps_growth_year": 88.89,
            "eps_4q": 1.11,
            "eps_4q_growth_year": -20.78,
            "roe": 2.39,
            "roe_4q": 7.97,
            "gross_profit": 90242,
            "gross_margin": 17.07,
            "gross_margin_4q_avg": 14.8,
            "net_income": 25725,
            "revenue": 528654,
            "common_shares": 762300,
            "book_valuer_per_share": 14.29,
            "book_valuer_per_share_4q_avg": 13.71,
            "equity": 1088968,
            "current_ratio": 137.45,
            "debt_ratio": 49.51,
            "inventory_turnover_ratio": 2.08,
            "account_receivable_turnover_ratio": null,
            "reinvestment_rate": null,
            "research_to_sale_ratio": null,
            "price_fair": 4.08,
            "eps_avg_yearly": 1.36,
            "eps_latest_yearly": 1.36,
            "eps_growth_yearly": -148.15
        },
        "20022": {
            "year_quarter": 20022,
            "year": 2002,
            "quarter": 2,
            "eps": 0.65,
            "eps_growth_year": 622.22,
            "eps_4q": 1.65,
            "eps_4q_growth_year": 100.74,
            "roe": 4.64,
            "roe_4q": 11.95,
            "gross_profit": 131803,
            "gross_margin": 20.93,
            "gross_margin_4q_avg": 16.82,
            "net_income": 49797,
            "revenue": 629829,
            "common_shares": 762300,
            "book_valuer_per_share": 13.86,
            "book_valuer_per_share_4q_avg": 13.87,
            "equity": 1056243,
            "current_ratio": 105.9,
            "debt_ratio": 54.81,
            "inventory_turnover_ratio": 2.54,
            "account_receivable_turnover_ratio": null,
            "reinvestment_rate": null,
            "research_to_sale_ratio": null,
            "price_fair": 69.3,
            "eps_avg_yearly": 1.98,
            "eps_latest_yearly": 2.6,
            "eps_growth_yearly": 108.28
        },
        "20023": {
            "year_quarter": 20023,
            "year": 2002,
            "quarter": 3,
            "eps": 0.48,
            "eps_growth_year": 269.23,
            "eps_4q": 2.01,
            "eps_4q_growth_year": 225.48,
            "roe": 3.39,
            "roe_4q": 14.379999999999999,
            "gross_profit": 123849,
            "gross_margin": 19.29,
            "gross_margin_4q_avg": 18.67,
            "net_income": 36550,
            "revenue": 642002,
            "common_shares": 762300,
            "book_valuer_per_share": 14.41,
            "book_valuer_per_share_4q_avg": 14.13,
            "equity": 1098685,
            "current_ratio": 113.19,
            "debt_ratio": 50.67,
            "inventory_turnover_ratio": 2.33,
            "account_receivable_turnover_ratio": null,
            "reinvestment_rate": null,
            "research_to_sale_ratio": null,
            "price_fair": 68.6,
            "eps_avg_yearly": 1.96,
            "eps_latest_yearly": 1.92,
            "eps_growth_yearly": 37.31
        },
        "20024": {
            "year_quarter": 20024,
            "year": 2002,
            "quarter": 4,
            "eps": 0.59,
            "eps_growth_year": 9.26,
            "eps_4q": 2.06,
            "eps_4q_growth_year": 119.62,
            "roe": 4.02,
            "roe_4q": 14.440000000000001,
            "gross_profit": 120297,
            "gross_margin": 17.86,
            "gross_margin_4q_avg": 18.79,
            "net_income": 45016,
            "revenue": 673438,
            "common_shares": 762300,
            "book_valuer_per_share": 14.98,
            "book_valuer_per_share_4q_avg": 14.39,
            "equity": 1141750,
            "current_ratio": 111.6,
            "debt_ratio": 54.56,
            "inventory_turnover_ratio": 2.04,
            "account_receivable_turnover_ratio": null,
            "reinvestment_rate": 18.06,
            "research_to_sale_ratio": null,
            "price_fair": 72.1,
            "eps_avg_yearly": 2.06,
            "eps_latest_yearly": 2.36,
            "eps_growth_yearly": 50.9
        },
        "20031": {
            "year_quarter": 20031,
            "year": 2003,
            "quarter": 1,
            "eps": 0.84,
            "eps_growth_year": 147.06,
            "eps_4q": 2.56,
            "eps_4q_growth_year": 131.85,
            "roe": 5.45,
            "roe_4q": 17.5,
            "gross_profit": 148476,
            "gross_margin": 20.21,
            "gross_margin_4q_avg": 19.57,
            "net_income": 63977,
            "revenue": 734682,
            "common_shares": 762300,
            "book_valuer_per_share": 15.81,
            "book_valuer_per_share_4q_avg": 14.77,
            "equity": 1205499,
            "current_ratio": 126.61,
            "debt_ratio": 49.65,
            "inventory_turnover_ratio": 1.97,
            "account_receivable_turnover_ratio": null,
            "reinvestment_rate": -21.17,
            "research_to_sale_ratio": null,
            "price_fair": 81.2,
            "eps_avg_yearly": 2.32,
            "eps_latest_yearly": 3.36,
            "eps_growth_yearly": 74.62
        },
        "20032": {
            "year_quarter": 20032,
            "year": 2003,
            "quarter": 2,
            "eps": 0.85,
            "eps_growth_year": 30.77,
            "eps_4q": 2.77,
            "eps_4q_growth_year": 67.61,
            "roe": 5.47,
            "roe_4q": 18.33,
            "gross_profit": 139322,
            "gross_margin": 19.01,
            "gross_margin_4q_avg": 19.09,
            "net_income": 64530,
            "revenue": 732950,
            "common_shares": 762300,
            "book_valuer_per_share": 15.14,
            "book_valuer_per_share_4q_avg": 15.09,
            "equity": 1153772,
            "current_ratio": 117.45,
            "debt_ratio": 51.57,
            "inventory_turnover_ratio": 2.06,
            "account_receivable_turnover_ratio": null,
            "reinvestment_rate": -22.25,
            "research_to_sale_ratio": null,
            "price_fair": 87.5,
            "eps_avg_yearly": 2.5,
            "eps_latest_yearly": 3.4,
            "eps_growth_yearly": 62.98
        },
        "20033": {
            "year_quarter": 20033,
            "year": 2003,
            "quarter": 3,
            "eps": 0.61,
            "eps_growth_year": 27.08,
            "eps_4q": 2.9,
            "eps_4q_growth_year": 43.81,
            "roe": 3.94,
            "roe_4q": 18.88,
            "gross_profit": 130072,
            "gross_margin": 18.85,
            "gross_margin_4q_avg": 18.98,
            "net_income": 46305,
            "revenue": 689983,
            "common_shares": 762300,
            "book_valuer_per_share": 15.68,
            "book_valuer_per_share_4q_avg": 15.4,
            "equity": 1195585,
            "current_ratio": 122.59,
            "debt_ratio": 49.7,
            "inventory_turnover_ratio": 2.01,
            "account_receivable_turnover_ratio": null,
            "reinvestment_rate": -16.35,
            "research_to_sale_ratio": null,
            "price_fair": 87.2,
            "eps_avg_yearly": 2.49,
            "eps_latest_yearly": 2.44,
            "eps_growth_yearly": 37.85
        },
        "20034": {
            "year_quarter": 20034,
            "year": 2003,
            "quarter": 4,
            "eps": 0.9,
            "eps_growth_year": 52.54,
            "eps_4q": 3.2,
            "eps_4q_growth_year": 55.63,
            "roe": 5.61,
            "roe_4q": 20.47,
            "gross_profit": 129117,
            "gross_margin": 17.69,
            "gross_margin_4q_avg": 18.94,
            "net_income": 68281,
            "revenue": 729738,
            "common_shares": 762300,
            "book_valuer_per_share": 16.24,
            "book_valuer_per_share_4q_avg": 15.72,
            "equity": 1238193,
            "current_ratio": 113.2,
            "debt_ratio": 54.62,
            "inventory_turnover_ratio": 1.84,
            "account_receivable_turnover_ratio": null,
            "reinvestment_rate": 23.44,
            "research_to_sale_ratio": null,
            "price_fair": 92.05,
            "eps_avg_yearly": 2.63,
            "eps_latest_yearly": 3.6,
            "eps_growth_yearly": 56.89
        },
        "20041": {
            "year_quarter": 20041,
            "year": 2004,
            "quarter": 1,
            "eps": 1.09,
            "eps_growth_year": 29.76,
            "eps_4q": 3.43,
            "eps_4q_growth_year": 33.76,
            "roe": 6.52,
            "roe_4q": 21.54,
            "gross_profit": 181538,
            "gross_margin": 22.2,
            "gross_margin_4q_avg": 19.44,
            "net_income": 83412,
            "revenue": 817784,
            "common_shares": 762300,
            "book_valuer_per_share": 17.3,
            "book_valuer_per_share_4q_avg": 16.09,
            "equity": 1318710,
            "current_ratio": 126.85,
            "debt_ratio": 49.51,
            "inventory_turnover_ratio": 1.76,
            "account_receivable_turnover_ratio": null,
            "reinvestment_rate": -13.39,
            "research_to_sale_ratio": null,
            "price_fair": 98.78,
            "eps_avg_yearly": 2.82,
            "eps_latest_yearly": 4.36,
            "eps_growth_yearly": 59.95
        },
        "20042": {
            "year_quarter": 20042,
            "year": 2004,
            "quarter": 2,
            "eps": 1.28,
            "eps_growth_year": 50.59,
            "eps_4q": 3.87,
            "eps_4q_growth_year": 39.78,
            "roe": 7.69,
            "roe_4q": 23.76,
            "gross_profit": 190990,
            "gross_margin": 18.41,
            "gross_margin_4q_avg": 19.29,
            "net_income": 97933,
            "revenue": 1037386,
            "common_shares": 762300,
            "book_valuer_per_share": 16.12,
            "book_valuer_per_share_4q_avg": 16.34,
            "equity": 1229000,
            "current_ratio": 113.57,
            "debt_ratio": 56.41,
            "inventory_turnover_ratio": 2.22,
            "account_receivable_turnover_ratio": null,
            "reinvestment_rate": -5.32,
            "research_to_sale_ratio": null,
            "price_fair": 106.82,
            "eps_avg_yearly": 3.05,
            "eps_latest_yearly": 5.12,
            "eps_growth_yearly": 60.93
        },
        "20043": {
            "year_quarter": 20043,
            "year": 2004,
            "quarter": 3,
            "eps": 0.8,
            "eps_growth_year": 31.15,
            "eps_4q": 4.07,
            "eps_4q_growth_year": 40.55,
            "roe": 4.84,
            "roe_4q": 24.66,
            "gross_profit": 170185,
            "gross_margin": 16.11,
            "gross_margin_4q_avg": 18.6,
            "net_income": 61068,
            "revenue": 1056506,
            "common_shares": 762300,
            "book_valuer_per_share": 16.96,
            "book_valuer_per_share_4q_avg": 16.66,
            "equity": 1293071,
            "current_ratio": 121.77,
            "debt_ratio": 51.97,
            "inventory_turnover_ratio": 2.24,
            "account_receivable_turnover_ratio": null,
            "reinvestment_rate": -1.64,
            "research_to_sale_ratio": null,
            "price_fair": 107.29,
            "eps_avg_yearly": 3.07,
            "eps_latest_yearly": 3.2,
            "eps_growth_yearly": 41.75
        },
        "20044": {
            "year_quarter": 20044,
            "year": 2004,
            "quarter": 4,
            "eps": 0.82,
            "eps_growth_year": -8.89,
            "eps_4q": 4.01,
            "eps_4q_growth_year": 25.23,
            "roe": 4.75,
            "roe_4q": 23.8,
            "gross_profit": 181298,
            "gross_margin": 17.39,
            "gross_margin_4q_avg": 18.53,
            "net_income": 62260,
            "revenue": 1042417,
            "common_shares": 762300,
            "book_valuer_per_share": 17.42,
            "book_valuer_per_share_4q_avg": 16.95,
            "equity": 1327610,
            "current_ratio": 112.98,
            "debt_ratio": 55.04,
            "inventory_turnover_ratio": 2.03,
            "account_receivable_turnover_ratio": null,
            "reinvestment_rate": 34.13,
            "research_to_sale_ratio": null,
            "price_fair": 107.92,
            "eps_avg_yearly": 3.08,
            "eps_latest_yearly": 3.28,
            "eps_growth_yearly": 39.1
        },
        "20051": {
            "year_quarter": 20051,
            "year": 2005,
            "quarter": 1,
            "eps": 0.91,
            "eps_growth_year": -16.51,
            "eps_4q": 3.81,
            "eps_4q_growth_year": 11.02,
            "roe": 5.03,
            "roe_4q": 22.310000000000002,
            "gross_profit": 160524,
            "gross_margin": 16.01,
            "gross_margin_4q_avg": 16.98,
            "net_income": 69458,
            "revenue": 1002379,
            "common_shares": 762300,
            "book_valuer_per_share": 18.81,
            "book_valuer_per_share_4q_avg": 17.33,
            "equity": 1433869,
            "current_ratio": 126.12,
            "debt_ratio": 46.34,
            "inventory_turnover_ratio": 2.2,
            "account_receivable_turnover_ratio": null,
            "reinvestment_rate": 9.69,
            "research_to_sale_ratio": null,
            "price_fair": 109.42,
            "eps_avg_yearly": 3.13,
            "eps_latest_yearly": 3.64,
            "eps_growth_yearly": 39.47
        },
        "20052": {
            "year_quarter": 20052,
            "year": 2005,
            "quarter": 2,
            "eps": 0.92,
            "eps_growth_year": -28.12,
            "eps_4q": 3.45,
            "eps_4q_growth_year": -10.68,
            "roe": 5.24,
            "roe_4q": 19.86,
            "gross_profit": 161804,
            "gross_margin": 16.88,
            "gross_margin_4q_avg": 16.6,
            "net_income": 69977,
            "revenue": 958760,
            "common_shares": 762300,
            "book_valuer_per_share": 16.21,
            "book_valuer_per_share_4q_avg": 17.35,
            "equity": 1235353,
            "current_ratio": 112.06,
            "debt_ratio": 56.79,
            "inventory_turnover_ratio": 2.41,
            "account_receivable_turnover_ratio": null,
            "reinvestment_rate": 6.55,
            "research_to_sale_ratio": null,
            "price_fair": 110.8,
            "eps_avg_yearly": 3.17,
            "eps_latest_yearly": 3.68,
            "eps_growth_yearly": 36.97
        },
        "20053": {
            "year_quarter": 20053,
            "year": 2005,
            "quarter": 3,
            "eps": 0.62,
            "eps_growth_year": -22.5,
            "eps_4q": 3.26,
            "eps_4q_growth_year": -19.8,
            "roe": 3.74,
            "roe_4q": 18.76,
            "gross_profit": 152151,
            "gross_margin": 15.74,
            "gross_margin_4q_avg": 16.51,
            "net_income": 47292,
            "revenue": 966755,
            "common_shares": 762300,
            "book_valuer_per_share": 16.96,
            "book_valuer_per_share_4q_avg": 17.35,
            "equity": 1293113,
            "current_ratio": 115.76,
            "debt_ratio": 52.32,
            "inventory_turnover_ratio": 2.14,
            "account_receivable_turnover_ratio": null,
            "reinvestment_rate": 5.51,
            "research_to_sale_ratio": null,
            "price_fair": 109.2,
            "eps_avg_yearly": 3.12,
            "eps_latest_yearly": 2.48,
            "eps_growth_yearly": 25.81
        },
        "20054": {
            "year_quarter": 20054,
            "year": 2005,
            "quarter": 4,
            "eps": 0.57,
            "eps_growth_year": -30.49,
            "eps_4q": 3.01,
            "eps_4q_growth_year": -25.05,
            "roe": 3.32,
            "roe_4q": 17.330000000000002,
            "gross_profit": 149066,
            "gross_margin": 13.71,
            "gross_margin_4q_avg": 15.59,
            "net_income": 43665,
            "revenue": 1087131,
            "common_shares": 762300,
            "book_valuer_per_share": 17.57,
            "book_valuer_per_share_4q_avg": 17.39,
            "equity": 1339649,
            "current_ratio": 131.32,
            "debt_ratio": 50.86,
            "inventory_turnover_ratio": 2.53,
            "account_receivable_turnover_ratio": null,
            "reinvestment_rate": 4.07,
            "research_to_sale_ratio": null,
            "price_fair": 98.71,
            "eps_avg_yearly": 3.07,
            "eps_latest_yearly": 2.28,
            "eps_growth_yearly": 22.18
        },
        "20061": {
            "year_quarter": 20061,
            "year": 2006,
            "quarter": 1,
            "eps": 0.66,
            "eps_growth_year": -27.47,
            "eps_4q": 2.76,
            "eps_4q_growth_year": -27.58,
            "roe": 3.71,
            "roe_4q": 16.009999999999998,
            "gross_profit": 152078,
            "gross_margin": 16.81,
            "gross_margin_4q_avg": 15.79,
            "net_income": 50616,
            "revenue": 904796,
            "common_shares": 762300,
            "book_valuer_per_share": 18.25,
            "book_valuer_per_share_4q_avg": 17.25,
            "equity": 1391573,
            "current_ratio": 131.86,
            "debt_ratio": 48.21,
            "inventory_turnover_ratio": 2.02,
            "account_receivable_turnover_ratio": null,
            "reinvestment_rate": 2.96,
            "research_to_sale_ratio": null,
            "price_fair": 110.16,
            "eps_avg_yearly": 3.15,
            "eps_latest_yearly": 2.64,
            "eps_growth_yearly": 35.39
        },
        "20062": {
            "year_quarter": 20062,
            "year": 2006,
            "quarter": 2,
            "eps": 0.64,
            "eps_growth_year": -30.43,
            "eps_4q": 2.49,
            "eps_4q_growth_year": -28.06,
            "roe": 3.72,
            "roe_4q": 14.49,
            "gross_profit": 148294,
            "gross_margin": 16.89,
            "gross_margin_4q_avg": 15.79,
            "net_income": 49100,
            "revenue": 877919,
            "common_shares": 762300,
            "book_valuer_per_share": 16.35,
            "book_valuer_per_share_4q_avg": 17.28,
            "equity": 1246707,
            "current_ratio": 114.63,
            "debt_ratio": 54.51,
            "inventory_turnover_ratio": 1.64,
            "account_receivable_turnover_ratio": null,
            "reinvestment_rate": 4.42,
            "research_to_sale_ratio": null,
            "price_fair": 68.67,
            "eps_avg_yearly": 3.15,
            "eps_latest_yearly": 2.56,
            "eps_growth_yearly": 11.83
        },
        "20063": {
            "year_quarter": 20063,
            "year": 2006,
            "quarter": 3,
            "eps": 0.07,
            "eps_growth_year": -88.71,
            "eps_4q": 1.9,
            "eps_4q_growth_year": -41.94,
            "roe": 0.44,
            "roe_4q": 11.19,
            "gross_profit": 88453,
            "gross_margin": 11.91,
            "gross_margin_4q_avg": 14.83,
            "net_income": 5499,
            "revenue": 742750,
            "common_shares": 762300,
            "book_valuer_per_share": 16.45,
            "book_valuer_per_share_4q_avg": 17.16,
            "equity": 1254219,
            "current_ratio": 118.91,
            "debt_ratio": 51.61,
            "inventory_turnover_ratio": 1.34,
            "account_receivable_turnover_ratio": null,
            "reinvestment_rate": 10.16,
            "research_to_sale_ratio": null,
            "price_fair": 9.13,
            "eps_avg_yearly": 3.04,
            "eps_latest_yearly": 0.28,
            "eps_growth_yearly": -3.89
        },
        "20064": {
            "year_quarter": 20064,
            "year": 2006,
            "quarter": 4,
            "eps": 0.19,
            "eps_growth_year": -66.67,
            "eps_4q": 1.57,
            "eps_4q_growth_year": -47.83,
            "roe": 1.15,
            "roe_4q": 9.02,
            "gross_profit": 73309,
            "gross_margin": 9.31,
            "gross_margin_4q_avg": 13.73,
            "net_income": 14497,
            "revenue": 787354,
            "common_shares": 762300,
            "book_valuer_per_share": 16.53,
            "book_valuer_per_share_4q_avg": 16.9,
            "equity": 1260136,
            "current_ratio": 129.36,
            "debt_ratio": 50.12,
            "inventory_turnover_ratio": 1.59,
            "account_receivable_turnover_ratio": null,
            "reinvestment_rate": -9.43,
            "research_to_sale_ratio": null,
            "price_fair": 102.99,
            "eps_avg_yearly": 2.94,
            "eps_latest_yearly": 0.76,
            "eps_growth_yearly": 33.23
        },
        "20071": {
            "year_quarter": 20071,
            "year": 2007,
            "quarter": 1,
            "eps": 0.31,
            "eps_growth_year": -53.03,
            "eps_4q": 1.21,
            "eps_4q_growth_year": -56.05,
            "roe": 1.86,
            "roe_4q": 7.17,
            "gross_profit": 86809,
            "gross_margin": 12.84,
            "gross_margin_4q_avg": 12.74,
            "net_income": 23740,
            "revenue": 676135,
            "common_shares": 762300,
            "book_valuer_per_share": 16.88,
            "book_valuer_per_share_4q_avg": 16.55,
            "equity": 1286735,
            "current_ratio": 139.23,
            "debt_ratio": 46.51,
            "inventory_turnover_ratio": 1.42,
            "account_receivable_turnover_ratio": null,
            "reinvestment_rate": 7.67,
            "research_to_sale_ratio": null,
            "price_fair": 98.35,
            "eps_avg_yearly": 2.81,
            "eps_latest_yearly": 1.24,
            "eps_growth_yearly": 38.43
        },
        "20072": {
            "year_quarter": 20072,
            "year": 2007,
            "quarter": 2,
            "eps": 0.64,
            "eps_growth_year": 0,
            "eps_4q": 1.21,
            "eps_4q_growth_year": -51.12,
            "roe": 3.86,
            "roe_4q": 7.31,
            "gross_profit": 126839,
            "gross_margin": 14.51,
            "gross_margin_4q_avg": 12.14,
            "net_income": 48685,
            "revenue": 873877,
            "common_shares": 762300,
            "book_valuer_per_share": 16.22,
            "book_valuer_per_share_4q_avg": 16.52,
            "equity": 1236204,
            "current_ratio": 124.85,
            "debt_ratio": 51.89,
            "inventory_turnover_ratio": 1.85,
            "account_receivable_turnover_ratio": null,
            "reinvestment_rate": 9.62,
            "research_to_sale_ratio": null,
            "price_fair": 96.51,
            "eps_avg_yearly": 2.76,
            "eps_latest_yearly": 2.56,
            "eps_growth_yearly": 64.75
        },
        "20073": {
            "year_quarter": 20073,
            "year": 2007,
            "quarter": 3,
            "eps": 0.49,
            "eps_growth_year": 600,
            "eps_4q": 1.63,
            "eps_4q_growth_year": -13.94,
            "roe": 2.97,
            "roe_4q": 9.84,
            "gross_profit": 124599,
            "gross_margin": 15.49,
            "gross_margin_4q_avg": 13.04,
            "net_income": 37328,
            "revenue": 804127,
            "common_shares": 762300,
            "book_valuer_per_share": 16.72,
            "book_valuer_per_share_4q_avg": 16.59,
            "equity": 1274237,
            "current_ratio": 120.17,
            "debt_ratio": 49.24,
            "inventory_turnover_ratio": 1.58,
            "account_receivable_turnover_ratio": null,
            "reinvestment_rate": 7.71,
            "research_to_sale_ratio": null,
            "price_fair": 95.46,
            "eps_avg_yearly": 2.73,
            "eps_latest_yearly": 1.96,
            "eps_growth_yearly": 65.95
        },
        "20074": {
            "year_quarter": 20074,
            "year": 2007,
            "quarter": 4,
            "eps": 0.45,
            "eps_growth_year": 136.84,
            "eps_4q": 1.89,
            "eps_4q_growth_year": 20.16,
            "roe": 2.66,
            "roe_4q": 11.35,
            "gross_profit": 130885,
            "gross_margin": 12.41,
            "gross_margin_4q_avg": 13.81,
            "net_income": 34410,
            "revenue": 1054275,
            "common_shares": 762300,
            "book_valuer_per_share": 17.2,
            "book_valuer_per_share_4q_avg": 16.76,
            "equity": 1311250,
            "current_ratio": 123.4,
            "debt_ratio": 47.2,
            "inventory_turnover_ratio": 2.27,
            "account_receivable_turnover_ratio": null,
            "reinvestment_rate": -27.97,
            "research_to_sale_ratio": null,
            "price_fair": 91.53,
            "eps_avg_yearly": 2.62,
            "eps_latest_yearly": 1.8,
            "eps_growth_yearly": 52.02
        },
        "20081": {
            "year_quarter": 20081,
            "year": 2008,
            "quarter": 1,
            "eps": 0.28,
            "eps_growth_year": -9.68,
            "eps_4q": 1.89,
            "eps_4q_growth_year": 55.5,
            "roe": 1.59,
            "roe_4q": 11.08,
            "gross_profit": 75972,
            "gross_margin": 9.54,
            "gross_margin_4q_avg": 12.99,
            "net_income": 21007,
            "revenue": 796767,
            "common_shares": 762300,
            "book_valuer_per_share": 17.42,
            "book_valuer_per_share_4q_avg": 16.89,
            "equity": 1327883,
            "current_ratio": 137.04,
            "debt_ratio": 44.23,
            "inventory_turnover_ratio": 2.03,
            "account_receivable_turnover_ratio": null,
            "reinvestment_rate": 3,
            "research_to_sale_ratio": null,
            "price_fair": 84.44,
            "eps_avg_yearly": 2.41,
            "eps_latest_yearly": 1.12,
            "eps_growth_yearly": 37.3
        },
        "20082": {
            "year_quarter": 20082,
            "year": 2008,
            "quarter": 2,
            "eps": 0.3,
            "eps_growth_year": -53.12,
            "eps_4q": 1.54,
            "eps_4q_growth_year": 26.47,
            "roe": 1.75,
            "roe_4q": 8.97,
            "gross_profit": 87039,
            "gross_margin": 11.62,
            "gross_margin_4q_avg": 12.27,
            "net_income": 22502,
            "revenue": 749315,
            "common_shares": 762300,
            "book_valuer_per_share": 16.23,
            "book_valuer_per_share_4q_avg": 16.89,
            "equity": 1236858,
            "current_ratio": 118.79,
            "debt_ratio": 49.74,
            "inventory_turnover_ratio": 1.75,
            "account_receivable_turnover_ratio": null,
            "reinvestment_rate": -1.46,
            "research_to_sale_ratio": null,
            "price_fair": 75.86,
            "eps_avg_yearly": 2.17,
            "eps_latest_yearly": 1.2,
            "eps_growth_yearly": 34.73
        },
        "20083": {
            "year_quarter": 20083,
            "year": 2008,
            "quarter": 3,
            "eps": 0.13,
            "eps_growth_year": -73.47,
            "eps_4q": 1.16,
            "eps_4q_growth_year": -28.73,
            "roe": 0.79,
            "roe_4q": 6.79,
            "gross_profit": 77802,
            "gross_margin": 11.49,
            "gross_margin_4q_avg": 11.27,
            "net_income": 9811,
            "revenue": 677141,
            "common_shares": 762300,
            "book_valuer_per_share": 16.48,
            "book_valuer_per_share_4q_avg": 16.83,
            "equity": 1256485,
            "current_ratio": 123.28,
            "debt_ratio": 47.53,
            "inventory_turnover_ratio": 1.43,
            "account_receivable_turnover_ratio": null,
            "reinvestment_rate": -4.65,
            "research_to_sale_ratio": null,
            "price_fair": 70,
            "eps_avg_yearly": 2,
            "eps_latest_yearly": 0.52,
            "eps_growth_yearly": 29.93
        },
        "20084": {
            "year_quarter": 20084,
            "year": 2008,
            "quarter": 4,
            "eps": 0.04,
            "eps_growth_year": -91.11,
            "eps_4q": 0.76,
            "eps_4q_growth_year": -59.72,
            "roe": 0.24,
            "roe_4q": 4.37,
            "gross_profit": 72641,
            "gross_margin": 11.17,
            "gross_margin_4q_avg": 10.96,
            "net_income": 2965,
            "revenue": 650060,
            "common_shares": 762300,
            "book_valuer_per_share": 16.52,
            "book_valuer_per_share_4q_avg": 16.66,
            "equity": 1259333,
            "current_ratio": 127.62,
            "debt_ratio": 48.36,
            "inventory_turnover_ratio": 1.22,
            "account_receivable_turnover_ratio": 3.01,
            "reinvestment_rate": -62.28,
            "research_to_sale_ratio": null,
            "price_fair": 39.71,
            "eps_avg_yearly": 1.81,
            "eps_latest_yearly": 0.16,
            "eps_growth_yearly": 12
        },
        "20091": {
            "year_quarter": 20091,
            "year": 2009,
            "quarter": 1,
            "eps": 0.51,
            "eps_growth_year": 82.14,
            "eps_4q": 0.98,
            "eps_4q_growth_year": -48.19,
            "roe": 3.01,
            "roe_4q": 5.79,
            "gross_profit": 108256,
            "gross_margin": 16.81,
            "gross_margin_4q_avg": 12.77,
            "net_income": 38547,
            "revenue": 644119,
            "common_shares": 762300,
            "book_valuer_per_share": 17.11,
            "book_valuer_per_share_4q_avg": 16.59,
            "equity": 1303988,
            "current_ratio": 138.07,
            "debt_ratio": 44.47,
            "inventory_turnover_ratio": 1.16,
            "account_receivable_turnover_ratio": 1.45,
            "reinvestment_rate": -35.34,
            "research_to_sale_ratio": null,
            "price_fair": 59.68,
            "eps_avg_yearly": 1.71,
            "eps_latest_yearly": 2.04,
            "eps_growth_yearly": 303.01
        },
        "20092": {
            "year_quarter": 20092,
            "year": 2009,
            "quarter": 2,
            "eps": 0.55,
            "eps_growth_year": 83.33,
            "eps_4q": 1.22,
            "eps_4q_growth_year": -20.47,
            "roe": 3.27,
            "roe_4q": 7.31,
            "gross_profit": 96823,
            "gross_margin": 14.58,
            "gross_margin_4q_avg": 13.51,
            "net_income": 42008,
            "revenue": 664041,
            "common_shares": 762300,
            "book_valuer_per_share": 16.59,
            "book_valuer_per_share_4q_avg": 16.68,
            "equity": 1264583,
            "current_ratio": 129.53,
            "debt_ratio": 45.79,
            "inventory_turnover_ratio": 1.39,
            "account_receivable_turnover_ratio": 1.49,
            "reinvestment_rate": -39.87,
            "research_to_sale_ratio": null,
            "price_fair": 56.44,
            "eps_avg_yearly": 1.61,
            "eps_latest_yearly": 2.2,
            "eps_growth_yearly": 304.69
        },
        "20093": {
            "year_quarter": 20093,
            "year": 2009,
            "quarter": 3,
            "eps": 0.92,
            "eps_growth_year": 607.69,
            "eps_4q": 2.02,
            "eps_4q_growth_year": 73.82,
            "roe": 5.38,
            "roe_4q": 11.9,
            "gross_profit": 129258,
            "gross_margin": 16.64,
            "gross_margin_4q_avg": 14.8,
            "net_income": 69813,
            "revenue": 776745,
            "common_shares": 762300,
            "book_valuer_per_share": 17.46,
            "book_valuer_per_share_4q_avg": 16.92,
            "equity": 1330860,
            "current_ratio": 135.55,
            "debt_ratio": 47.67,
            "inventory_turnover_ratio": 1.6,
            "account_receivable_turnover_ratio": 1.69,
            "reinvestment_rate": -38.49,
            "research_to_sale_ratio": null,
            "price_fair": 59.06,
            "eps_avg_yearly": 1.69,
            "eps_latest_yearly": 3.68,
            "eps_growth_yearly": 329.66
        },
        "20094": {
            "year_quarter": 20094,
            "year": 2009,
            "quarter": 4,
            "eps": 1.39,
            "eps_growth_year": 3375,
            "eps_4q": 3.36,
            "eps_4q_growth_year": 342.66,
            "roe": 7.72,
            "roe_4q": 19.380000000000003,
            "gross_profit": 186219,
            "gross_margin": 18.33,
            "gross_margin_4q_avg": 16.59,
            "net_income": 105858,
            "revenue": 1015939,
            "common_shares": 762300,
            "book_valuer_per_share": 18.53,
            "book_valuer_per_share_4q_avg": 17.42,
            "equity": 1412899,
            "current_ratio": 138.81,
            "debt_ratio": 48.95,
            "inventory_turnover_ratio": 1.99,
            "account_receivable_turnover_ratio": 3.13,
            "reinvestment_rate": 2.92,
            "research_to_sale_ratio": null,
            "price_fair": 66.24,
            "eps_avg_yearly": 1.89,
            "eps_latest_yearly": 5.56,
            "eps_growth_yearly": 344.45
        },
        "20101": {
            "year_quarter": 20101,
            "year": 2010,
            "quarter": 1,
            "eps": 1.5,
            "eps_growth_year": 194.12,
            "eps_4q": 4.35,
            "eps_4q_growth_year": 345.86,
            "roe": 7.78,
            "roe_4q": 24.15,
            "gross_profit": 205827,
            "gross_margin": 20.41,
            "gross_margin_4q_avg": 17.49,
            "net_income": 114296,
            "revenue": 1008284,
            "common_shares": 762300,
            "book_valuer_per_share": 20.02,
            "book_valuer_per_share_4q_avg": 18.15,
            "equity": 1525971,
            "current_ratio": 151.86,
            "debt_ratio": 41.38,
            "inventory_turnover_ratio": 2.01,
            "account_receivable_turnover_ratio": 1.66,
            "reinvestment_rate": 2.84,
            "research_to_sale_ratio": 2.75,
            "price_fair": 73.59,
            "eps_avg_yearly": 2.1,
            "eps_latest_yearly": 6,
            "eps_growth_yearly": 342.48
        },
        "20102": {
            "year_quarter": 20102,
            "year": 2010,
            "quarter": 2,
            "eps": 1.06,
            "eps_growth_year": 92.79,
            "eps_4q": 4.86,
            "eps_4q_growth_year": 298.07,
            "roe": 5.56,
            "roe_4q": 26.439999999999998,
            "gross_profit": 150164,
            "gross_margin": 17.15,
            "gross_margin_4q_avg": 18.13,
            "net_income": 80832,
            "revenue": 875435,
            "common_shares": 762300,
            "book_valuer_per_share": 18.13,
            "book_valuer_per_share_4q_avg": 18.54,
            "equity": 1382291,
            "current_ratio": 127.39,
            "debt_ratio": 50.81,
            "inventory_turnover_ratio": 1.78,
            "account_receivable_turnover_ratio": 1.5,
            "reinvestment_rate": 3.24,
            "research_to_sale_ratio": 3.27,
            "price_fair": 77.26,
            "eps_avg_yearly": 2.21,
            "eps_latest_yearly": 4.24,
            "eps_growth_yearly": 335.91
        },
        "20103": {
            "year_quarter": 20103,
            "year": 2010,
            "quarter": 3,
            "eps": 1.16,
            "eps_growth_year": 25.57,
            "eps_4q": 5.1,
            "eps_4q_growth_year": 152.58,
            "roe": 6.18,
            "roe_4q": 27.24,
            "gross_profit": 192025,
            "gross_margin": 19.45,
            "gross_margin_4q_avg": 18.84,
            "net_income": 88066,
            "revenue": 987421,
            "common_shares": 762300,
            "book_valuer_per_share": 19.24,
            "book_valuer_per_share_4q_avg": 18.98,
            "equity": 1466799,
            "current_ratio": 138.98,
            "debt_ratio": 48.3,
            "inventory_turnover_ratio": 1.9,
            "account_receivable_turnover_ratio": 1.6,
            "reinvestment_rate": 1.83,
            "research_to_sale_ratio": 2.73,
            "price_fair": 86.8,
            "eps_avg_yearly": 2.48,
            "eps_latest_yearly": 4.64,
            "eps_growth_yearly": 360.53
        },
        "20104": {
            "year_quarter": 20104,
            "year": 2010,
            "quarter": 4,
            "eps": 1.29,
            "eps_growth_year": -7.25,
            "eps_4q": 5,
            "eps_4q_growth_year": 48.88,
            "roe": 6.49,
            "roe_4q": 26.01,
            "gross_profit": 192331,
            "gross_margin": 19.23,
            "gross_margin_4q_avg": 19.06,
            "net_income": 98274,
            "revenue": 1000252,
            "common_shares": 762300,
            "book_valuer_per_share": 20.49,
            "book_valuer_per_share_4q_avg": 19.47,
            "equity": 1561617,
            "current_ratio": 142.57,
            "debt_ratio": 47.81,
            "inventory_turnover_ratio": 1.86,
            "account_receivable_turnover_ratio": 1.54,
            "reinvestment_rate": 3.07,
            "research_to_sale_ratio": 3.11,
            "price_fair": 96.43,
            "eps_avg_yearly": 2.76,
            "eps_latest_yearly": 5.16,
            "eps_growth_yearly": 320.48
        },
        "20111": {
            "year_quarter": 20111,
            "year": 2011,
            "quarter": 1,
            "eps": 1.41,
            "eps_growth_year": -6,
            "eps_4q": 4.91,
            "eps_4q_growth_year": 12.84,
            "roe": 6.64,
            "roe_4q": 24.869999999999997,
            "gross_profit": 199009,
            "gross_margin": 18.14,
            "gross_margin_4q_avg": 18.49,
            "net_income": 107432,
            "revenue": 1097374,
            "common_shares": 762300,
            "book_valuer_per_share": 21.94,
            "book_valuer_per_share_4q_avg": 19.95,
            "equity": 1672688,
            "current_ratio": 155.04,
            "debt_ratio": 44.09,
            "inventory_turnover_ratio": 1.99,
            "account_receivable_turnover_ratio": 1.65,
            "reinvestment_rate": 7.35,
            "research_to_sale_ratio": 2.48,
            "price_fair": 106.05,
            "eps_avg_yearly": 3.03,
            "eps_latest_yearly": 5.64,
            "eps_growth_yearly": 307.01
        },
        "20112": {
            "year_quarter": 20112,
            "year": 2011,
            "quarter": 2,
            "eps": 0.54,
            "eps_growth_year": -49.06,
            "eps_4q": 4.39,
            "eps_4q_growth_year": -9.67,
            "roe": 2.67,
            "roe_4q": 21.979999999999997,
            "gross_profit": 129218,
            "gross_margin": 15.31,
            "gross_margin_4q_avg": 18.03,
            "net_income": 41172,
            "revenue": 843897,
            "common_shares": 762300,
            "book_valuer_per_share": 18.45,
            "book_valuer_per_share_4q_avg": 20.03,
            "equity": 1406386,
            "current_ratio": 130.89,
            "debt_ratio": 51.6,
            "inventory_turnover_ratio": 1.5,
            "account_receivable_turnover_ratio": 1.36,
            "reinvestment_rate": 2.16,
            "research_to_sale_ratio": 3.4,
            "price_fair": 105.18,
            "eps_avg_yearly": 3.01,
            "eps_latest_yearly": 2.16,
            "eps_growth_yearly": 264.97
        },
        "20113": {
            "year_quarter": 20113,
            "year": 2011,
            "quarter": 3,
            "eps": 1.05,
            "eps_growth_year": -9.03,
            "eps_4q": 4.29,
            "eps_4q_growth_year": -15.95,
            "roe": 5.5,
            "roe_4q": 21.299999999999997,
            "gross_profit": 185576,
            "gross_margin": 16.44,
            "gross_margin_4q_avg": 17.28,
            "net_income": 80114,
            "revenue": 1128537,
            "common_shares": 762300,
            "book_valuer_per_share": 19.75,
            "book_valuer_per_share_4q_avg": 20.16,
            "equity": 1505384,
            "current_ratio": 142.33,
            "debt_ratio": 45.88,
            "inventory_turnover_ratio": 1.89,
            "account_receivable_turnover_ratio": 1.62,
            "reinvestment_rate": 6.18,
            "research_to_sale_ratio": 2.38,
            "price_fair": 110.08,
            "eps_avg_yearly": 3.15,
            "eps_latest_yearly": 4.2,
            "eps_growth_yearly": 294.44
        },
        "20114": {
            "year_quarter": 20114,
            "year": 2011,
            "quarter": 4,
            "eps": 1.27,
            "eps_growth_year": -1.82,
            "eps_4q": 4.27,
            "eps_4q_growth_year": -14.75,
            "roe": 6.06,
            "roe_4q": 20.869999999999997,
            "gross_profit": 188473,
            "gross_margin": 16.9,
            "gross_margin_4q_avg": 16.7,
            "net_income": 96490,
            "revenue": 1115396,
            "common_shares": 762300,
            "book_valuer_per_share": 22.03,
            "book_valuer_per_share_4q_avg": 20.54,
            "equity": 1679209,
            "current_ratio": 154.34,
            "debt_ratio": 42.37,
            "inventory_turnover_ratio": 1.78,
            "account_receivable_turnover_ratio": 1.38,
            "reinvestment_rate": 16.56,
            "research_to_sale_ratio": 2.38,
            "price_fair": 117.25,
            "eps_avg_yearly": 3.35,
            "eps_latest_yearly": 5.08,
            "eps_growth_yearly": 301.72
        },
        "20121": {
            "year_quarter": 20121,
            "year": 2012,
            "quarter": 1,
            "eps": 0.95,
            "eps_growth_year": -32.62,
            "eps_4q": 3.8,
            "eps_4q_growth_year": -22.61,
            "roe": 4.21,
            "roe_4q": 18.439999999999998,
            "gross_profit": 166165,
            "gross_margin": 16.17,
            "gross_margin_4q_avg": 16.21,
            "net_income": 72147,
            "revenue": 1027688,
            "common_shares": 762300,
            "book_valuer_per_share": 22.9,
            "book_valuer_per_share_4q_avg": 20.78,
            "equity": 1745874,
            "current_ratio": 176.19,
            "debt_ratio": 37.52,
            "inventory_turnover_ratio": 1.6,
            "account_receivable_turnover_ratio": 1.32,
            "reinvestment_rate": 15.04,
            "research_to_sale_ratio": 2.57,
            "price_fair": 123.11,
            "eps_avg_yearly": 3.52,
            "eps_latest_yearly": 3.8,
            "eps_growth_yearly": 304.87
        },
        "20122": {
            "year_quarter": 20122,
            "year": 2012,
            "quarter": 2,
            "eps": 1.15,
            "eps_growth_year": 112.08,
            "eps_4q": 4.41,
            "eps_4q_growth_year": 0.34,
            "roe": 5.33,
            "roe_4q": 21.099999999999998,
            "gross_profit": 177282,
            "gross_margin": 15.64,
            "gross_margin_4q_avg": 16.29,
            "net_income": 87318,
            "revenue": 1133420,
            "common_shares": 762300,
            "book_valuer_per_share": 20.07,
            "book_valuer_per_share_4q_avg": 21.19,
            "equity": 1529884,
            "current_ratio": 138.05,
            "debt_ratio": 48.75,
            "inventory_turnover_ratio": 2.01,
            "account_receivable_turnover_ratio": 1.29,
            "reinvestment_rate": 12.25,
            "research_to_sale_ratio": 2.41,
            "price_fair": 130.55,
            "eps_avg_yearly": 3.73,
            "eps_latest_yearly": 4.6,
            "eps_growth_yearly": 308.34
        },
        "20123": {
            "year_quarter": 20123,
            "year": 2012,
            "quarter": 3,
            "eps": 0.63,
            "eps_growth_year": -39.81,
            "eps_4q": 3.99,
            "eps_4q_growth_year": -6.98,
            "roe": 3.11,
            "roe_4q": 18.709999999999997,
            "gross_profit": 146492,
            "gross_margin": 15.32,
            "gross_margin_4q_avg": 16.01,
            "net_income": 48219,
            "revenue": 956341,
            "common_shares": 762300,
            "book_valuer_per_share": 20.64,
            "book_valuer_per_share_4q_avg": 21.41,
            "equity": 1573351,
            "current_ratio": 150.24,
            "debt_ratio": 44.45,
            "inventory_turnover_ratio": 1.69,
            "account_receivable_turnover_ratio": 1.05,
            "reinvestment_rate": 11.67,
            "research_to_sale_ratio": 2.91,
            "price_fair": 134.93,
            "eps_avg_yearly": 3.86,
            "eps_latest_yearly": 2.52,
            "eps_growth_yearly": 311.21
        },
        "20124": {
            "year_quarter": 20124,
            "year": 2012,
            "quarter": 4,
            "eps": 0.94,
            "eps_growth_year": -26.03,
            "eps_4q": 3.66,
            "eps_4q_growth_year": -14.19,
            "roe": 4.44,
            "roe_4q": 17.09,
            "gross_profit": 170384,
            "gross_margin": 15.45,
            "gross_margin_4q_avg": 15.65,
            "net_income": 71374,
            "revenue": 1102751,
            "common_shares": 762300,
            "book_valuer_per_share": 21.54,
            "book_valuer_per_share_4q_avg": 21.29,
            "equity": 1642110,
            "current_ratio": 157.77,
            "debt_ratio": 42.03,
            "inventory_turnover_ratio": 1.88,
            "account_receivable_turnover_ratio": 1.37,
            "reinvestment_rate": 14.99,
            "research_to_sale_ratio": 2.92,
            "price_fair": 142.8,
            "eps_avg_yearly": 4.08,
            "eps_latest_yearly": 3.76,
            "eps_growth_yearly": 340.82
        },
        "20131": {
            "year_quarter": 20131,
            "year": 2013,
            "quarter": 1,
            "eps": 0.71,
            "eps_growth_year": -25.26,
            "eps_4q": 3.43,
            "eps_4q_growth_year": -9.88,
            "roe": 3.32,
            "roe_4q": 16.2,
            "gross_profit": 132311,
            "gross_margin": 13.79,
            "gross_margin_4q_avg": 15.05,
            "net_income": 54379,
            "revenue": 959797,
            "common_shares": 762300,
            "book_valuer_per_share": 21.43,
            "book_valuer_per_share_4q_avg": 20.92,
            "equity": 1633971,
            "current_ratio": 156.56,
            "debt_ratio": 43.82,
            "inventory_turnover_ratio": 1.73,
            "account_receivable_turnover_ratio": 1.28,
            "reinvestment_rate": 22,
            "research_to_sale_ratio": 2.93,
            "price_fair": 144.55,
            "eps_avg_yearly": 4.13,
            "eps_latest_yearly": 2.84,
            "eps_growth_yearly": 40.95
        },
        "20132": {
            "year_quarter": 20132,
            "year": 2013,
            "quarter": 2,
            "eps": 0.81,
            "eps_growth_year": -29.29,
            "eps_4q": 3.09,
            "eps_4q_growth_year": -29.91,
            "roe": 4.02,
            "roe_4q": 14.89,
            "gross_profit": 147048,
            "gross_margin": 16.3,
            "gross_margin_4q_avg": 15.22,
            "net_income": 61594,
            "revenue": 902413,
            "common_shares": 762300,
            "book_valuer_per_share": 18.81,
            "book_valuer_per_share_4q_avg": 20.61,
            "equity": 1433807,
            "current_ratio": 126.99,
            "debt_ratio": 52.9,
            "inventory_turnover_ratio": 1.52,
            "account_receivable_turnover_ratio": 1.23,
            "reinvestment_rate": 25.47,
            "research_to_sale_ratio": 3.25,
            "price_fair": 146.83,
            "eps_avg_yearly": 4.2,
            "eps_latest_yearly": 3.24,
            "eps_growth_yearly": 42.51
        },
        "20133": {
            "year_quarter": 20133,
            "year": 2013,
            "quarter": 3,
            "eps": 0.98,
            "eps_growth_year": 54.93,
            "eps_4q": 3.44,
            "eps_4q_growth_year": -13.89,
            "roe": 5.07,
            "roe_4q": 16.85,
            "gross_profit": 167417,
            "gross_margin": 15.88,
            "gross_margin_4q_avg": 15.36,
            "net_income": 74575,
            "revenue": 1054204,
            "common_shares": 762300,
            "book_valuer_per_share": 19.75,
            "book_valuer_per_share_4q_avg": 20.38,
            "equity": 1505896,
            "current_ratio": 136.16,
            "debt_ratio": 48.42,
            "inventory_turnover_ratio": 1.79,
            "account_receivable_turnover_ratio": 1.38,
            "reinvestment_rate": 25.82,
            "research_to_sale_ratio": 3.42,
            "price_fair": 147.35,
            "eps_avg_yearly": 4.21,
            "eps_latest_yearly": 3.92,
            "eps_growth_yearly": 30.94
        },
        "20134": {
            "year_quarter": 20134,
            "year": 2013,
            "quarter": 4,
            "eps": 1.52,
            "eps_growth_year": 62.29,
            "eps_4q": 4.02,
            "eps_4q_growth_year": 9.79,
            "roe": 7.46,
            "roe_4q": 19.87,
            "gross_profit": 226544,
            "gross_margin": 17.6,
            "gross_margin_4q_avg": 15.89,
            "net_income": 115832,
            "revenue": 1287202,
            "common_shares": 762300,
            "book_valuer_per_share": 20.98,
            "book_valuer_per_share_4q_avg": 20.24,
            "equity": 1599259,
            "current_ratio": 140.67,
            "debt_ratio": 49.81,
            "inventory_turnover_ratio": 2.06,
            "account_receivable_turnover_ratio": 1.51,
            "reinvestment_rate": 13.56,
            "research_to_sale_ratio": 2.91,
            "price_fair": 148.49,
            "eps_avg_yearly": 4.24,
            "eps_latest_yearly": 6.08,
            "eps_growth_yearly": 31.94
        },
        "20141": {
            "year_quarter": 20141,
            "year": 2014,
            "quarter": 1,
            "eps": 1.35,
            "eps_growth_year": 90.14,
            "eps_4q": 4.65,
            "eps_4q_growth_year": 35.69,
            "roe": 6.21,
            "roe_4q": 22.76,
            "gross_profit": 229206,
            "gross_margin": 19.58,
            "gross_margin_4q_avg": 17.34,
            "net_income": 102545,
            "revenue": 1170798,
            "common_shares": 762300,
            "book_valuer_per_share": 22.35,
            "book_valuer_per_share_4q_avg": 20.47,
            "equity": 1703379,
            "current_ratio": 147,
            "debt_ratio": 48.19,
            "inventory_turnover_ratio": 1.7,
            "account_receivable_turnover_ratio": 1.33,
            "reinvestment_rate": 11.91,
            "research_to_sale_ratio": 2.94,
            "price_fair": 147.18,
            "eps_avg_yearly": 4.21,
            "eps_latest_yearly": 5.4,
            "eps_growth_yearly": 27.17
        },
        "20142": {
            "year_quarter": 20142,
            "year": 2014,
            "quarter": 2,
            "eps": 1.21,
            "eps_growth_year": 49.38,
            "eps_4q": 5.06,
            "eps_4q_growth_year": 63.58,
            "roe": 5.75,
            "roe_4q": 24.490000000000002,
            "gross_profit": 224586,
            "gross_margin": 18.34,
            "gross_margin_4q_avg": 17.85,
            "net_income": 92395,
            "revenue": 1224457,
            "common_shares": 762300,
            "book_valuer_per_share": 19.78,
            "book_valuer_per_share_4q_avg": 20.72,
            "equity": 1508067,
            "current_ratio": 125.88,
            "debt_ratio": 55.91,
            "inventory_turnover_ratio": 1.73,
            "account_receivable_turnover_ratio": 1.4,
            "reinvestment_rate": 12.02,
            "research_to_sale_ratio": 3.31,
            "price_fair": 148.49,
            "eps_avg_yearly": 4.24,
            "eps_latest_yearly": 4.84,
            "eps_growth_yearly": 31.91
        },
        "20143": {
            "year_quarter": 20143,
            "year": 2014,
            "quarter": 3,
            "eps": 1.2,
            "eps_growth_year": 22.45,
            "eps_4q": 5.27,
            "eps_4q_growth_year": 53.5,
            "roe": 5.86,
            "roe_4q": 25.28,
            "gross_profit": 207495,
            "gross_margin": 16.55,
            "gross_margin_4q_avg": 18.02,
            "net_income": 91275,
            "revenue": 1253677,
            "common_shares": 762300,
            "book_valuer_per_share": 21.05,
            "book_valuer_per_share_4q_avg": 21.04,
            "equity": 1604485,
            "current_ratio": 137.83,
            "debt_ratio": 49.89,
            "inventory_turnover_ratio": 1.81,
            "account_receivable_turnover_ratio": 1.43,
            "reinvestment_rate": 12.17,
            "research_to_sale_ratio": 2.91,
            "price_fair": 148.84,
            "eps_avg_yearly": 4.25,
            "eps_latest_yearly": 4.8,
            "eps_growth_yearly": 29.34
        },
        "20144": {
            "year_quarter": 20144,
            "year": 2014,
            "quarter": 4,
            "eps": 1.14,
            "eps_growth_year": -24.69,
            "eps_4q": 4.9,
            "eps_4q_growth_year": 21.89,
            "roe": 5.29,
            "roe_4q": 23.11,
            "gross_profit": 229730,
            "gross_margin": 17.49,
            "gross_margin_4q_avg": 17.99,
            "net_income": 87238,
            "revenue": 1313490,
            "common_shares": 762300,
            "book_valuer_per_share": 22.18,
            "book_valuer_per_share_4q_avg": 21.34,
            "equity": 1691029,
            "current_ratio": 137.85,
            "debt_ratio": 50.44,
            "inventory_turnover_ratio": 1.8,
            "account_receivable_turnover_ratio": 1.42,
            "reinvestment_rate": 19.07,
            "research_to_sale_ratio": 3.66,
            "price_fair": 147.53,
            "eps_avg_yearly": 4.22,
            "eps_latest_yearly": 4.56,
            "eps_growth_yearly": 25.29
        },
        "20151": {
            "year_quarter": 20151,
            "year": 2015,
            "quarter": 1,
            "eps": 2.24,
            "eps_growth_year": 65.93,
            "eps_4q": 5.79,
            "eps_4q_growth_year": 24.47,
            "roe": 9.62,
            "roe_4q": 26.52,
            "gross_profit": 308966,
            "gross_margin": 19.19,
            "gross_margin_4q_avg": 17.89,
            "net_income": 170396,
            "revenue": 1610395,
            "common_shares": 762300,
            "book_valuer_per_share": 24.28,
            "book_valuer_per_share_4q_avg": 21.82,
            "equity": 1850741,
            "current_ratio": 150.9,
            "debt_ratio": 47.11,
            "inventory_turnover_ratio": 2.16,
            "account_receivable_turnover_ratio": 1.53,
            "reinvestment_rate": 17.36,
            "research_to_sale_ratio": 2.22,
            "price_fair": 154.79,
            "eps_avg_yearly": 4.42,
            "eps_latest_yearly": 8.96,
            "eps_growth_yearly": 47.09
        },
        "20152": {
            "year_quarter": 20152,
            "year": 2015,
            "quarter": 2,
            "eps": 1.22,
            "eps_growth_year": 0.83,
            "eps_4q": 5.8,
            "eps_4q_growth_year": 14.71,
            "roe": 5.38,
            "roe_4q": 26.15,
            "gross_profit": 234086,
            "gross_margin": 17.46,
            "gross_margin_4q_avg": 17.67,
            "net_income": 93127,
            "revenue": 1341047,
            "common_shares": 762300,
            "book_valuer_per_share": 21.16,
            "book_valuer_per_share_4q_avg": 22.17,
            "equity": 1613309,
            "current_ratio": 126.14,
            "debt_ratio": 56.2,
            "inventory_turnover_ratio": 1.85,
            "account_receivable_turnover_ratio": 1.24,
            "reinvestment_rate": 19.61,
            "research_to_sale_ratio": 2.84,
            "price_fair": 160.74,
            "eps_avg_yearly": 4.59,
            "eps_latest_yearly": 4.88,
            "eps_growth_yearly": 51.13
        },
        "20153": {
            "year_quarter": 20153,
            "year": 2015,
            "quarter": 3,
            "eps": 1.43,
            "eps_growth_year": 19.17,
            "eps_4q": 6.03,
            "eps_4q_growth_year": 14.31,
            "roe": 6.51,
            "roe_4q": 26.799999999999997,
            "gross_profit": 215289,
            "gross_margin": 15.96,
            "gross_margin_4q_avg": 17.53,
            "net_income": 108816,
            "revenue": 1349334,
            "common_shares": 762300,
            "book_valuer_per_share": 22.68,
            "book_valuer_per_share_4q_avg": 22.58,
            "equity": 1729238,
            "current_ratio": 143.37,
            "debt_ratio": 48.57,
            "inventory_turnover_ratio": 1.73,
            "account_receivable_turnover_ratio": 1.29,
            "reinvestment_rate": 17.73,
            "research_to_sale_ratio": 2.85,
            "price_fair": 164.06,
            "eps_avg_yearly": 4.69,
            "eps_latest_yearly": 5.72,
            "eps_growth_yearly": 31.82
        },
        "20154": {
            "year_quarter": 20154,
            "year": 2015,
            "quarter": 4,
            "eps": 1.01,
            "eps_growth_year": -11.42,
            "eps_4q": 5.9,
            "eps_4q_growth_year": 20.39,
            "roe": 4.39,
            "roe_4q": 25.9,
            "gross_profit": 215555,
            "gross_margin": 15.07,
            "gross_margin_4q_avg": 16.92,
            "net_income": 77273,
            "revenue": 1430777,
            "common_shares": 762300,
            "book_valuer_per_share": 23.45,
            "book_valuer_per_share_4q_avg": 22.89,
            "equity": 1787372,
            "current_ratio": 141.28,
            "debt_ratio": 51.11,
            "inventory_turnover_ratio": 1.72,
            "account_receivable_turnover_ratio": 1.32,
            "reinvestment_rate": 11.65,
            "research_to_sale_ratio": 3.27,
            "price_fair": 135.17,
            "eps_avg_yearly": 4.62,
            "eps_latest_yearly": 4.04,
            "eps_growth_yearly": 19.24
        },
        "20161": {
            "year_quarter": 20161,
            "year": 2016,
            "quarter": 1,
            "eps": 2.05,
            "eps_growth_year": -8.48,
            "eps_4q": 5.71,
            "eps_4q_growth_year": -1.32,
            "roe": 8.39,
            "roe_4q": 24.669999999999998,
            "gross_profit": 270614,
            "gross_margin": 18.89,
            "gross_margin_4q_avg": 16.85,
            "net_income": 156243,
            "revenue": 1432515,
            "common_shares": 762300,
            "book_valuer_per_share": 25.43,
            "book_valuer_per_share_4q_avg": 23.18,
            "equity": 1938515,
            "current_ratio": 157.76,
            "debt_ratio": 44.91,
            "inventory_turnover_ratio": 1.68,
            "account_receivable_turnover_ratio": 1.47,
            "reinvestment_rate": 12.15,
            "research_to_sale_ratio": 3.02,
            "price_fair": 171.41,
            "eps_avg_yearly": 4.9,
            "eps_latest_yearly": 8.2,
            "eps_growth_yearly": 51.28
        },
        "20162": {
            "year_quarter": 20162,
            "year": 2016,
            "quarter": 2,
            "eps": 1.5,
            "eps_growth_year": 22.95,
            "eps_4q": 5.99,
            "eps_4q_growth_year": 3.38,
            "roe": 6.37,
            "roe_4q": 25.660000000000004,
            "gross_profit": 236269,
            "gross_margin": 17.8,
            "gross_margin_4q_avg": 16.93,
            "net_income": 114666,
            "revenue": 1327114,
            "common_shares": 762300,
            "book_valuer_per_share": 21.83,
            "book_valuer_per_share_4q_avg": 23.35,
            "equity": 1664292,
            "current_ratio": 124.74,
            "debt_ratio": 55.71,
            "inventory_turnover_ratio": 1.61,
            "account_receivable_turnover_ratio": 1.5,
            "reinvestment_rate": 15.33,
            "research_to_sale_ratio": 3.28,
            "price_fair": 174.48,
            "eps_avg_yearly": 4.99,
            "eps_latest_yearly": 6,
            "eps_growth_yearly": 39.31
        },
        "20163": {
            "year_quarter": 20163,
            "year": 2016,
            "quarter": 3,
            "eps": 1.03,
            "eps_growth_year": -27.97,
            "eps_4q": 5.6,
            "eps_4q_growth_year": -7.17,
            "roe": 4.62,
            "roe_4q": 23.770000000000003,
            "gross_profit": 207026,
            "gross_margin": 15.89,
            "gross_margin_4q_avg": 16.91,
            "net_income": 78436,
            "revenue": 1302914,
            "common_shares": 762300,
            "book_valuer_per_share": 22.71,
            "book_valuer_per_share_4q_avg": 23.36,
            "equity": 1730910,
            "current_ratio": 133.34,
            "debt_ratio": 50.26,
            "inventory_turnover_ratio": 1.53,
            "account_receivable_turnover_ratio": 1.53,
            "reinvestment_rate": 15,
            "research_to_sale_ratio": 3.98,
            "price_fair": 177.98,
            "eps_avg_yearly": 5.09,
            "eps_latest_yearly": 4.12,
            "eps_growth_yearly": 42.78
        },
        "20164": {
            "year_quarter": 20164,
            "year": 2016,
            "quarter": 4,
            "eps": 1.94,
            "eps_growth_year": 91.48,
            "eps_4q": 6.52,
            "eps_4q_growth_year": 10.61,
            "roe": 8.26,
            "roe_4q": 27.64,
            "gross_profit": 307333,
            "gross_margin": 16.72,
            "gross_margin_4q_avg": 17.33,
            "net_income": 147963,
            "revenue": 1837714,
            "common_shares": 762300,
            "book_valuer_per_share": 24.31,
            "book_valuer_per_share_4q_avg": 23.57,
            "equity": 1853302,
            "current_ratio": 137.85,
            "debt_ratio": 49.09,
            "inventory_turnover_ratio": 2.3,
            "account_receivable_turnover_ratio": 2,
            "reinvestment_rate": 16.76,
            "research_to_sale_ratio": 3.53,
            "price_fair": 186.73,
            "eps_avg_yearly": 5.34,
            "eps_latest_yearly": 7.76,
            "eps_growth_yearly": 52.57
        },
        "20171": {
            "year_quarter": 20171,
            "year": 2017,
            "quarter": 1,
            "eps": 1.82,
            "eps_growth_year": -11.22,
            "eps_4q": 6.29,
            "eps_4q_growth_year": 10.18,
            "roe": 7.25,
            "roe_4q": 26.5,
            "gross_profit": 264769,
            "gross_margin": 19.24,
            "gross_margin_4q_avg": 17.41,
            "net_income": 138742,
            "revenue": 1376020,
            "common_shares": 762300,
            "book_valuer_per_share": 25.88,
            "book_valuer_per_share_4q_avg": 23.68,
            "equity": 1972658,
            "current_ratio": 147.55,
            "debt_ratio": 46.24,
            "inventory_turnover_ratio": 1.72,
            "account_receivable_turnover_ratio": 1.35,
            "reinvestment_rate": 15.11,
            "research_to_sale_ratio": 3.59,
            "price_fair": 196.44,
            "eps_avg_yearly": 5.61,
            "eps_latest_yearly": 7.28,
            "eps_growth_yearly": 57.14
        },
        "20172": {
            "year_quarter": 20172,
            "year": 2017,
            "quarter": 2,
            "eps": 1.63,
            "eps_growth_year": 8.67,
            "eps_4q": 6.42,
            "eps_4q_growth_year": 7.14,
            "roe": 6.76,
            "roe_4q": 26.89,
            "gross_profit": 259165,
            "gross_margin": 15.97,
            "gross_margin_4q_avg": 16.96,
            "net_income": 124467,
            "revenue": 1622808,
            "common_shares": 762300,
            "book_valuer_per_share": 22.41,
            "book_valuer_per_share_4q_avg": 23.83,
            "equity": 1708104,
            "current_ratio": 123.14,
            "debt_ratio": 55.93,
            "inventory_turnover_ratio": 2,
            "account_receivable_turnover_ratio": 1.59,
            "reinvestment_rate": 12.05,
            "research_to_sale_ratio": 3.18,
            "price_fair": 203.61,
            "eps_avg_yearly": 5.82,
            "eps_latest_yearly": 6.52,
            "eps_growth_yearly": 51.01
        },
        "20173": {
            "year_quarter": 20173,
            "year": 2017,
            "quarter": 3,
            "eps": 1.56,
            "eps_growth_year": 51.46,
            "eps_4q": 6.95,
            "eps_4q_growth_year": 24.18,
            "roe": 6.7,
            "roe_4q": 28.97,
            "gross_profit": 269105,
            "gross_margin": 16.66,
            "gross_margin_4q_avg": 17.15,
            "net_income": 118589,
            "revenue": 1615194,
            "common_shares": 762300,
            "book_valuer_per_share": 24.03,
            "book_valuer_per_share_4q_avg": 24.16,
            "equity": 1832091,
            "current_ratio": 138.24,
            "debt_ratio": 49.18,
            "inventory_turnover_ratio": 1.96,
            "account_receivable_turnover_ratio": 1.53,
            "reinvestment_rate": 11.53,
            "research_to_sale_ratio": 3.27,
            "price_fair": 208.69,
            "eps_avg_yearly": 5.96,
            "eps_latest_yearly": 6.24,
            "eps_growth_yearly": 44.69
        },
        "20174": {
            "year_quarter": 20174,
            "year": 2017,
            "quarter": 4,
            "eps": 1.54,
            "eps_growth_year": -20.54,
            "eps_4q": 6.55,
            "eps_4q_growth_year": 0.41,
            "roe": 6.24,
            "roe_4q": 26.950000000000003,
            "gross_profit": 288152,
            "gross_margin": 18.2,
            "gross_margin_4q_avg": 17.52,
            "net_income": 117566,
            "revenue": 1583368,
            "common_shares": 762300,
            "book_valuer_per_share": 25.38,
            "book_valuer_per_share_4q_avg": 24.43,
            "equity": 1935025,
            "current_ratio": 146.33,
            "debt_ratio": 48.91,
            "inventory_turnover_ratio": 1.65,
            "account_receivable_turnover_ratio": 1.52,
            "reinvestment_rate": 8.17,
            "research_to_sale_ratio": 3.3,
            "price_fair": 208.86,
            "eps_avg_yearly": 5.97,
            "eps_latest_yearly": 6.16,
            "eps_growth_yearly": 30.59
        },
        "20181": {
            "year_quarter": 20181,
            "year": 2018,
            "quarter": 1,
            "eps": 1.27,
            "eps_growth_year": -30.22,
            "eps_4q": 6,
            "eps_4q_growth_year": -4.68,
            "roe": 4.87,
            "roe_4q": 24.57,
            "gross_profit": 239111,
            "gross_margin": 15.54,
            "gross_margin_4q_avg": 16.59,
            "net_income": 96716,
            "revenue": 1538837,
            "common_shares": 762300,
            "book_valuer_per_share": 26.73,
            "book_valuer_per_share_4q_avg": 24.64,
            "equity": 2037478,
            "current_ratio": 154.69,
            "debt_ratio": 45.87,
            "inventory_turnover_ratio": 1.54,
            "account_receivable_turnover_ratio": 1.43,
            "reinvestment_rate": 7.7,
            "research_to_sale_ratio": 3.29,
            "price_fair": 208.16,
            "eps_avg_yearly": 5.95,
            "eps_latest_yearly": 5.08,
            "eps_growth_yearly": 29.01
        },
        "20182": {
            "year_quarter": 20182,
            "year": 2018,
            "quarter": 2,
            "eps": 1.39,
            "eps_growth_year": -14.72,
            "eps_4q": 5.76,
            "eps_4q_growth_year": -10.34,
            "roe": 5.61,
            "roe_4q": 23.419999999999998,
            "gross_profit": 245254,
            "gross_margin": 14.92,
            "gross_margin_4q_avg": 16.33,
            "net_income": 106098,
            "revenue": 1643275,
            "common_shares": 762300,
            "book_valuer_per_share": 22.89,
            "book_valuer_per_share_4q_avg": 24.76,
            "equity": 1745155,
            "current_ratio": 127.46,
            "debt_ratio": 55.73,
            "inventory_turnover_ratio": 1.81,
            "account_receivable_turnover_ratio": 1.45,
            "reinvestment_rate": 6.75,
            "research_to_sale_ratio": 3.23,
            "price_fair": 209.74,
            "eps_avg_yearly": 5.99,
            "eps_latest_yearly": 5.56,
            "eps_growth_yearly": 33.96
        },
        "20183": {
            "year_quarter": 20183,
            "year": 2018,
            "quarter": 3,
            "eps": 0.58,
            "eps_growth_year": -62.82,
            "eps_4q": 4.78,
            "eps_4q_growth_year": -31.24,
            "roe": 2.49,
            "roe_4q": 19.21,
            "gross_profit": 169581,
            "gross_margin": 13.51,
            "gross_margin_4q_avg": 15.54,
            "net_income": 43880,
            "revenue": 1255339,
            "common_shares": 762300,
            "book_valuer_per_share": 23.3,
            "book_valuer_per_share_4q_avg": 24.58,
            "equity": 1776252,
            "current_ratio": 138.07,
            "debt_ratio": 49.49,
            "inventory_turnover_ratio": 1.44,
            "account_receivable_turnover_ratio": 1.23,
            "reinvestment_rate": 5.62,
            "research_to_sale_ratio": 3.96,
            "price_fair": 172.78,
            "eps_avg_yearly": 5.84,
            "eps_latest_yearly": 2.32,
            "eps_growth_yearly": 19.6
        },
        "20184": {
            "year_quarter": 20184,
            "year": 2018,
            "quarter": 4,
            "eps": 0.95,
            "eps_growth_year": -38.32,
            "eps_4q": 4.19,
            "eps_4q_growth_year": -36.08,
            "roe": 4,
            "roe_4q": 16.970000000000002,
            "gross_profit": 177393,
            "gross_margin": 14.01,
            "gross_margin_4q_avg": 14.5,
            "net_income": 72513,
            "revenue": 1266360,
            "common_shares": 762300,
            "book_valuer_per_share": 24.25,
            "book_valuer_per_share_4q_avg": 24.29,
            "equity": 1848605,
            "current_ratio": 148.89,
            "debt_ratio": 46.45,
            "inventory_turnover_ratio": 1.38,
            "account_receivable_turnover_ratio": 1.52,
            "reinvestment_rate": 1.67,
            "research_to_sale_ratio": 4.14,
            "price_fair": 202.65,
            "eps_avg_yearly": 5.79,
            "eps_latest_yearly": 3.8,
            "eps_growth_yearly": 36.8
        },
        "20191": {
            "year_quarter": 20191,
            "year": 2019,
            "quarter": 1,
            "eps": 1.5,
            "eps_growth_year": 18.11,
            "eps_4q": 4.42,
            "eps_4q_growth_year": -26.4,
            "roe": 5.98,
            "roe_4q": 18.080000000000002,
            "gross_profit": 284121,
            "gross_margin": 19.39,
            "gross_margin_4q_avg": 15.46,
            "net_income": 114110,
            "revenue": 1465413,
            "common_shares": 762300,
            "book_valuer_per_share": 25.85,
            "book_valuer_per_share_4q_avg": 24.07,
            "equity": 1970353,
            "current_ratio": 163.79,
            "debt_ratio": 41.73,
            "inventory_turnover_ratio": 1.52,
            "account_receivable_turnover_ratio": 1.78,
            "reinvestment_rate": 1.78,
            "research_to_sale_ratio": 3.31,
            "price_fair": 196.18,
            "eps_avg_yearly": 5.61,
            "eps_latest_yearly": 6,
            "eps_growth_yearly": 27.15
        },
        "20192": {
            "year_quarter": 20192,
            "year": 2019,
            "quarter": 2,
            "eps": 1.54,
            "eps_growth_year": 10.79,
            "eps_4q": 4.56,
            "eps_4q_growth_year": -20.82,
            "roe": 6.22,
            "roe_4q": 18.689999999999998,
            "gross_profit": 264248,
            "gross_margin": 19.08,
            "gross_margin_4q_avg": 16.5,
            "net_income": 117064,
            "revenue": 1385277,
            "common_shares": 762300,
            "book_valuer_per_share": 23.53,
            "book_valuer_per_share_4q_avg": 24.23,
            "equity": 1793578,
            "current_ratio": 132.19,
            "debt_ratio": 52.55,
            "inventory_turnover_ratio": 1.39,
            "account_receivable_turnover_ratio": 1.48,
            "reinvestment_rate": 1.91,
            "research_to_sale_ratio": 3.5,
            "price_fair": 198.98,
            "eps_avg_yearly": 5.69,
            "eps_latest_yearly": 6.16,
            "eps_growth_yearly": 39.2
        },
        "20193": {
            "year_quarter": 20193,
            "year": 2019,
            "quarter": 3,
            "eps": 1.03,
            "eps_growth_year": 77.59,
            "eps_4q": 5.01,
            "eps_4q_growth_year": 4.83,
            "roe": 4.28,
            "roe_4q": 20.48,
            "gross_profit": 218223,
            "gross_margin": 17.18,
            "gross_margin_4q_avg": 17.42,
            "net_income": 78166,
            "revenue": 1270294,
            "common_shares": 762300,
            "book_valuer_per_share": 24.43,
            "book_valuer_per_share_4q_avg": 24.52,
            "equity": 1862596,
            "current_ratio": 139.58,
            "debt_ratio": 50.07,
            "inventory_turnover_ratio": 1.28,
            "account_receivable_turnover_ratio": 1.26,
            "reinvestment_rate": 0.38,
            "research_to_sale_ratio": 3.88,
            "price_fair": 195.48,
            "eps_avg_yearly": 5.59,
            "eps_latest_yearly": 4.12,
            "eps_growth_yearly": 26.62
        },
        "20194": {
            "year_quarter": 20194,
            "year": 2019,
            "quarter": 4,
            "eps": 0.67,
            "eps_growth_year": -29.51,
            "eps_4q": 4.73,
            "eps_4q_growth_year": 12.92,
            "roe": 2.72,
            "roe_4q": 19.2,
            "gross_profit": 200315,
            "gross_margin": 15.78,
            "gross_margin_4q_avg": 17.86,
            "net_income": 51117,
            "revenue": 1269212,
            "common_shares": 762300,
            "book_valuer_per_share": 24.95,
            "book_valuer_per_share_4q_avg": 24.69,
            "equity": 1901617,
            "current_ratio": 146.34,
            "debt_ratio": 47.72,
            "inventory_turnover_ratio": 1.33,
            "account_receivable_turnover_ratio": 1.36,
            "reinvestment_rate": -0.63,
            "research_to_sale_ratio": 4.24,
            "price_fair": 192.5,
            "eps_avg_yearly": 5.5,
            "eps_latest_yearly": 2.68,
            "eps_growth_yearly": 25.22
        },
        "20201": {
            "year_quarter": 20201,
            "year": 2020,
            "quarter": 1,
            "eps": 0.84,
            "eps_growth_year": -44,
            "eps_4q": 4.07,
            "eps_4q_growth_year": -7.76,
            "roe": 3.32,
            "roe_4q": 16.54,
            "gross_profit": 185229,
            "gross_margin": 15.91,
            "gross_margin_4q_avg": 16.99,
            "net_income": 64125,
            "revenue": 1163932,
            "common_shares": 762300,
            "book_valuer_per_share": 25.76,
            "book_valuer_per_share_4q_avg": 24.67,
            "equity": 1963547,
            "current_ratio": 154.41,
            "debt_ratio": 44.34,
            "inventory_turnover_ratio": 1.16,
            "account_receivable_turnover_ratio": 1.45,
            "reinvestment_rate": -1.92,
            "research_to_sale_ratio": 3.98,
            "price_fair": 82.23,
            "eps_avg_yearly": 5.2,
            "eps_latest_yearly": 3.36,
            "eps_growth_yearly": 5.82
        },
        "20202": {
            "year_quarter": 20202,
            "year": 2020,
            "quarter": 2,
            "eps": 0.23,
            "eps_growth_year": -85.06,
            "eps_4q": 2.77,
            "eps_4q_growth_year": -39.33,
            "roe": 0.96,
            "roe_4q": 11.280000000000001,
            "gross_profit": 80355,
            "gross_margin": 9.02,
            "gross_margin_4q_avg": 14.47,
            "net_income": 17465,
            "revenue": 890493,
            "common_shares": 762300,
            "book_valuer_per_share": 21.91,
            "book_valuer_per_share_4q_avg": 24.26,
            "equity": 1670273,
            "current_ratio": 130.69,
            "debt_ratio": 51.34,
            "inventory_turnover_ratio": 0.91,
            "account_receivable_turnover_ratio": 1.21,
            "reinvestment_rate": -6.33,
            "research_to_sale_ratio": 4.93,
            "price_fair": 14.64,
            "eps_avg_yearly": 4.88,
            "eps_latest_yearly": 0.92,
            "eps_growth_yearly": -5.63
        },
        "20203": {
            "year_quarter": 20203,
            "year": 2020,
            "quarter": 3,
            "eps": 0.22,
            "eps_growth_year": -78.64,
            "eps_4q": 1.96,
            "eps_4q_growth_year": -60.8,
            "roe": 1.01,
            "roe_4q": 8.01,
            "gross_profit": 157149,
            "gross_margin": 15.82,
            "gross_margin_4q_avg": 14.13,
            "net_income": 16965,
            "revenue": 993544,
            "common_shares": 762300,
            "book_valuer_per_share": 22.21,
            "book_valuer_per_share_4q_avg": 23.71,
            "equity": 1693312,
            "current_ratio": 129.47,
            "debt_ratio": 53.21,
            "inventory_turnover_ratio": 0.86,
            "account_receivable_turnover_ratio": 1.3,
            "reinvestment_rate": -5.85,
            "research_to_sale_ratio": 4.43,
            "price_fair": 52.02,
            "eps_avg_yearly": 4.68,
            "eps_latest_yearly": 0.88,
            "eps_growth_yearly": 1.12
        },
        "20204": {
            "year_quarter": 20204,
            "year": 2020,
            "quarter": 4,
            "eps": 0.8,
            "eps_growth_year": 19.72,
            "eps_4q": 2.1,
            "eps_4q_growth_year": -55.68,
            "roe": 3.54,
            "roe_4q": 8.83,
            "gross_profit": 249013,
            "gross_margin": 14.24,
            "gross_margin_4q_avg": 13.75,
            "net_income": 61195,
            "revenue": 1749196,
            "common_shares": 762300,
            "book_valuer_per_share": 23.09,
            "book_valuer_per_share_4q_avg": 23.24,
            "equity": 1760329,
            "current_ratio": 128.42,
            "debt_ratio": 52.03,
            "inventory_turnover_ratio": 1.5,
            "account_receivable_turnover_ratio": 1.95,
            "reinvestment_rate": -6.21,
            "research_to_sale_ratio": 2.54,
            "price_fair": 153.74,
            "eps_avg_yearly": 4.39,
            "eps_latest_yearly": 3.2,
            "eps_growth_yearly": 44.94
        },
        "20211": {
            "year_quarter": 20211,
            "year": 2021,
            "quarter": 1,
            "eps": 0.28,
            "eps_growth_year": -66.67,
            "eps_4q": 1.53,
            "eps_4q_growth_year": -62.34,
            "roe": 1.2,
            "roe_4q": 6.71,
            "gross_profit": 157111,
            "gross_margin": 12.31,
            "gross_margin_4q_avg": 12.85,
            "net_income": 21306,
            "revenue": 1275875,
            "common_shares": 762300,
            "book_valuer_per_share": 23.36,
            "book_valuer_per_share_4q_avg": 22.64,
            "equity": 1780353,
            "current_ratio": 133.3,
            "debt_ratio": 49.79,
            "inventory_turnover_ratio": 1.12,
            "account_receivable_turnover_ratio": 1.38,
            "reinvestment_rate": -14.11,
            "research_to_sale_ratio": 3.24,
            "price_fair": 140.26,
            "eps_avg_yearly": 4.01,
            "eps_latest_yearly": 1.12,
            "eps_growth_yearly": 30.24
        },
        "20212": {
            "year_quarter": 20212,
            "year": 2021,
            "quarter": 2,
            "eps": 0.46,
            "eps_growth_year": 100,
            "eps_4q": 1.77,
            "eps_4q_growth_year": -36.08,
            "roe": 1.97,
            "roe_4q": 7.72,
            "gross_profit": 183351,
            "gross_margin": 14.77,
            "gross_margin_4q_avg": 14.29,
            "net_income": 35329,
            "revenue": 1241248,
            "common_shares": 762300,
            "book_valuer_per_share": 23.79,
            "book_valuer_per_share_4q_avg": 23.11,
            "equity": 1813885,
            "current_ratio": 137.08,
            "debt_ratio": 49.75,
            "inventory_turnover_ratio": 0.94,
            "account_receivable_turnover_ratio": 1.52,
            "reinvestment_rate": -14.91,
            "research_to_sale_ratio": 3.22,
            "price_fair": 130.03,
            "eps_avg_yearly": 3.72,
            "eps_latest_yearly": 1.84,
            "eps_growth_yearly": 48.92
        },
        "20213": {
            "year_quarter": 20213,
            "year": 2021,
            "quarter": 3,
            "eps": 0.11,
            "eps_growth_year": -50,
            "eps_4q": 1.66,
            "eps_4q_growth_year": -15.42,
            "roe": 0.5,
            "roe_4q": 7.21,
            "gross_profit": 140088,
            "gross_margin": 12.6,
            "gross_margin_4q_avg": 13.48,
            "net_income": 8758,
            "revenue": 1111374,
            "common_shares": 762300,
            "book_valuer_per_share": 22.6,
            "book_valuer_per_share_4q_avg": 23.21,
            "equity": 1722478,
            "current_ratio": 130.14,
            "debt_ratio": 52.44,
            "inventory_turnover_ratio": 0.77,
            "account_receivable_turnover_ratio": 1.5,
            "reinvestment_rate": -16.98,
            "research_to_sale_ratio": 3.27,
            "price_fair": 117.34,
            "eps_avg_yearly": 3.35,
            "eps_latest_yearly": 0.44,
            "eps_growth_yearly": 30.97
        },
        "20214": {
            "year_quarter": 20214,
            "year": 2021,
            "quarter": 4,
            "eps": 0.22,
            "eps_growth_year": -72.01,
            "eps_4q": 1.08,
            "eps_4q_growth_year": -48.34,
            "roe": 0.99,
            "roe_4q": 4.66,
            "gross_profit": 160791,
            "gross_margin": 11.79,
            "gross_margin_4q_avg": 12.87,
            "net_income": 17131,
            "revenue": 1363645,
            "common_shares": 762300,
            "book_valuer_per_share": 22.75,
            "book_valuer_per_share_4q_avg": 23.13,
            "equity": 1734505,
            "current_ratio": 137.51,
            "debt_ratio": 48.9,
            "inventory_turnover_ratio": 1.01,
            "account_receivable_turnover_ratio": 1.84,
            "reinvestment_rate": -16.88,
            "research_to_sale_ratio": 2.67,
            "price_fair": 105.79,
            "eps_avg_yearly": 3.02,
            "eps_latest_yearly": 0.88,
            "eps_growth_yearly": 56.29
        },
        "20221": {
            "year_quarter": 20221,
            "year": 2022,
            "quarter": 1,
            "eps": 0.27,
            "eps_growth_year": -3.57,
            "eps_4q": 1.07,
            "eps_4q_growth_year": -30.03,
            "roe": 1.18,
            "roe_4q": 4.64,
            "gross_profit": 155565,
            "gross_margin": 12.67,
            "gross_margin_4q_avg": 12.96,
            "net_income": 20595,
            "revenue": 1227615,
            "common_shares": 762300,
            "book_valuer_per_share": 23.14,
            "book_valuer_per_share_4q_avg": 23.07,
            "equity": 1763720,
            "current_ratio": 142.22,
            "debt_ratio": 47.49,
            "inventory_turnover_ratio": 1.04,
            "account_receivable_turnover_ratio": 1.53,
            "reinvestment_rate": -18.15,
            "research_to_sale_ratio": 2.89,
            "price_fair": 97.04,
            "eps_avg_yearly": 2.77,
            "eps_latest_yearly": 1.08,
            "eps_growth_yearly": 66.36
        },
        "20222": {
            "year_quarter": 20222,
            "year": 2022,
            "quarter": 2,
            "eps": 0.29,
            "eps_growth_year": -36.96,
            "eps_4q": 0.9,
            "eps_4q_growth_year": -48.96,
            "roe": 1.28,
            "roe_4q": 3.95,
            "gross_profit": 155649,
            "gross_margin": 13.31,
            "gross_margin_4q_avg": 12.59,
            "net_income": 22313,
            "revenue": 1169762,
            "common_shares": 762300,
            "book_valuer_per_share": 22.78,
            "book_valuer_per_share_4q_avg": 22.82,
            "equity": 1736332,
            "current_ratio": 135.48,
            "debt_ratio": 50.22,
            "inventory_turnover_ratio": 0.99,
            "account_receivable_turnover_ratio": 1.43,
            "reinvestment_rate": -18.19,
            "research_to_sale_ratio": 3.08,
            "price_fair": 87.41,
            "eps_avg_yearly": 2.5,
            "eps_latest_yearly": 1.16,
            "eps_growth_yearly": 65.85
        },
        "20223": {
            "year_quarter": 20223,
            "year": 2022,
            "quarter": 3,
            "eps": 0.72,
            "eps_growth_year": 554.55,
            "eps_4q": 1.51,
            "eps_4q_growth_year": -9.09,
            "roe": 3.12,
            "roe_4q": 6.57,
            "gross_profit": 148998,
            "gross_margin": 12.65,
            "gross_margin_4q_avg": 12.61,
            "net_income": 55045,
            "revenue": 1177679,
            "common_shares": 762300,
            "book_valuer_per_share": 23.53,
            "book_valuer_per_share_4q_avg": 23.05,
            "equity": 1793318,
            "current_ratio": 142.8,
            "debt_ratio": 48.75,
            "inventory_turnover_ratio": 0.98,
            "account_receivable_turnover_ratio": 1.37,
            "reinvestment_rate": -22.53,
            "research_to_sale_ratio": 3.04,
            "price_fair": 88.64,
            "eps_avg_yearly": 2.53,
            "eps_latest_yearly": 2.88,
            "eps_growth_yearly": 117.48
        },
        "20224": {
            "year_quarter": 20224,
            "year": 2022,
            "quarter": 4,
            "eps": -0.12,
            "eps_growth_year": -153.29,
            "eps_4q": 1.17,
            "eps_4q_growth_year": 7.63,
            "roe": -0.51,
            "roe_4q": 5.07,
            "gross_profit": 135170,
            "gross_margin": 11.54,
            "gross_margin_4q_avg": 12.54,
            "net_income": -9129,
            "revenue": 1171349,
            "common_shares": 762300,
            "book_valuer_per_share": 23.53,
            "book_valuer_per_share_4q_avg": 23.25,
            "equity": 1793508,
            "current_ratio": 153.64,
            "debt_ratio": 45.83,
            "inventory_turnover_ratio": 1.04,
            "account_receivable_turnover_ratio": 1.35,
            "reinvestment_rate": -33.59,
            "research_to_sale_ratio": 3.39,
            "price_fair": 85.68,
            "eps_avg_yearly": 2.45,
            "eps_latest_yearly": 2.88,
            "eps_growth_yearly": 108.31
        },
        "20231": {
            "year_quarter": 20231,
            "year": 2023,
            "quarter": 1,
            "eps": 0.25,
            "eps_growth_year": -7.41,
            "eps_4q": 1.15,
            "eps_4q_growth_year": 6.69,
            "roe": 1.06,
            "roe_4q": 4.95,
            "gross_profit": 174309,
            "gross_margin": 14.57,
            "gross_margin_4q_avg": 13.02,
            "net_income": 19056,
            "revenue": 1196529,
            "common_shares": 762300,
            "book_valuer_per_share": 23.79,
            "book_valuer_per_share_4q_avg": 23.41,
            "equity": 1813445,
            "current_ratio": 159.42,
            "debt_ratio": 45.62,
            "inventory_turnover_ratio": 1.07,
            "account_receivable_turnover_ratio": 1.44,
            "reinvestment_rate": -51.48,
            "research_to_sale_ratio": 3.13,
            "price_fair": 76.8,
            "eps_avg_yearly": 2.19,
            "eps_latest_yearly": 2.88,
            "eps_growth_yearly": 99.5
        }
    },
    "months": {
        "2001-06": {
            "month": "2001-06",
            "price": "12.62",
            "revenue": 156626
        },
        "2001-07": {
            "month": "2001-07",
            "price": "10.44",
            "revenue": 185044
        },
        "2001-08": {
            "month": "2001-08",
            "price": "10.32",
            "revenue": 150638
        },
        "2001-09": {
            "month": "2001-09",
            "price": "9.19",
            "revenue": 170206
        },
        "2001-10": {
            "month": "2001-10",
            "price": "7.73",
            "revenue": 190063
        },
        "2001-11": {
            "month": "2001-11",
            "price": "8.35",
            "revenue": 209249
        },
        "2001-12": {
            "month": "2001-12",
            "price": "10.07",
            "revenue": 182387
        },
        "2002-01": {
            "month": "2002-01",
            "price": "12.40",
            "revenue": 206978
        },
        "2002-02": {
            "month": "2002-02",
            "price": "13.79",
            "revenue": 120406
        },
        "2002-03": {
            "month": "2002-03",
            "price": "13.68",
            "revenue": 203348
        },
        "2002-04": {
            "month": "2002-04",
            "price": "15.06",
            "revenue": 205295
        },
        "2002-05": {
            "month": "2002-05",
            "price": "17.83",
            "revenue": 207113
        },
        "2002-06": {
            "month": "2002-06",
            "price": "25.32",
            "revenue": 217420
        },
        "2002-07": {
            "month": "2002-07",
            "price": "28.91",
            "revenue": 219829
        },
        "2002-08": {
            "month": "2002-08",
            "price": "24.08",
            "revenue": 196562
        },
        "2002-09": {
            "month": "2002-09",
            "price": "24.06",
            "revenue": 225610
        },
        "2002-10": {
            "month": "2002-10",
            "price": "26.79",
            "revenue": 223975
        },
        "2002-11": {
            "month": "2002-11",
            "price": "29.80",
            "revenue": 226660
        },
        "2002-12": {
            "month": "2002-12",
            "price": "30.68",
            "revenue": 222804
        },
        "2003-01": {
            "month": "2003-01",
            "price": "32.75",
            "revenue": 264593
        },
        "2003-02": {
            "month": "2003-02",
            "price": "31.77",
            "revenue": 216015
        },
        "2003-03": {
            "month": "2003-03",
            "price": "32.29",
            "revenue": 254074
        },
        "2003-04": {
            "month": "2003-04",
            "price": "32.29",
            "revenue": 258274
        },
        "2003-05": {
            "month": "2003-05",
            "price": "33.64",
            "revenue": 221484
        },
        "2003-06": {
            "month": "2003-06",
            "price": "33.16",
            "revenue": 253437
        },
        "2003-07": {
            "month": "2003-07",
            "price": "32.24",
            "revenue": 262685
        },
        "2003-08": {
            "month": "2003-08",
            "price": "35.22",
            "revenue": 191916
        },
        "2003-09": {
            "month": "2003-09",
            "price": "32.94",
            "revenue": 235380
        },
        "2003-10": {
            "month": "2003-10",
            "price": "33.73",
            "revenue": 251700
        },
        "2003-11": {
            "month": "2003-11",
            "price": "34.56",
            "revenue": 221217
        },
        "2003-12": {
            "month": "2003-12",
            "price": "34.17",
            "revenue": 256822
        },
        "2004-01": {
            "month": "2004-01",
            "price": "34.05",
            "revenue": 241489
        },
        "2004-02": {
            "month": "2004-02",
            "price": "37.62",
            "revenue": 286525
        },
        "2004-03": {
            "month": "2004-03",
            "price": "41.67",
            "revenue": 289770
        },
        "2004-04": {
            "month": "2004-04",
            "price": "44.48",
            "revenue": 327966
        },
        "2004-05": {
            "month": "2004-05",
            "price": "40.80",
            "revenue": 354562
        },
        "2004-06": {
            "month": "2004-06",
            "price": "41.95",
            "revenue": 354931
        },
        "2004-07": {
            "month": "2004-07",
            "price": "41.67",
            "revenue": 404291
        },
        "2004-08": {
            "month": "2004-08",
            "price": "41.79",
            "revenue": 311840
        },
        "2004-09": {
            "month": "2004-09",
            "price": "41.95",
            "revenue": 340375
        },
        "2004-10": {
            "month": "2004-10",
            "price": "38.39",
            "revenue": 271431
        },
        "2004-11": {
            "month": "2004-11",
            "price": "35.89",
            "revenue": 384572
        },
        "2004-12": {
            "month": "2004-12",
            "price": "36.45",
            "revenue": 386415
        },
        "2005-01": {
            "month": "2005-01",
            "price": "36.45",
            "revenue": 364734
        },
        "2005-02": {
            "month": "2005-02",
            "price": "36.05",
            "revenue": 261918
        },
        "2005-03": {
            "month": "2005-03",
            "price": "35.53",
            "revenue": 375727
        },
        "2005-04": {
            "month": "2005-04",
            "price": "36.23",
            "revenue": 333992
        },
        "2005-05": {
            "month": "2005-05",
            "price": "35.16",
            "revenue": 324419
        },
        "2005-06": {
            "month": "2005-06",
            "price": "35.08",
            "revenue": 300349
        },
        "2005-07": {
            "month": "2005-07",
            "price": "33.44",
            "revenue": 349163
        },
        "2005-08": {
            "month": "2005-08",
            "price": "31.35",
            "revenue": 284184
        },
        "2005-09": {
            "month": "2005-09",
            "price": "30.06",
            "revenue": 333410
        },
        "2005-10": {
            "month": "2005-10",
            "price": "28.39",
            "revenue": 346255
        },
        "2005-11": {
            "month": "2005-11",
            "price": "28.33",
            "revenue": 346162
        },
        "2005-12": {
            "month": "2005-12",
            "price": "29.76",
            "revenue": 394713
        },
        "2006-01": {
            "month": "2006-01",
            "price": "30.40",
            "revenue": 289483
        },
        "2006-02": {
            "month": "2006-02",
            "price": "29.20",
            "revenue": 281258
        },
        "2006-03": {
            "month": "2006-03",
            "price": "28.48",
            "revenue": 334055
        },
        "2006-04": {
            "month": "2006-04",
            "price": "30.10",
            "revenue": 246175
        },
        "2006-05": {
            "month": "2006-05",
            "price": "29.00",
            "revenue": 285074
        },
        "2006-06": {
            "month": "2006-06",
            "price": "26.64",
            "revenue": 346670
        },
        "2006-07": {
            "month": "2006-07",
            "price": "25.70",
            "revenue": 304636
        },
        "2006-08": {
            "month": "2006-08",
            "price": "23.68",
            "revenue": 212288
        },
        "2006-09": {
            "month": "2006-09",
            "price": "21.98",
            "revenue": 225826
        },
        "2006-10": {
            "month": "2006-10",
            "price": "25.40",
            "revenue": 204056
        },
        "2006-11": {
            "month": "2006-11",
            "price": "23.92",
            "revenue": 283146
        },
        "2006-12": {
            "month": "2006-12",
            "price": "23.51",
            "revenue": 300153
        },
        "2007-01": {
            "month": "2007-01",
            "price": "26.01",
            "revenue": 239005
        },
        "2007-02": {
            "month": "2007-02",
            "price": "25.17",
            "revenue": 167167
        },
        "2007-03": {
            "month": "2007-03",
            "price": "27.66",
            "revenue": 269963
        },
        "2007-04": {
            "month": "2007-04",
            "price": "27.53",
            "revenue": 289234
        },
        "2007-05": {
            "month": "2007-05",
            "price": "26.03",
            "revenue": 309819
        },
        "2007-06": {
            "month": "2007-06",
            "price": "26.89",
            "revenue": 274824
        },
        "2007-07": {
            "month": "2007-07",
            "price": "28.93",
            "revenue": 320166
        },
        "2007-08": {
            "month": "2007-08",
            "price": "25.83",
            "revenue": 233551
        },
        "2007-09": {
            "month": "2007-09",
            "price": "25.21",
            "revenue": 250410
        },
        "2007-10": {
            "month": "2007-10",
            "price": "25.41",
            "revenue": 359185
        },
        "2007-11": {
            "month": "2007-11",
            "price": "23.94",
            "revenue": 356480
        },
        "2007-12": {
            "month": "2007-12",
            "price": "22.97",
            "revenue": 338610
        },
        "2008-01": {
            "month": "2008-01",
            "price": "22.54",
            "revenue": 284367
        },
        "2008-02": {
            "month": "2008-02",
            "price": "22.68",
            "revenue": 238587
        },
        "2008-03": {
            "month": "2008-03",
            "price": "23.20",
            "revenue": 273813
        },
        "2008-04": {
            "month": "2008-04",
            "price": "23.68",
            "revenue": 254943
        },
        "2008-05": {
            "month": "2008-05",
            "price": "23.05",
            "revenue": 248658
        },
        "2008-06": {
            "month": "2008-06",
            "price": "19.96",
            "revenue": 245714
        },
        "2008-07": {
            "month": "2008-07",
            "price": "15.72",
            "revenue": 240443
        },
        "2008-08": {
            "month": "2008-08",
            "price": "15.53",
            "revenue": 181543
        },
        "2008-09": {
            "month": "2008-09",
            "price": "13.29",
            "revenue": 255154
        },
        "2008-10": {
            "month": "2008-10",
            "price": "11.23",
            "revenue": 217652
        },
        "2008-11": {
            "month": "2008-11",
            "price": "10.81",
            "revenue": 198512
        },
        "2008-12": {
            "month": "2008-12",
            "price": "10.22",
            "revenue": 233897
        },
        "2009-01": {
            "month": "2009-01",
            "price": "9.87",
            "revenue": 185011
        },
        "2009-02": {
            "month": "2009-02",
            "price": "9.91",
            "revenue": 276237
        },
        "2009-03": {
            "month": "2009-03",
            "price": "12.14",
            "revenue": 182871
        },
        "2009-04": {
            "month": "2009-04",
            "price": "15.85",
            "revenue": 216999
        },
        "2009-05": {
            "month": "2009-05",
            "price": "20.23",
            "revenue": 200008
        },
        "2009-06": {
            "month": "2009-06",
            "price": "19.36",
            "revenue": 247034
        },
        "2009-07": {
            "month": "2009-07",
            "price": "20.95",
            "revenue": 255746
        },
        "2009-08": {
            "month": "2009-08",
            "price": "21.00",
            "revenue": 223004
        },
        "2009-09": {
            "month": "2009-09",
            "price": "23.45",
            "revenue": 297996
        },
        "2009-10": {
            "month": "2009-10",
            "price": "30.69",
            "revenue": 339281
        },
        "2009-11": {
            "month": "2009-11",
            "price": "41.07",
            "revenue": 327742
        },
        "2009-12": {
            "month": "2009-12",
            "price": "47.78",
            "revenue": 348915
        },
        "2010-01": {
            "month": "2010-01",
            "price": "43.64",
            "revenue": 352199
        },
        "2010-02": {
            "month": "2010-02",
            "price": "40.97",
            "revenue": 320967
        },
        "2010-03": {
            "month": "2010-03",
            "price": "47.19",
            "revenue": 335118
        },
        "2010-04": {
            "month": "2010-04",
            "price": "53.64",
            "revenue": 284558
        },
        "2010-05": {
            "month": "2010-05",
            "price": "53.32",
            "revenue": 290666
        },
        "2010-06": {
            "month": "2010-06",
            "price": "53.78",
            "revenue": 300211
        },
        "2010-07": {
            "month": "2010-07",
            "price": "52.71",
            "revenue": 362922
        },
        "2010-08": {
            "month": "2010-08",
            "price": "55.86",
            "revenue": 306364
        },
        "2010-09": {
            "month": "2010-09",
            "price": "68.08",
            "revenue": 318135
        },
        "2010-10": {
            "month": "2010-10",
            "price": "71.23",
            "revenue": 307234
        },
        "2010-11": {
            "month": "2010-11",
            "price": "67.76",
            "revenue": 331431
        },
        "2010-12": {
            "month": "2010-12",
            "price": "66.01",
            "revenue": 361587
        },
        "2011-01": {
            "month": "2011-01",
            "price": "63.04",
            "revenue": 378384
        },
        "2011-02": {
            "month": "2011-02",
            "price": "65.65",
            "revenue": 352381
        },
        "2011-03": {
            "month": "2011-03",
            "price": "69.10",
            "revenue": 366609
        },
        "2011-04": {
            "month": "2011-04",
            "price": "67.26",
            "revenue": 273942
        },
        "2011-05": {
            "month": "2011-05",
            "price": "72.49",
            "revenue": 269496
        },
        "2011-06": {
            "month": "2011-06",
            "price": "71.72",
            "revenue": 300460
        },
        "2011-07": {
            "month": "2011-07",
            "price": "75.64",
            "revenue": 358849
        },
        "2011-08": {
            "month": "2011-08",
            "price": "60.30",
            "revenue": 347183
        },
        "2011-09": {
            "month": "2011-09",
            "price": "56.16",
            "revenue": 422504
        },
        "2011-10": {
            "month": "2011-10",
            "price": "61.30",
            "revenue": 353923
        },
        "2011-11": {
            "month": "2011-11",
            "price": "61.55",
            "revenue": 345520
        },
        "2011-12": {
            "month": "2011-12",
            "price": "52.85",
            "revenue": 415953
        },
        "2012-01": {
            "month": "2012-01",
            "price": "55.00",
            "revenue": 322890
        },
        "2012-02": {
            "month": "2012-02",
            "price": "62.74",
            "revenue": 348960
        },
        "2012-03": {
            "month": "2012-03",
            "price": "58.57",
            "revenue": 355839
        },
        "2012-04": {
            "month": "2012-04",
            "price": "56.07",
            "revenue": 373514
        },
        "2012-05": {
            "month": "2012-05",
            "price": "54.63",
            "revenue": 379027
        },
        "2012-06": {
            "month": "2012-06",
            "price": "54.14",
            "revenue": 380878
        },
        "2012-07": {
            "month": "2012-07",
            "price": "52.07",
            "revenue": 333080
        },
        "2012-08": {
            "month": "2012-08",
            "price": "53.92",
            "revenue": 305162
        },
        "2012-09": {
            "month": "2012-09",
            "price": "51.63",
            "revenue": 318100
        },
        "2012-10": {
            "month": "2012-10",
            "price": "49.05",
            "revenue": 362268
        },
        "2012-11": {
            "month": "2012-11",
            "price": "42.87",
            "revenue": 388841
        },
        "2012-12": {
            "month": "2012-12",
            "price": "43.90",
            "revenue": 351641
        },
        "2013-01": {
            "month": "2013-01",
            "price": "46.55",
            "revenue": 333313
        },
        "2013-02": {
            "month": "2013-02",
            "price": "48.21",
            "revenue": 292397
        },
        "2013-03": {
            "month": "2013-03",
            "price": "49.89",
            "revenue": 334087
        },
        "2013-04": {
            "month": "2013-04",
            "price": "51.82",
            "revenue": 300267
        },
        "2013-05": {
            "month": "2013-05",
            "price": "48.63",
            "revenue": 302021
        },
        "2013-06": {
            "month": "2013-06",
            "price": "46.38",
            "revenue": 300125
        },
        "2013-07": {
            "month": "2013-07",
            "price": "44.87",
            "revenue": 353347
        },
        "2013-08": {
            "month": "2013-08",
            "price": "45.50",
            "revenue": 337541
        },
        "2013-09": {
            "month": "2013-09",
            "price": "50.90",
            "revenue": 363315
        },
        "2013-10": {
            "month": "2013-10",
            "price": "57.04",
            "revenue": 489690
        },
        "2013-11": {
            "month": "2013-11",
            "price": "57.00",
            "revenue": 389000
        },
        "2013-12": {
            "month": "2013-12",
            "price": "63.95",
            "revenue": 408513
        },
        "2014-01": {
            "month": "2014-01",
            "price": "59.16",
            "revenue": 383834
        },
        "2014-02": {
            "month": "2014-02",
            "price": "67.05",
            "revenue": 316595
        },
        "2014-03": {
            "month": "2014-03",
            "price": "73.46",
            "revenue": 470369
        },
        "2014-04": {
            "month": "2014-04",
            "price": "76.02",
            "revenue": 376710
        },
        "2014-05": {
            "month": "2014-05",
            "price": "82.66",
            "revenue": 468697
        },
        "2014-06": {
            "month": "2014-06",
            "price": "85.54",
            "revenue": 379050
        },
        "2014-07": {
            "month": "2014-07",
            "price": "77.91",
            "revenue": 415993
        },
        "2014-08": {
            "month": "2014-08",
            "price": "70.08",
            "revenue": 384112
        },
        "2014-09": {
            "month": "2014-09",
            "price": "72.32",
            "revenue": 453572
        },
        "2014-10": {
            "month": "2014-10",
            "price": "71.77",
            "revenue": 460159
        },
        "2014-11": {
            "month": "2014-11",
            "price": "69.94",
            "revenue": 413332
        },
        "2014-12": {
            "month": "2014-12",
            "price": "71.04",
            "revenue": 440000
        },
        "2015-01": {
            "month": "2015-01",
            "price": "69.04",
            "revenue": 546165
        },
        "2015-02": {
            "month": "2015-02",
            "price": "71.49",
            "revenue": 492901
        },
        "2015-03": {
            "month": "2015-03",
            "price": "81.05",
            "revenue": 571329
        },
        "2015-04": {
            "month": "2015-04",
            "price": "88.22",
            "revenue": 448942
        },
        "2015-05": {
            "month": "2015-05",
            "price": "92.56",
            "revenue": 449076
        },
        "2015-06": {
            "month": "2015-06",
            "price": "97.80",
            "revenue": 443029
        },
        "2015-07": {
            "month": "2015-07",
            "price": "87.73",
            "revenue": 500413
        },
        "2015-08": {
            "month": "2015-08",
            "price": "77.19",
            "revenue": 391643
        },
        "2015-09": {
            "month": "2015-09",
            "price": "77.22",
            "revenue": 457279
        },
        "2015-10": {
            "month": "2015-10",
            "price": "87.99",
            "revenue": 498596
        },
        "2015-11": {
            "month": "2015-11",
            "price": "82.22",
            "revenue": 450399
        },
        "2015-12": {
            "month": "2015-12",
            "price": "82.38",
            "revenue": 481781
        },
        "2016-01": {
            "month": "2016-01",
            "price": "82.73",
            "revenue": 529837
        },
        "2016-02": {
            "month": "2016-02",
            "price": "82.29",
            "revenue": 406884
        },
        "2016-03": {
            "month": "2016-03",
            "price": "83.20",
            "revenue": 495794
        },
        "2016-04": {
            "month": "2016-04",
            "price": "79.03",
            "revenue": 410469
        },
        "2016-05": {
            "month": "2016-05",
            "price": "76.31",
            "revenue": 473598
        },
        "2016-06": {
            "month": "2016-06",
            "price": "80.04",
            "revenue": 443048
        },
        "2016-07": {
            "month": "2016-07",
            "price": "77.35",
            "revenue": 477385
        },
        "2016-08": {
            "month": "2016-08",
            "price": "80.46",
            "revenue": 384468
        },
        "2016-09": {
            "month": "2016-09",
            "price": "82.32",
            "revenue": 441061
        },
        "2016-10": {
            "month": "2016-10",
            "price": "80.56",
            "revenue": 539902
        },
        "2016-11": {
            "month": "2016-11",
            "price": "78.06",
            "revenue": 657222
        },
        "2016-12": {
            "month": "2016-12",
            "price": "81.65",
            "revenue": 640588
        },
        "2017-01": {
            "month": "2017-01",
            "price": "81.84",
            "revenue": 430627
        },
        "2017-02": {
            "month": "2017-02",
            "price": "81.36",
            "revenue": 401382
        },
        "2017-03": {
            "month": "2017-03",
            "price": "80.73",
            "revenue": 544011
        },
        "2017-04": {
            "month": "2017-04",
            "price": "80.66",
            "revenue": 510593
        },
        "2017-05": {
            "month": "2017-05",
            "price": "81.30",
            "revenue": 587059
        },
        "2017-06": {
            "month": "2017-06",
            "price": "84.35",
            "revenue": 525156
        },
        "2017-07": {
            "month": "2017-07",
            "price": "83.68",
            "revenue": 505556
        },
        "2017-08": {
            "month": "2017-08",
            "price": "81.92",
            "revenue": 568609
        },
        "2017-09": {
            "month": "2017-09",
            "price": "81.80",
            "revenue": 541028
        },
        "2017-10": {
            "month": "2017-10",
            "price": "81.79",
            "revenue": 536965
        },
        "2017-11": {
            "month": "2017-11",
            "price": "81.09",
            "revenue": 539832
        },
        "2017-12": {
            "month": "2017-12",
            "price": "78.45",
            "revenue": 506572
        },
        "2018-01": {
            "month": "2018-01",
            "price": "78.10",
            "revenue": 484690
        },
        "2018-02": {
            "month": "2018-02",
            "price": "77.41",
            "revenue": 353435
        },
        "2018-03": {
            "month": "2018-03",
            "price": "78.77",
            "revenue": 700712
        },
        "2018-04": {
            "month": "2018-04",
            "price": "81.19",
            "revenue": 563254
        },
        "2018-05": {
            "month": "2018-05",
            "price": "80.73",
            "revenue": 568902
        },
        "2018-06": {
            "month": "2018-06",
            "price": "80.87",
            "revenue": 511118
        },
        "2018-07": {
            "month": "2018-07",
            "price": "76.17",
            "revenue": 464019
        },
        "2018-08": {
            "month": "2018-08",
            "price": "73.35",
            "revenue": 427628
        },
        "2018-09": {
            "month": "2018-09",
            "price": "69.19",
            "revenue": 363694
        },
        "2018-10": {
            "month": "2018-10",
            "price": "60.91",
            "revenue": 439896
        },
        "2018-11": {
            "month": "2018-11",
            "price": "57.22",
            "revenue": 428525
        },
        "2018-12": {
            "month": "2018-12",
            "price": "53.83",
            "revenue": 397937
        },
        "2019-01": {
            "month": "2019-01",
            "price": "52.72",
            "revenue": 413134
        },
        "2019-02": {
            "month": "2019-02",
            "price": "56.74",
            "revenue": 348139
        },
        "2019-03": {
            "month": "2019-03",
            "price": "61.98",
            "revenue": 704140
        },
        "2019-04": {
            "month": "2019-04",
            "price": "62.98",
            "revenue": 424421
        },
        "2019-05": {
            "month": "2019-05",
            "price": "62.09",
            "revenue": 487450
        },
        "2019-06": {
            "month": "2019-06",
            "price": "62.77",
            "revenue": 473405
        },
        "2019-07": {
            "month": "2019-07",
            "price": "61.63",
            "revenue": 421906
        },
        "2019-08": {
            "month": "2019-08",
            "price": "62.06",
            "revenue": 463541
        },
        "2019-09": {
            "month": "2019-09",
            "price": "65.88",
            "revenue": 384849
        },
        "2019-10": {
            "month": "2019-10",
            "price": "65.22",
            "revenue": 435962
        },
        "2019-11": {
            "month": "2019-11",
            "price": "64.98",
            "revenue": 485732
        },
        "2019-12": {
            "month": "2019-12",
            "price": "64.84",
            "revenue": 347517
        },
        "2020-01": {
            "month": "2020-01",
            "price": "64.16",
            "revenue": 323875
        },
        "2020-02": {
            "month": "2020-02",
            "price": "61.23",
            "revenue": 490043
        },
        "2020-03": {
            "month": "2020-03",
            "price": "56.04",
            "revenue": 350014
        },
        "2020-04": {
            "month": "2020-04",
            "price": "56.06",
            "revenue": 211054
        },
        "2020-05": {
            "month": "2020-05",
            "price": "58.18",
            "revenue": 308244
        },
        "2020-06": {
            "month": "2020-06",
            "price": "60.90",
            "revenue": 371195
        },
        "2020-07": {
            "month": "2020-07",
            "price": "58.65",
            "revenue": 323713
        },
        "2020-08": {
            "month": "2020-08",
            "price": "55.85",
            "revenue": 273921
        },
        "2020-09": {
            "month": "2020-09",
            "price": "53.47",
            "revenue": 395909
        },
        "2020-10": {
            "month": "2020-10",
            "price": "54.07",
            "revenue": 728048
        },
        "2020-11": {
            "month": "2020-11",
            "price": "55.64",
            "revenue": 522022
        },
        "2020-12": {
            "month": "2020-12",
            "price": "55.63",
            "revenue": 499128
        },
        "2021-01": {
            "month": "2021-01",
            "price": "54.46",
            "revenue": 422046
        },
        "2021-02": {
            "month": "2021-02",
            "price": "53.83",
            "revenue": 358400
        },
        "2021-03": {
            "month": "2021-03",
            "price": "54.55",
            "revenue": 495429
        },
        "2021-04": {
            "month": "2021-04",
            "price": "53.44",
            "revenue": 392103
        },
        "2021-05": {
            "month": "2021-05",
            "price": "46.67",
            "revenue": 440727
        },
        "2021-06": {
            "month": "2021-06",
            "price": "45.49",
            "revenue": 408417
        },
        "2021-07": {
            "month": "2021-07",
            "price": "45.78",
            "revenue": 391699
        },
        "2021-08": {
            "month": "2021-08",
            "price": "43.98",
            "revenue": 356022
        },
        "2021-09": {
            "month": "2021-09",
            "price": "42.68",
            "revenue": 363654
        },
        "2021-10": {
            "month": "2021-10",
            "price": "42.52",
            "revenue": 431962
        },
        "2021-11": {
            "month": "2021-11",
            "price": "42.44",
            "revenue": 428555
        },
        "2021-12": {
            "month": "2021-12",
            "price": "40.85",
            "revenue": 503128
        },
        "2022-01": {
            "month": "2022-01",
            "price": "40.16",
            "revenue": 434379
        },
        "2022-02": {
            "month": "2022-02",
            "price": "40.27",
            "revenue": 350472
        },
        "2022-03": {
            "month": "2022-03",
            "price": "39.30",
            "revenue": 442764
        },
        "2022-04": {
            "month": "2022-04",
            "price": "37.16",
            "revenue": 378292
        },
        "2022-05": {
            "month": "2022-05",
            "price": "37.35",
            "revenue": 410886
        },
        "2022-06": {
            "month": "2022-06",
            "price": "37.87",
            "revenue": 380583
        },
        "2022-07": {
            "month": "2022-07",
            "price": "34.45",
            "revenue": 398886
        },
        "2022-08": {
            "month": "2022-08",
            "price": "35.39",
            "revenue": 371194
        },
        "2022-09": {
            "month": "2022-09",
            "price": "35.43",
            "revenue": 407598
        },
        "2022-10": {
            "month": "2022-10",
            "price": "34.35",
            "revenue": 371904
        },
        "2022-11": {
            "month": "2022-11",
            "price": "34.80",
            "revenue": 413497
        },
        "2022-12": {
            "month": "2022-12",
            "price": "35.58",
            "revenue": 385947
        },
        "2023-01": {
            "month": "2023-01",
            "price": "34.73",
            "revenue": 384307
        },
        "2023-02": {
            "month": "2023-02",
            "price": "36.13",
            "revenue": 381295
        },
        "2023-03": {
            "month": "2023-03",
            "price": "38.17",
            "revenue": 430927
        },
        "2023-04": {
            "month": "2023-04",
            "price": "38.64",
            "revenue": 338445
        }
    }
}
