{
    "summary": {
        "stock_name": "堤維西",
        "stock_id": "1522",
        "category": "汽車",
        "main_business": "汽車燈<br>機車燈<br>汽車百貨及零件",
        "website_url": "http://www.tyc.com.tw",
        "ceo": "蘇彥碩",
        "pe_ratio": 10,
        "report_year_from": 2001,
        "report_year_to": 2023,
        "age": 22,
        "eps_negative_percentage": 25,
        "eps_growth_avg": {
            "last_all": 0.19,
            "last_2y": 3.88,
            "last_4y": 3.5,
            "last_8y": 18.09,
            "last_12y": -6.78,
            "last_16y": 3.94,
            "last_20y": 0.19,
            "at_2006_last_3y": -51.84,
            "at_2007_last_3y": -9.36,
            "at_2008_last_3y": -19.85,
            "at_2009_last_3y": 46.81,
            "at_2010_last_3y": 15.55,
            "at_2011_last_3y": -25.92,
            "at_2012_last_3y": -36.03,
            "at_2013_last_3y": -81.38,
            "at_2014_last_3y": -21.97,
            "at_2015_last_3y": 16.26,
            "at_2016_last_3y": 59.57,
            "at_2017_last_3y": 36.32,
            "at_2018_last_3y": 9.89,
            "at_2019_last_3y": 0.59,
            "at_2020_last_3y": -22.43,
            "at_2021_last_3y": -20.62,
            "at_2022_last_3y": 5.8,
            "at_2023_last_3y": 5.8,
            "at_2006_last_all": -13.88,
            "at_2007_last_all": 8.9,
            "at_2008_last_all": -2.51,
            "at_2009_last_all": 12.13,
            "at_2010_last_all": 0.84,
            "at_2011_last_all": -6.58,
            "at_2012_last_all": -15.92,
            "at_2013_last_all": -15.92,
            "at_2014_last_all": -5.38,
            "at_2015_last_all": -0.87,
            "at_2016_last_all": 1.5,
            "at_2017_last_all": -1,
            "at_2018_last_all": -1.31,
            "at_2019_last_all": -0.5,
            "at_2020_last_all": -4.13,
            "at_2021_last_all": -5.36,
            "at_2022_last_all": 0.19,
            "at_2023_last_all": 0.19
        },
        "latest_eps": 2.75,
        "latest_price": 28.5,
        "latest_roe": 10.34,
        "latest_gross_margin": 24.49,
        "latest_equity": 9233048,
        "latest_revenue": 4709936,
        "latest_gross_profit": 1153605,
        "latest_net_income": 218671,
        "latest_debt_ratio": 62.73,
        "latest_current_ratio": 134.23,
        "latest_account_receivable_turnover_ratio": 1.39,
        "latest_inventory_turnover_ratio": 0.62,
        "latest_reinvestment_rate": -18.68,
        "latest_research_to_sale_ratio": 1.87
    },
    "eps_dividends": {
        "2000": {
            "cash": 1,
            "stock": 2,
            "eps": 0
        },
        "2001": {
            "cash": 0,
            "stock": 0,
            "eps": 1.7
        },
        "2002": {
            "cash": 1,
            "stock": 1,
            "eps": 4.12
        },
        "2003": {
            "cash": 3,
            "stock": 1,
            "eps": 2.99
        },
        "2004": {
            "cash": 1,
            "stock": 1,
            "eps": 2.15
        },
        "2005": {
            "cash": 0,
            "stock": 1,
            "eps": -1.34
        },
        "2006": {
            "cash": 0,
            "stock": 0,
            "eps": 0.34
        },
        "2007": {
            "cash": 0,
            "stock": 0,
            "eps": 1.83
        },
        "2008": {
            "cash": 0,
            "stock": 0,
            "eps": 0.74
        },
        "2009": {
            "cash": 0,
            "stock": 0,
            "eps": 2.02
        },
        "2010": {
            "cash": 1,
            "stock": 1,
            "eps": 0.44
        },
        "2011": {
            "cash": 0,
            "stock": 0,
            "eps": 0.15
        },
        "2012": {
            "cash": 0,
            "stock": 0,
            "eps": -0.57
        },
        "2013": {
            "cash": 0,
            "stock": 0,
            "eps": 0.21
        },
        "2014": {
            "cash": 0,
            "stock": 0,
            "eps": 1.64
        },
        "2015": {
            "cash": 1,
            "stock": 0,
            "eps": 2.44
        },
        "2016": {
            "cash": 2,
            "stock": 0,
            "eps": 3.17
        },
        "2017": {
            "cash": 2,
            "stock": 0,
            "eps": 2.11
        },
        "2018": {
            "cash": 2,
            "stock": 0,
            "eps": 1.99
        },
        "2019": {
            "cash": 1,
            "stock": 0,
            "eps": 2.22
        },
        "2020": {
            "cash": 1,
            "stock": 0,
            "eps": 0.84
        },
        "2021": {
            "cash": 1,
            "stock": 0,
            "eps": 0.62
        },
        "2022": {
            "cash": 1,
            "stock": 0,
            "eps": 2.92
        },
        "2023": {
            "cash": 2,
            "stock": 0,
            "eps": 0.65
        }
    },
    "dividends": {
        "2000-05-24": {
            "cash": 0.5,
            "stock": 2
        },
        "2001-05-31": {
            "cash": 0.3,
            "stock": 0.3
        },
        "2002-05-28": {
            "cash": 0.8,
            "stock": 0.8
        },
        "2003-03-26": {
            "cash": 3,
            "stock": 0.5
        },
        "2004-03-23": {
            "cash": 1.25,
            "stock": 1.25
        },
        "2005-03-29": {
            "cash": 0.3,
            "stock": 1.2
        },
        "2007-03-23": {
            "cash": 0.15,
            "stock": 0.15
        },
        "2008-03-25": {
            "cash": 0.41,
            "stock": 0.41
        },
        "2009-03-23": {
            "cash": 0.3,
            "stock": 0.3
        },
        "2010-03-24": {
            "cash": 0.5,
            "stock": 1
        },
        "2011-01-01": {
            "cash": 0.1,
            "stock": 0.1
        },
        "2011-03-28": {
            "cash": 0,
            "stock": 0.3
        },
        "2015-09-23": {
            "cash": 1,
            "stock": 0
        },
        "2016-09-23": {
            "cash": 1.5,
            "stock": 0
        },
        "2017-08-25": {
            "cash": 2,
            "stock": 0
        },
        "2018-08-24": {
            "cash": 1.6,
            "stock": 0
        },
        "2019-08-23": {
            "cash": 1.3,
            "stock": 0
        },
        "2020-08-21": {
            "cash": 1.4,
            "stock": 0
        },
        "2021-09-15": {
            "cash": 0.6,
            "stock": 0
        },
        "2022-08-12": {
            "cash": 0.5,
            "stock": 0
        },
        "2023-03-16": {
            "cash": 1.8,
            "stock": 0
        }
    },
    "prices": {
        "200101": "17.47",
        "200102": "17.37",
        "200103": "20.10",
        "200104": "21.26",
        "200105": "18.96",
        "200106": "20.36",
        "200107": "17.04",
        "200108": "15.37",
        "200109": "13.60",
        "200110": "13.45",
        "200111": "16.53",
        "200112": "21.17",
        "200201": "23.27",
        "200202": "22.96",
        "200203": "25.04",
        "200204": "32.84",
        "200205": "42.01",
        "200206": "45.37",
        "200207": "42.45",
        "200208": "43.06",
        "200209": "44.19",
        "200210": "47.12",
        "200211": "51.37",
        "200212": "55.20",
        "200301": "57.16",
        "200302": "57.75",
        "200303": "62.00",
        "200304": "64.77",
        "200305": "63.24",
        "200306": "60.82",
        "200307": "60.80",
        "200308": "55.86",
        "200309": "49.38",
        "200310": "49.28",
        "200311": "50.29",
        "200312": "48.74",
        "200401": "47.73",
        "200402": "48.59",
        "200403": "46.98",
        "200404": "44.43",
        "200405": "32.20",
        "200406": "32.43",
        "200407": "31.94",
        "200408": "28.31",
        "200409": "31.45",
        "200410": "31.34",
        "200411": "29.64",
        "200412": "29.96",
        "200501": "31.29",
        "200502": "30.17",
        "200503": "27.70",
        "200504": "25.22",
        "200505": "22.48",
        "200506": "24.75",
        "200507": "24.10",
        "200508": "20.42",
        "200509": "21.00",
        "200510": "22.10",
        "200511": "21.36",
        "200512": "21.92",
        "200601": "22.49",
        "200602": "21.92",
        "200603": "20.66",
        "200604": "24.60",
        "200605": "24.24",
        "200606": "21.45",
        "200607": "21.30",
        "200608": "20.76",
        "200609": "17.96",
        "200610": "21.56",
        "200611": "23.50",
        "200612": "25.16",
        "200701": "24.08",
        "200702": "23.75",
        "200703": "23.66",
        "200704": "24.20",
        "200705": "23.14",
        "200706": "24.05",
        "200707": "26.63",
        "200708": "24.01",
        "200709": "24.67",
        "200710": "24.98",
        "200711": "22.19",
        "200712": "21.04",
        "200801": "20.86",
        "200802": "22.65",
        "200803": "23.95",
        "200804": "22.41",
        "200805": "21.84",
        "200806": "19.11",
        "200807": "15.73",
        "200808": "15.98",
        "200809": "14.36",
        "200810": "11.04",
        "200811": "10.74",
        "200812": "10.43",
        "200901": "10.47",
        "200902": "11.24",
        "200903": "14.79",
        "200904": "18.88",
        "200905": "22.19",
        "200906": "19.09",
        "200907": "20.37",
        "200908": "20.00",
        "200909": "20.39",
        "200910": "21.27",
        "200911": "23.83",
        "200912": "27.45",
        "201001": "25.54",
        "201002": "22.19",
        "201003": "23.77",
        "201004": "25.08",
        "201005": "20.88",
        "201006": "19.85",
        "201007": "20.36",
        "201008": "21.08",
        "201009": "19.84",
        "201010": "19.60",
        "201011": "18.01",
        "201012": "18.82",
        "201101": "19.44",
        "201102": "17.92",
        "201103": "17.35",
        "201104": "17.35",
        "201105": "16.33",
        "201106": "14.89",
        "201107": "14.45",
        "201108": "12.87",
        "201109": "12.62",
        "201110": "12.89",
        "201111": "12.77",
        "201112": "11.73",
        "201201": "11.68",
        "201202": "14.13",
        "201203": "14.36",
        "201204": "12.85",
        "201205": "11.82",
        "201206": "11.88",
        "201207": "11.68",
        "201208": "11.90",
        "201209": "12.02",
        "201210": "11.46",
        "201211": "10.30",
        "201212": "10.49",
        "201301": "10.79",
        "201302": "10.82",
        "201303": "10.88",
        "201304": "11.22",
        "201305": "12.04",
        "201306": "12.45",
        "201307": "14.20",
        "201308": "15.56",
        "201309": "17.39",
        "201310": "17.65",
        "201311": "16.00",
        "201312": "16.51",
        "201401": "16.96",
        "201402": "18.01",
        "201403": "18.84",
        "201404": "20.28",
        "201405": "20.20",
        "201406": "21.28",
        "201407": "20.15",
        "201408": "18.65",
        "201409": "17.90",
        "201410": "16.89",
        "201411": "17.50",
        "201412": "19.57",
        "201501": "22.61",
        "201502": "22.20",
        "201503": "21.54",
        "201504": "22.42",
        "201505": "19.70",
        "201506": "18.15",
        "201507": "19.03",
        "201508": "18.37",
        "201509": "19.42",
        "201510": "22.38",
        "201511": "23.49",
        "201512": "23.63",
        "201601": "22.35",
        "201602": "25.50",
        "201603": "26.60",
        "201604": "26.27",
        "201605": "25.11",
        "201606": "25.81",
        "201607": "28.49",
        "201608": "34.50",
        "201609": "37.36",
        "201610": "34.24",
        "201611": "32.33",
        "201612": "35.40",
        "201701": "35.72",
        "201702": "36.24",
        "201703": "35.01",
        "201704": "31.58",
        "201705": "31.29",
        "201706": "32.20",
        "201707": "32.72",
        "201708": "31.02",
        "201709": "32.98",
        "201710": "34.58",
        "201711": "33.85",
        "201712": "32.83",
        "201801": "33.05",
        "201802": "29.78",
        "201803": "30.43",
        "201804": "30.34",
        "201805": "30.44",
        "201806": "32.30",
        "201807": "31.58",
        "201808": "29.78",
        "201809": "28.47",
        "201810": "24.05",
        "201811": "24.01",
        "201812": "25.05",
        "201901": "23.83",
        "201902": "25.72",
        "201903": "26.36",
        "201904": "26.94",
        "201905": "27.91",
        "201906": "27.22",
        "201907": "28.21",
        "201908": "29.04",
        "201909": "31.41",
        "201910": "30.82",
        "201911": "29.71",
        "201912": "29.18",
        "202001": "27.98",
        "202002": "25.26",
        "202003": "20.64",
        "202004": "23.35",
        "202005": "23.48",
        "202006": "24.52",
        "202007": "24.33",
        "202008": "22.40",
        "202009": "21.74",
        "202010": "21.09",
        "202011": "21.45",
        "202012": "21.98",
        "202101": "23.84",
        "202102": "23.09",
        "202103": "23.74",
        "202104": "24.43",
        "202105": "21.32",
        "202106": "21.72",
        "202107": "22.28",
        "202108": "20.40",
        "202109": "19.78",
        "202110": "19.68",
        "202111": "19.69",
        "202112": "19.12",
        "202201": "19.12",
        "202202": "18.93",
        "202203": "18.25",
        "202204": "18.89",
        "202205": "23.21",
        "202206": "28.25",
        "202207": "29.54",
        "202208": "30.85",
        "202209": "28.68",
        "202210": "25.89",
        "202211": "26.85",
        "202212": "27.82",
        "202301": "27.52",
        "202302": "28.38",
        "202303": "29.13",
        "202304": "29.65",
        "202305": "29.06"
    },
    "quarters": {
        "20011": {
            "year_quarter": 20011,
            "year": 2001,
            "quarter": 1,
            "eps": 0.06,
            "eps_growth_year": null,
            "eps_4q": 0.82,
            "eps_4q_growth_year": -45.1,
            "roe": 0.3,
            "gross_profit": 155421,
            "gross_margin": 14.54,
            "net_income": 9513,
            "revenue": 1068560,
            "common_shares": 1647072,
            "equity": 3089785,
            "current_ratio": 86.36,
            "debt_ratio": 55.57,
            "inventory_turnover_ratio": 1.91,
            "account_receivable_turnover_ratio": null,
            "reinvestment_rate": null,
            "research_to_sale_ratio": null,
            "price_fair": 0,
            "eps_avg_yearly": 0,
            "eps_latest_yearly": 0,
            "eps_growth_yearly": 0
        },
        "20012": {
            "year_quarter": 20012,
            "year": 2001,
            "quarter": 2,
            "eps": 0.75,
            "eps_growth_year": 581.82,
            "eps_4q": 1.45,
            "eps_4q_growth_year": 55.05,
            "roe": 3.89,
            "gross_profit": 191367,
            "gross_margin": 16.86,
            "net_income": 123059,
            "revenue": 1135320,
            "common_shares": 1647072,
            "equity": 3240410,
            "current_ratio": 91.07,
            "debt_ratio": 54.52,
            "inventory_turnover_ratio": 2.34,
            "account_receivable_turnover_ratio": null,
            "reinvestment_rate": null,
            "research_to_sale_ratio": null,
            "price_fair": 0,
            "eps_avg_yearly": 0,
            "eps_latest_yearly": 0,
            "eps_growth_yearly": 0
        },
        "20013": {
            "year_quarter": 20013,
            "year": 2001,
            "quarter": 3,
            "eps": 0.48,
            "eps_growth_year": 2300,
            "eps_4q": 1.85,
            "eps_4q_growth_year": 523.36,
            "roe": 2.5,
            "gross_profit": 239551,
            "gross_margin": 22.7,
            "net_income": 82101,
            "revenue": 1055459,
            "common_shares": 1696484,
            "equity": 3321148,
            "current_ratio": 101.49,
            "debt_ratio": 53.07,
            "inventory_turnover_ratio": 2.08,
            "account_receivable_turnover_ratio": null,
            "reinvestment_rate": null,
            "research_to_sale_ratio": null,
            "price_fair": 0,
            "eps_avg_yearly": 0,
            "eps_latest_yearly": 0,
            "eps_growth_yearly": 0
        },
        "20014": {
            "year_quarter": 20014,
            "year": 2001,
            "quarter": 4,
            "eps": 0.41,
            "eps_growth_year": -33.87,
            "eps_4q": 1.67,
            "eps_4q_growth_year": 221.85,
            "roe": 2.08,
            "gross_profit": 268096,
            "gross_margin": 23.1,
            "net_income": 69792,
            "revenue": 1160562,
            "common_shares": 1696484,
            "equity": 3390738,
            "current_ratio": 98.65,
            "debt_ratio": 55.69,
            "inventory_turnover_ratio": 2.14,
            "account_receivable_turnover_ratio": null,
            "reinvestment_rate": null,
            "research_to_sale_ratio": null,
            "price_fair": 0,
            "eps_avg_yearly": 0,
            "eps_latest_yearly": 0,
            "eps_growth_yearly": 0
        },
        "20021": {
            "year_quarter": 20021,
            "year": 2002,
            "quarter": 1,
            "eps": 0.91,
            "eps_growth_year": 1416.67,
            "eps_4q": 2.54,
            "eps_4q_growth_year": 211.63,
            "roe": 4.43,
            "gross_profit": 306854,
            "gross_margin": 25.12,
            "net_income": 153281,
            "revenue": 1221610,
            "common_shares": 1696484,
            "equity": 3533908,
            "current_ratio": 113.32,
            "debt_ratio": 49.98,
            "inventory_turnover_ratio": 2.2,
            "account_receivable_turnover_ratio": null,
            "reinvestment_rate": null,
            "research_to_sale_ratio": null,
            "price_fair": 127.4,
            "eps_avg_yearly": 3.64,
            "eps_latest_yearly": 3.64,
            "eps_growth_yearly": 487.8
        },
        "20022": {
            "year_quarter": 20022,
            "year": 2002,
            "quarter": 2,
            "eps": 1.35,
            "eps_growth_year": 80,
            "eps_4q": 3.02,
            "eps_4q_growth_year": 108.74,
            "roe": 6.92,
            "gross_profit": 475701,
            "gross_margin": 29.73,
            "net_income": 246374,
            "revenue": 1600065,
            "common_shares": 1696484,
            "equity": 3590457,
            "current_ratio": 105.35,
            "debt_ratio": 51.45,
            "inventory_turnover_ratio": 2.98,
            "account_receivable_turnover_ratio": null,
            "reinvestment_rate": null,
            "research_to_sale_ratio": null,
            "price_fair": 158.2,
            "eps_avg_yearly": 4.52,
            "eps_latest_yearly": 5.4,
            "eps_growth_yearly": 340.61
        },
        "20023": {
            "year_quarter": 20023,
            "year": 2002,
            "quarter": 3,
            "eps": 0.67,
            "eps_growth_year": 39.58,
            "eps_4q": 3.26,
            "eps_4q_growth_year": 76.08,
            "roe": 3.32,
            "gross_profit": 306686,
            "gross_margin": 24.59,
            "net_income": 121488,
            "revenue": 1247193,
            "common_shares": 1832203,
            "equity": 3736868,
            "current_ratio": 103.17,
            "debt_ratio": 48.9,
            "inventory_turnover_ratio": 2.56,
            "account_receivable_turnover_ratio": null,
            "reinvestment_rate": null,
            "research_to_sale_ratio": null,
            "price_fair": 136.73,
            "eps_avg_yearly": 3.91,
            "eps_latest_yearly": 2.68,
            "eps_growth_yearly": 159.91
        },
        "20024": {
            "year_quarter": 20024,
            "year": 2002,
            "quarter": 4,
            "eps": 1.19,
            "eps_growth_year": 190.24,
            "eps_4q": 4.04,
            "eps_4q_growth_year": 141.99,
            "roe": 5.6,
            "gross_profit": 464238,
            "gross_margin": 30.12,
            "net_income": 217304,
            "revenue": 1541364,
            "common_shares": 1832203,
            "equity": 4029082,
            "current_ratio": 98.22,
            "debt_ratio": 52.27,
            "inventory_turnover_ratio": 2.19,
            "account_receivable_turnover_ratio": null,
            "reinvestment_rate": 81.7,
            "research_to_sale_ratio": null,
            "price_fair": 144.2,
            "eps_avg_yearly": 4.12,
            "eps_latest_yearly": 4.76,
            "eps_growth_yearly": 197.54
        },
        "20031": {
            "year_quarter": 20031,
            "year": 2003,
            "quarter": 1,
            "eps": 1.1,
            "eps_growth_year": 20.88,
            "eps_4q": 4.32,
            "eps_4q_growth_year": 69.73,
            "roe": 4.87,
            "gross_profit": 422098,
            "gross_margin": 26.66,
            "net_income": 200212,
            "revenue": 1583176,
            "common_shares": 1832203,
            "equity": 4187530,
            "current_ratio": 86.53,
            "debt_ratio": 50.16,
            "inventory_turnover_ratio": 2.28,
            "account_receivable_turnover_ratio": null,
            "reinvestment_rate": 48.43,
            "research_to_sale_ratio": null,
            "price_fair": 146.16,
            "eps_avg_yearly": 4.18,
            "eps_latest_yearly": 4.4,
            "eps_growth_yearly": 151.99
        },
        "20032": {
            "year_quarter": 20032,
            "year": 2003,
            "quarter": 2,
            "eps": 1.12,
            "eps_growth_year": -17.04,
            "eps_4q": 3.93,
            "eps_4q_growth_year": 30.06,
            "roe": 5.35,
            "gross_profit": 466963,
            "gross_margin": 27.06,
            "net_income": 214777,
            "revenue": 1725744,
            "common_shares": 1832203,
            "equity": 3847742,
            "current_ratio": 68.72,
            "debt_ratio": 57.57,
            "inventory_turnover_ratio": 3.08,
            "account_receivable_turnover_ratio": null,
            "reinvestment_rate": 51.73,
            "research_to_sale_ratio": null,
            "price_fair": 147.93,
            "eps_avg_yearly": 4.23,
            "eps_latest_yearly": 4.48,
            "eps_growth_yearly": 127.87
        },
        "20033": {
            "year_quarter": 20033,
            "year": 2003,
            "quarter": 3,
            "eps": 0.36,
            "eps_growth_year": -46.27,
            "eps_4q": 3.62,
            "eps_4q_growth_year": 11.17,
            "roe": 1.8,
            "gross_profit": 277432,
            "gross_margin": 20.6,
            "net_income": 69758,
            "revenue": 1346878,
            "common_shares": 1923813,
            "equity": 3923321,
            "current_ratio": 87.83,
            "debt_ratio": 58.88,
            "inventory_turnover_ratio": 2.68,
            "account_receivable_turnover_ratio": null,
            "reinvestment_rate": 56.35,
            "research_to_sale_ratio": null,
            "price_fair": 134,
            "eps_avg_yearly": 3.83,
            "eps_latest_yearly": 1.44,
            "eps_growth_yearly": 70.82
        },
        "20034": {
            "year_quarter": 20034,
            "year": 2003,
            "quarter": 4,
            "eps": 0.41,
            "eps_growth_year": -65.55,
            "eps_4q": 2.97,
            "eps_4q_growth_year": -26.66,
            "roe": 1.96,
            "gross_profit": 263253,
            "gross_margin": 19.44,
            "net_income": 77761,
            "revenue": 1354260,
            "common_shares": 1923813,
            "equity": 4022845,
            "current_ratio": 106.15,
            "debt_ratio": 60.29,
            "inventory_turnover_ratio": 1.9,
            "account_receivable_turnover_ratio": null,
            "reinvestment_rate": 86.28,
            "research_to_sale_ratio": null,
            "price_fair": 124.43,
            "eps_avg_yearly": 3.56,
            "eps_latest_yearly": 1.64,
            "eps_growth_yearly": 68.92
        },
        "20041": {
            "year_quarter": 20041,
            "year": 2004,
            "quarter": 1,
            "eps": 0.63,
            "eps_growth_year": -42.73,
            "eps_4q": 2.51,
            "eps_4q_growth_year": -41.83,
            "roe": 3,
            "gross_profit": 409236,
            "gross_margin": 24.53,
            "net_income": 121399,
            "revenue": 1668080,
            "common_shares": 1923813,
            "equity": 4057700,
            "current_ratio": 111.36,
            "debt_ratio": 60.3,
            "inventory_turnover_ratio": 2.03,
            "account_receivable_turnover_ratio": null,
            "reinvestment_rate": 62.79,
            "research_to_sale_ratio": null,
            "price_fair": 120.4,
            "eps_avg_yearly": 3.44,
            "eps_latest_yearly": 2.52,
            "eps_growth_yearly": 85.11
        },
        "20042": {
            "year_quarter": 20042,
            "year": 2004,
            "quarter": 2,
            "eps": 0.69,
            "eps_growth_year": -38.39,
            "eps_4q": 1.94,
            "eps_4q_growth_year": -50.72,
            "roe": 3.69,
            "gross_profit": 379690,
            "gross_margin": 22.78,
            "net_income": 148810,
            "revenue": 1666930,
            "common_shares": 1923813,
            "equity": 3997704,
            "current_ratio": 115.16,
            "debt_ratio": 62.93,
            "inventory_turnover_ratio": 2.6,
            "account_receivable_turnover_ratio": null,
            "reinvestment_rate": 68.06,
            "research_to_sale_ratio": null,
            "price_fair": 118.02,
            "eps_avg_yearly": 3.37,
            "eps_latest_yearly": 2.76,
            "eps_growth_yearly": 80.41
        },
        "20043": {
            "year_quarter": 20043,
            "year": 2004,
            "quarter": 3,
            "eps": 0.71,
            "eps_growth_year": 97.22,
            "eps_4q": 2.33,
            "eps_4q_growth_year": -35.8,
            "roe": 3.75,
            "gross_profit": 404602,
            "gross_margin": 24.85,
            "net_income": 152890,
            "revenue": 1627975,
            "common_shares": 2166170,
            "equity": 4154172,
            "current_ratio": 104.01,
            "debt_ratio": 62.52,
            "inventory_turnover_ratio": 2.15,
            "account_receivable_turnover_ratio": null,
            "reinvestment_rate": 77.13,
            "research_to_sale_ratio": null,
            "price_fair": 116.33,
            "eps_avg_yearly": 3.32,
            "eps_latest_yearly": 2.84,
            "eps_growth_yearly": 74.15
        },
        "20044": {
            "year_quarter": 20044,
            "year": 2004,
            "quarter": 4,
            "eps": 0.12,
            "eps_growth_year": -70.73,
            "eps_4q": 2.14,
            "eps_4q_growth_year": -27.92,
            "roe": 0.61,
            "gross_profit": 377107,
            "gross_margin": 22.12,
            "net_income": 25162,
            "revenue": 1704530,
            "common_shares": 2166170,
            "equity": 4084091,
            "current_ratio": 101.66,
            "debt_ratio": 65.74,
            "inventory_turnover_ratio": 1.61,
            "account_receivable_turnover_ratio": null,
            "reinvestment_rate": 114.16,
            "research_to_sale_ratio": null,
            "price_fair": 108.03,
            "eps_avg_yearly": 3.09,
            "eps_latest_yearly": 0.48,
            "eps_growth_yearly": 40.27
        },
        "20051": {
            "year_quarter": 20051,
            "year": 2005,
            "quarter": 1,
            "eps": -0.76,
            "eps_growth_year": -220.63,
            "eps_4q": 0.76,
            "eps_4q_growth_year": -69.88,
            "roe": -4.07,
            "gross_profit": 234121,
            "gross_margin": 15.06,
            "net_income": -163847,
            "revenue": 1554603,
            "common_shares": 2166170,
            "equity": 3957768,
            "current_ratio": 115.28,
            "debt_ratio": 63.41,
            "inventory_turnover_ratio": 1.63,
            "account_receivable_turnover_ratio": null,
            "reinvestment_rate": 86.83,
            "research_to_sale_ratio": null,
            "price_fair": 108.03,
            "eps_avg_yearly": 3.09,
            "eps_latest_yearly": 0.48,
            "eps_growth_yearly": 40.27
        },
        "20052": {
            "year_quarter": 20052,
            "year": 2005,
            "quarter": 2,
            "eps": 0.02,
            "eps_growth_year": -97.1,
            "eps_4q": 0.08,
            "eps_4q_growth_year": -96.08,
            "roe": 0.13,
            "gross_profit": 235398,
            "gross_margin": 14.57,
            "net_income": 5082,
            "revenue": 1615448,
            "common_shares": 2166170,
            "equity": 3897439,
            "current_ratio": 143.53,
            "debt_ratio": 63.6,
            "inventory_turnover_ratio": 2.47,
            "account_receivable_turnover_ratio": null,
            "reinvestment_rate": 98.88,
            "research_to_sale_ratio": null,
            "price_fair": 108.03,
            "eps_avg_yearly": 3.09,
            "eps_latest_yearly": 0.48,
            "eps_growth_yearly": 40.27
        },
        "20053": {
            "year_quarter": 20053,
            "year": 2005,
            "quarter": 3,
            "eps": -0.2,
            "eps_growth_year": -128.17,
            "eps_4q": -0.75,
            "eps_4q_growth_year": -132.4,
            "roe": -1.26,
            "gross_profit": 193396,
            "gross_margin": 12.46,
            "net_income": -49251,
            "revenue": 1552752,
            "common_shares": 2426110,
            "equity": 3892978,
            "current_ratio": 134.02,
            "debt_ratio": 64.26,
            "inventory_turnover_ratio": 2.59,
            "account_receivable_turnover_ratio": null,
            "reinvestment_rate": 113.18,
            "research_to_sale_ratio": null,
            "price_fair": 108.03,
            "eps_avg_yearly": 3.09,
            "eps_latest_yearly": 0.48,
            "eps_growth_yearly": 40.27
        },
        "20054": {
            "year_quarter": 20054,
            "year": 2005,
            "quarter": 4,
            "eps": -0.4,
            "eps_growth_year": -433.33,
            "eps_4q": -1.1,
            "eps_4q_growth_year": -151.61,
            "roe": -2.39,
            "gross_profit": 238112,
            "gross_margin": 15.04,
            "net_income": -97903,
            "revenue": 1583554,
            "common_shares": 2449618,
            "equity": 4310703,
            "current_ratio": 123.65,
            "debt_ratio": 68,
            "inventory_turnover_ratio": 1.34,
            "account_receivable_turnover_ratio": null,
            "reinvestment_rate": 229.67,
            "research_to_sale_ratio": null,
            "price_fair": 108.03,
            "eps_avg_yearly": 3.09,
            "eps_latest_yearly": 0.48,
            "eps_growth_yearly": 40.27
        },
        "20061": {
            "year_quarter": 20061,
            "year": 2006,
            "quarter": 1,
            "eps": 0.12,
            "eps_growth_year": null,
            "eps_4q": -0.46,
            "eps_4q_growth_year": -160.31,
            "roe": 0.72,
            "gross_profit": 323374,
            "gross_margin": 17.84,
            "net_income": 29595,
            "revenue": 1813138,
            "common_shares": 2450699,
            "equity": 3861614,
            "current_ratio": 102.42,
            "debt_ratio": 65.45,
            "inventory_turnover_ratio": 1.5,
            "account_receivable_turnover_ratio": null,
            "reinvestment_rate": 143.89,
            "research_to_sale_ratio": null,
            "price_fair": 9.11,
            "eps_avg_yearly": 3.04,
            "eps_latest_yearly": 0.48,
            "eps_growth_yearly": -0.41
        },
        "20062": {
            "year_quarter": 20062,
            "year": 2006,
            "quarter": 2,
            "eps": -0.01,
            "eps_growth_year": -150,
            "eps_4q": -0.49,
            "eps_4q_growth_year": -739.12,
            "roe": -0.08,
            "gross_profit": 281046,
            "gross_margin": 15.02,
            "net_income": -3058,
            "revenue": 1871705,
            "common_shares": 2486383,
            "equity": 3948921,
            "current_ratio": 90.15,
            "debt_ratio": 63.84,
            "inventory_turnover_ratio": 2.97,
            "account_receivable_turnover_ratio": null,
            "reinvestment_rate": 178.73,
            "research_to_sale_ratio": null,
            "price_fair": 8.4,
            "eps_avg_yearly": 2.8,
            "eps_latest_yearly": 0.48,
            "eps_growth_yearly": -19.8
        },
        "20063": {
            "year_quarter": 20063,
            "year": 2006,
            "quarter": 3,
            "eps": 0.37,
            "eps_growth_year": null,
            "eps_4q": 0.08,
            "eps_4q_growth_year": null,
            "roe": 2.27,
            "gross_profit": 362166,
            "gross_margin": 18.86,
            "net_income": 90754,
            "revenue": 1920624,
            "common_shares": 2486383,
            "equity": 4045146,
            "current_ratio": 98.33,
            "debt_ratio": 64.04,
            "inventory_turnover_ratio": 2.65,
            "account_receivable_turnover_ratio": null,
            "reinvestment_rate": 179.14,
            "research_to_sale_ratio": null,
            "price_fair": 28.13,
            "eps_avg_yearly": 2.81,
            "eps_latest_yearly": 0.48,
            "eps_growth_yearly": 0.39
        },
        "20064": {
            "year_quarter": 20064,
            "year": 2006,
            "quarter": 4,
            "eps": -0.14,
            "eps_growth_year": null,
            "eps_4q": 0.25,
            "eps_4q_growth_year": null,
            "roe": -0.81,
            "gross_profit": 472951,
            "gross_margin": 22.49,
            "net_income": -33885,
            "revenue": 2102555,
            "common_shares": 2490615,
            "equity": 4319194,
            "current_ratio": 87.31,
            "debt_ratio": 67.2,
            "inventory_turnover_ratio": 1.6,
            "account_receivable_turnover_ratio": null,
            "reinvestment_rate": 333.28,
            "research_to_sale_ratio": null,
            "price_fair": 7.71,
            "eps_avg_yearly": 2.57,
            "eps_latest_yearly": 0.48,
            "eps_growth_yearly": -38.37
        },
        "20071": {
            "year_quarter": 20071,
            "year": 2007,
            "quarter": 1,
            "eps": 0.36,
            "eps_growth_year": 200,
            "eps_4q": 0.58,
            "eps_4q_growth_year": null,
            "roe": 2.1,
            "gross_profit": 328034,
            "gross_margin": 16.55,
            "net_income": 88687,
            "revenue": 1982493,
            "common_shares": 2490709,
            "equity": 4133577,
            "current_ratio": 106.35,
            "debt_ratio": 63.33,
            "inventory_turnover_ratio": 1.62,
            "account_receivable_turnover_ratio": null,
            "reinvestment_rate": 196.09,
            "research_to_sale_ratio": null,
            "price_fair": 6.93,
            "eps_avg_yearly": 2.31,
            "eps_latest_yearly": 0.48,
            "eps_growth_yearly": -39.52
        },
        "20072": {
            "year_quarter": 20072,
            "year": 2007,
            "quarter": 2,
            "eps": 0.5,
            "eps_growth_year": null,
            "eps_4q": 1.08,
            "eps_4q_growth_year": null,
            "roe": 2.99,
            "gross_profit": 426645,
            "gross_margin": 19.4,
            "net_income": 125820,
            "revenue": 2199398,
            "common_shares": 2490709,
            "equity": 4268926,
            "current_ratio": 113.43,
            "debt_ratio": 62.41,
            "inventory_turnover_ratio": 2.96,
            "account_receivable_turnover_ratio": null,
            "reinvestment_rate": 164.43,
            "research_to_sale_ratio": null,
            "price_fair": 5.86,
            "eps_avg_yearly": 1.95,
            "eps_latest_yearly": 2,
            "eps_growth_yearly": -18.34
        },
        "20073": {
            "year_quarter": 20073,
            "year": 2007,
            "quarter": 3,
            "eps": 0.67,
            "eps_growth_year": 81.08,
            "eps_4q": 1.38,
            "eps_4q_growth_year": 1649.78,
            "roe": 3.83,
            "gross_profit": 397855,
            "gross_margin": 19.7,
            "net_income": 169706,
            "revenue": 2019510,
            "common_shares": 2610683,
            "equity": 4600904,
            "current_ratio": 116.62,
            "debt_ratio": 59.59,
            "inventory_turnover_ratio": 2.79,
            "account_receivable_turnover_ratio": null,
            "reinvestment_rate": 110.85,
            "research_to_sale_ratio": null,
            "price_fair": 74.6,
            "eps_avg_yearly": 2.13,
            "eps_latest_yearly": 2.68,
            "eps_growth_yearly": 39.86
        },
        "20074": {
            "year_quarter": 20074,
            "year": 2007,
            "quarter": 4,
            "eps": 0.3,
            "eps_growth_year": null,
            "eps_4q": 1.81,
            "eps_4q_growth_year": 619.11,
            "roe": 1.58,
            "gross_profit": 511099,
            "gross_margin": 22.71,
            "net_income": 76580,
            "revenue": 2250188,
            "common_shares": 2617789,
            "equity": 5084078,
            "current_ratio": 106.2,
            "debt_ratio": 64.51,
            "inventory_turnover_ratio": 1.59,
            "account_receivable_turnover_ratio": null,
            "reinvestment_rate": 196.88,
            "research_to_sale_ratio": null,
            "price_fair": 20.69,
            "eps_avg_yearly": 2.07,
            "eps_latest_yearly": 1.2,
            "eps_growth_yearly": 0.37
        },
        "20081": {
            "year_quarter": 20081,
            "year": 2008,
            "quarter": 1,
            "eps": 0.22,
            "eps_growth_year": -38.89,
            "eps_4q": 1.73,
            "eps_4q_growth_year": 198.82,
            "roe": 1.06,
            "gross_profit": 421186,
            "gross_margin": 15.07,
            "net_income": 54565,
            "revenue": 2794295,
            "common_shares": 2676586,
            "equity": 5220585,
            "current_ratio": 109,
            "debt_ratio": 63.99,
            "inventory_turnover_ratio": 1.46,
            "account_receivable_turnover_ratio": null,
            "reinvestment_rate": 334.16,
            "research_to_sale_ratio": null,
            "price_fair": 5.5,
            "eps_avg_yearly": 1.83,
            "eps_latest_yearly": 0.88,
            "eps_growth_yearly": -45.53
        },
        "20082": {
            "year_quarter": 20082,
            "year": 2008,
            "quarter": 2,
            "eps": 0.45,
            "eps_growth_year": -10,
            "eps_4q": 1.49,
            "eps_4q_growth_year": 38.56,
            "roe": 2.44,
            "gross_profit": 768103,
            "gross_margin": 25.08,
            "net_income": 127271,
            "revenue": 3063134,
            "common_shares": 2676681,
            "equity": 5229237,
            "current_ratio": 106.69,
            "debt_ratio": 63.07,
            "inventory_turnover_ratio": 1.46,
            "account_receivable_turnover_ratio": null,
            "reinvestment_rate": 302.57,
            "research_to_sale_ratio": null,
            "price_fair": 31.85,
            "eps_avg_yearly": 1.7,
            "eps_latest_yearly": 1.8,
            "eps_growth_yearly": 8.77
        },
        "20083": {
            "year_quarter": 20083,
            "year": 2008,
            "quarter": 3,
            "eps": 0.47,
            "eps_growth_year": -29.85,
            "eps_4q": 1.42,
            "eps_4q_growth_year": 2.82,
            "roe": 2.39,
            "gross_profit": 463981,
            "gross_margin": 18.38,
            "net_income": 126477,
            "revenue": 2524593,
            "common_shares": 2676681,
            "equity": 5334481,
            "current_ratio": 105.3,
            "debt_ratio": 63.03,
            "inventory_turnover_ratio": 1.36,
            "account_receivable_turnover_ratio": null,
            "reinvestment_rate": 370.44,
            "research_to_sale_ratio": null,
            "price_fair": 30.66,
            "eps_avg_yearly": 1.56,
            "eps_latest_yearly": 1.88,
            "eps_growth_yearly": 9.65
        },
        "20084": {
            "year_quarter": 20084,
            "year": 2008,
            "quarter": 4,
            "eps": -0.4,
            "eps_growth_year": -233.33,
            "eps_4q": 0.74,
            "eps_4q_growth_year": -59.04,
            "roe": -2.19,
            "gross_profit": 352123,
            "gross_margin": 15.41,
            "net_income": -116014,
            "revenue": 2285380,
            "common_shares": 2722189,
            "equity": 5255969,
            "current_ratio": 109.32,
            "debt_ratio": 62.14,
            "inventory_turnover_ratio": 1.31,
            "account_receivable_turnover_ratio": 1.57,
            "reinvestment_rate": 238.84,
            "research_to_sale_ratio": null,
            "price_fair": 60.9,
            "eps_avg_yearly": 1.74,
            "eps_latest_yearly": 1.88,
            "eps_growth_yearly": 66.66
        },
        "20091": {
            "year_quarter": 20091,
            "year": 2009,
            "quarter": 1,
            "eps": 0.69,
            "eps_growth_year": 213.64,
            "eps_4q": 1.18,
            "eps_4q_growth_year": -31.49,
            "roe": 3.53,
            "gross_profit": 581035,
            "gross_margin": 22.33,
            "net_income": 190299,
            "revenue": 2601555,
            "common_shares": 2722189,
            "equity": 5521323,
            "current_ratio": 125.05,
            "debt_ratio": 61.65,
            "inventory_turnover_ratio": 1.42,
            "account_receivable_turnover_ratio": 0.85,
            "reinvestment_rate": 249.02,
            "research_to_sale_ratio": null,
            "price_fair": 60.9,
            "eps_avg_yearly": 1.74,
            "eps_latest_yearly": 1.88,
            "eps_growth_yearly": 66.66
        },
        "20092": {
            "year_quarter": 20092,
            "year": 2009,
            "quarter": 2,
            "eps": 0.29,
            "eps_growth_year": -35.56,
            "eps_4q": 0.95,
            "eps_4q_growth_year": -36.29,
            "roe": 1.58,
            "gross_profit": 588816,
            "gross_margin": 20.54,
            "net_income": 87128,
            "revenue": 2866699,
            "common_shares": 2722189,
            "equity": 5477930,
            "current_ratio": 127.73,
            "debt_ratio": 61.98,
            "inventory_turnover_ratio": 1.65,
            "account_receivable_turnover_ratio": 0.85,
            "reinvestment_rate": 211.38,
            "research_to_sale_ratio": null,
            "price_fair": 56.36,
            "eps_avg_yearly": 1.66,
            "eps_latest_yearly": 1.16,
            "eps_growth_yearly": 24.01
        },
        "20093": {
            "year_quarter": 20093,
            "year": 2009,
            "quarter": 3,
            "eps": 0.43,
            "eps_growth_year": -8.51,
            "eps_4q": 1.06,
            "eps_4q_growth_year": -25.52,
            "roe": 2.02,
            "gross_profit": 556182,
            "gross_margin": 17.11,
            "net_income": 111481,
            "revenue": 3250880,
            "common_shares": 2802864,
            "equity": 5567416,
            "current_ratio": 113.2,
            "debt_ratio": 63.79,
            "inventory_turnover_ratio": 1.93,
            "account_receivable_turnover_ratio": 0.95,
            "reinvestment_rate": 212.12,
            "research_to_sale_ratio": null,
            "price_fair": 58.28,
            "eps_avg_yearly": 1.67,
            "eps_latest_yearly": 1.72,
            "eps_growth_yearly": 45.15
        },
        "20094": {
            "year_quarter": 20094,
            "year": 2009,
            "quarter": 4,
            "eps": 0.61,
            "eps_growth_year": null,
            "eps_4q": 2,
            "eps_4q_growth_year": 170.49,
            "roe": 3.49,
            "gross_profit": 664335,
            "gross_margin": 20.46,
            "net_income": 196811,
            "revenue": 3247548,
            "common_shares": 2802864,
            "equity": 5707279,
            "current_ratio": 121.39,
            "debt_ratio": 63.39,
            "inventory_turnover_ratio": 1.78,
            "account_receivable_turnover_ratio": 1.84,
            "reinvestment_rate": 64.25,
            "research_to_sale_ratio": null,
            "price_fair": 61.29,
            "eps_avg_yearly": 1.75,
            "eps_latest_yearly": 2.44,
            "eps_growth_yearly": 58.73
        },
        "20101": {
            "year_quarter": 20101,
            "year": 2010,
            "quarter": 1,
            "eps": 0.18,
            "eps_growth_year": -73.91,
            "eps_4q": 1.51,
            "eps_4q_growth_year": 27.62,
            "roe": 0.88,
            "gross_profit": 596832,
            "gross_margin": 19.63,
            "net_income": 50347,
            "revenue": 3040409,
            "common_shares": 2802864,
            "equity": 5727990,
            "current_ratio": 103.62,
            "debt_ratio": 62.52,
            "inventory_turnover_ratio": 1.65,
            "account_receivable_turnover_ratio": 0.87,
            "reinvestment_rate": 199.48,
            "research_to_sale_ratio": 1.86,
            "price_fair": 57.13,
            "eps_avg_yearly": 1.65,
            "eps_latest_yearly": 0.72,
            "eps_growth_yearly": 24.66
        },
        "20102": {
            "year_quarter": 20102,
            "year": 2010,
            "quarter": 2,
            "eps": 0.23,
            "eps_growth_year": -20.1,
            "eps_4q": 1.34,
            "eps_4q_growth_year": 41.24,
            "roe": 1.77,
            "gross_profit": 605956,
            "gross_margin": 17.27,
            "net_income": 100948,
            "revenue": 3507833,
            "common_shares": 2802864,
            "equity": 5693471,
            "current_ratio": 110.25,
            "debt_ratio": 63.55,
            "inventory_turnover_ratio": 1.96,
            "account_receivable_turnover_ratio": 0.97,
            "reinvestment_rate": 193.58,
            "research_to_sale_ratio": 1.69,
            "price_fair": 55.36,
            "eps_avg_yearly": 1.58,
            "eps_latest_yearly": 0.92,
            "eps_growth_yearly": 32.52
        },
        "20103": {
            "year_quarter": 20103,
            "year": 2010,
            "quarter": 3,
            "eps": 0.05,
            "eps_growth_year": -88.84,
            "eps_4q": 1,
            "eps_4q_growth_year": -5.3,
            "roe": 0.69,
            "gross_profit": 537642,
            "gross_margin": 15.99,
            "net_income": 39432,
            "revenue": 3362191,
            "common_shares": 3079850,
            "equity": 5747929,
            "current_ratio": 110.35,
            "debt_ratio": 62.67,
            "inventory_turnover_ratio": 1.95,
            "account_receivable_turnover_ratio": 0.9,
            "reinvestment_rate": 207.26,
            "research_to_sale_ratio": 1.67,
            "price_fair": 20.13,
            "eps_avg_yearly": 1.47,
            "eps_latest_yearly": 0.2,
            "eps_growth_yearly": 3.73
        },
        "20104": {
            "year_quarter": 20104,
            "year": 2010,
            "quarter": 4,
            "eps": -0.02,
            "eps_growth_year": -103.79,
            "eps_4q": 0.42,
            "eps_4q_growth_year": -78.83,
            "roe": 0.46,
            "gross_profit": 645999,
            "gross_margin": 17.79,
            "net_income": 25998,
            "revenue": 3631775,
            "common_shares": 3079850,
            "equity": 5610206,
            "current_ratio": 105.47,
            "debt_ratio": 63.36,
            "inventory_turnover_ratio": 2.1,
            "account_receivable_turnover_ratio": 0.97,
            "reinvestment_rate": 79.92,
            "research_to_sale_ratio": 2.67,
            "price_fair": 20.13,
            "eps_avg_yearly": 1.47,
            "eps_latest_yearly": 0.2,
            "eps_growth_yearly": 3.73
        },
        "20111": {
            "year_quarter": 20111,
            "year": 2011,
            "quarter": 1,
            "eps": 0.13,
            "eps_growth_year": -27.78,
            "eps_4q": 0.39,
            "eps_4q_growth_year": -74.14,
            "roe": 0.99,
            "gross_profit": 532026,
            "gross_margin": 15.42,
            "net_income": 56330,
            "revenue": 3451025,
            "common_shares": 3079850,
            "equity": 5732596,
            "current_ratio": 91.65,
            "debt_ratio": 63.95,
            "inventory_turnover_ratio": 2.03,
            "account_receivable_turnover_ratio": 0.88,
            "reinvestment_rate": 211.31,
            "research_to_sale_ratio": 1.63,
            "price_fair": 20.13,
            "eps_avg_yearly": 1.47,
            "eps_latest_yearly": 0.2,
            "eps_growth_yearly": 3.73
        },
        "20112": {
            "year_quarter": 20112,
            "year": 2011,
            "quarter": 2,
            "eps": -0.11,
            "eps_growth_year": -145.67,
            "eps_4q": 0.05,
            "eps_4q_growth_year": -96.39,
            "roe": -0.23,
            "gross_profit": 574741,
            "gross_margin": 15.65,
            "net_income": -12951,
            "revenue": 3673261,
            "common_shares": 3079850,
            "equity": 5691673,
            "current_ratio": 100.94,
            "debt_ratio": 64.63,
            "inventory_turnover_ratio": 1.99,
            "account_receivable_turnover_ratio": 0.89,
            "reinvestment_rate": 234.11,
            "research_to_sale_ratio": 1.52,
            "price_fair": 4.25,
            "eps_avg_yearly": 1.42,
            "eps_latest_yearly": 0.2,
            "eps_growth_yearly": -10.08
        },
        "20113": {
            "year_quarter": 20113,
            "year": 2011,
            "quarter": 3,
            "eps": 0.23,
            "eps_growth_year": 372.96,
            "eps_4q": 0.23,
            "eps_4q_growth_year": -77.18,
            "roe": 1.43,
            "gross_profit": 534666,
            "gross_margin": 15.43,
            "net_income": 82508,
            "revenue": 3465763,
            "common_shares": 3171255,
            "equity": 5875951,
            "current_ratio": 102.24,
            "debt_ratio": 63.82,
            "inventory_turnover_ratio": 1.74,
            "account_receivable_turnover_ratio": 0.85,
            "reinvestment_rate": 267.16,
            "research_to_sale_ratio": 1.83,
            "price_fair": 3.88,
            "eps_avg_yearly": 1.29,
            "eps_latest_yearly": 0.2,
            "eps_growth_yearly": -24.68
        },
        "20114": {
            "year_quarter": 20114,
            "year": 2011,
            "quarter": 4,
            "eps": -0.1,
            "eps_growth_year": null,
            "eps_4q": 0.16,
            "eps_4q_growth_year": -63.19,
            "roe": -0.25,
            "gross_profit": 668077,
            "gross_margin": 18.47,
            "net_income": -14783,
            "revenue": 3616945,
            "common_shares": 3123385,
            "equity": 5819367,
            "current_ratio": 100.69,
            "debt_ratio": 64.39,
            "inventory_turnover_ratio": 1.63,
            "account_receivable_turnover_ratio": 0.88,
            "reinvestment_rate": 128.38,
            "research_to_sale_ratio": 1.86,
            "price_fair": 3.91,
            "eps_avg_yearly": 1.3,
            "eps_latest_yearly": 0.2,
            "eps_growth_yearly": -2.88
        },
        "20121": {
            "year_quarter": 20121,
            "year": 2012,
            "quarter": 1,
            "eps": -0.15,
            "eps_growth_year": -215.38,
            "eps_4q": -0.12,
            "eps_4q_growth_year": -130.76,
            "roe": -0.76,
            "gross_profit": 553300,
            "gross_margin": 15.72,
            "net_income": -44047,
            "revenue": 3518854,
            "common_shares": 3123385,
            "equity": 5733789,
            "current_ratio": 105.81,
            "debt_ratio": 64.57,
            "inventory_turnover_ratio": 1.64,
            "account_receivable_turnover_ratio": 0.84,
            "reinvestment_rate": 130.88,
            "research_to_sale_ratio": 1.8,
            "price_fair": 27.22,
            "eps_avg_yearly": 1.36,
            "eps_latest_yearly": 0.2,
            "eps_growth_yearly": 10.09
        },
        "20122": {
            "year_quarter": 20122,
            "year": 2012,
            "quarter": 2,
            "eps": 0.07,
            "eps_growth_year": null,
            "eps_4q": 0.05,
            "eps_4q_growth_year": 9.12,
            "roe": 0.71,
            "gross_profit": 638672,
            "gross_margin": 16.69,
            "net_income": 40849,
            "revenue": 3826571,
            "common_shares": 3123385,
            "equity": 5728224,
            "current_ratio": 101.5,
            "debt_ratio": 66.4,
            "inventory_turnover_ratio": 1.79,
            "account_receivable_turnover_ratio": 0.9,
            "reinvestment_rate": 182.93,
            "research_to_sale_ratio": 1.78,
            "price_fair": 3.87,
            "eps_avg_yearly": 1.29,
            "eps_latest_yearly": 0.2,
            "eps_growth_yearly": -48.21
        },
        "20123": {
            "year_quarter": 20123,
            "year": 2012,
            "quarter": 3,
            "eps": -0.23,
            "eps_growth_year": -202.23,
            "eps_4q": -0.41,
            "eps_4q_growth_year": -277.27,
            "roe": -1.15,
            "gross_profit": 548991,
            "gross_margin": 15.25,
            "net_income": -65138,
            "revenue": 3600961,
            "common_shares": 3142619,
            "equity": 5629460,
            "current_ratio": 95.64,
            "debt_ratio": 67.3,
            "inventory_turnover_ratio": 1.66,
            "account_receivable_turnover_ratio": 0.82,
            "reinvestment_rate": 209.53,
            "research_to_sale_ratio": 1.96,
            "price_fair": 3.58,
            "eps_avg_yearly": 1.19,
            "eps_latest_yearly": 0.2,
            "eps_growth_yearly": -59.21
        },
        "20124": {
            "year_quarter": 20124,
            "year": 2012,
            "quarter": 4,
            "eps": -0.26,
            "eps_growth_year": null,
            "eps_4q": -0.58,
            "eps_4q_growth_year": -469.05,
            "roe": -0.87,
            "gross_profit": 630320,
            "gross_margin": 15.67,
            "net_income": -48219,
            "revenue": 4023570,
            "common_shares": 3142619,
            "equity": 5515453,
            "current_ratio": 100.76,
            "debt_ratio": 68.83,
            "inventory_turnover_ratio": 1.83,
            "account_receivable_turnover_ratio": 0.91,
            "reinvestment_rate": 209.63,
            "research_to_sale_ratio": 1.82,
            "price_fair": 3.58,
            "eps_avg_yearly": 1.19,
            "eps_latest_yearly": 0.2,
            "eps_growth_yearly": -59.21
        },
        "20131": {
            "year_quarter": 20131,
            "year": 2013,
            "quarter": 1,
            "eps": 0.27,
            "eps_growth_year": null,
            "eps_4q": -0.16,
            "eps_4q_growth_year": null,
            "roe": 2.25,
            "gross_profit": 665261,
            "gross_margin": 17.29,
            "net_income": 126977,
            "revenue": 3847447,
            "common_shares": 3142619,
            "equity": 5763745,
            "current_ratio": 101.05,
            "debt_ratio": 69.02,
            "inventory_turnover_ratio": 1.7,
            "account_receivable_turnover_ratio": 0.85,
            "reinvestment_rate": 215.48,
            "research_to_sale_ratio": 3.36,
            "price_fair": 3.58,
            "eps_avg_yearly": 1.19,
            "eps_latest_yearly": 0.2,
            "eps_growth_yearly": -59.21
        },
        "20132": {
            "year_quarter": 20132,
            "year": 2013,
            "quarter": 2,
            "eps": 0.26,
            "eps_growth_year": 290.12,
            "eps_4q": 0.03,
            "eps_4q_growth_year": -44.53,
            "roe": 2.14,
            "gross_profit": 713005,
            "gross_margin": 17.57,
            "net_income": 124655,
            "revenue": 4057455,
            "common_shares": 3128979,
            "equity": 5859534,
            "current_ratio": 104.6,
            "debt_ratio": 68.77,
            "inventory_turnover_ratio": 1.67,
            "account_receivable_turnover_ratio": 0.86,
            "reinvestment_rate": 224.14,
            "research_to_sale_ratio": 2.9,
            "price_fair": 3.52,
            "eps_avg_yearly": 1.17,
            "eps_latest_yearly": 1.04,
            "eps_growth_yearly": -23.03
        },
        "20133": {
            "year_quarter": 20133,
            "year": 2013,
            "quarter": 3,
            "eps": -0.01,
            "eps_growth_year": null,
            "eps_4q": 0.25,
            "eps_4q_growth_year": null,
            "roe": -0.18,
            "gross_profit": 728964,
            "gross_margin": 17.75,
            "net_income": -10308,
            "revenue": 4107749,
            "common_shares": 3128979,
            "equity": 5788327,
            "current_ratio": 104.72,
            "debt_ratio": 69.6,
            "inventory_turnover_ratio": 1.56,
            "account_receivable_turnover_ratio": 0.88,
            "reinvestment_rate": 196.67,
            "research_to_sale_ratio": 3.4,
            "price_fair": 3.19,
            "eps_avg_yearly": 1.06,
            "eps_latest_yearly": 1.04,
            "eps_growth_yearly": -66.25
        },
        "20134": {
            "year_quarter": 20134,
            "year": 2013,
            "quarter": 4,
            "eps": -0.31,
            "eps_growth_year": null,
            "eps_4q": 0.2,
            "eps_4q_growth_year": null,
            "roe": -0.72,
            "gross_profit": 821588,
            "gross_margin": 18.33,
            "net_income": -41873,
            "revenue": 4483357,
            "common_shares": 3128979,
            "equity": 5809701,
            "current_ratio": 100.64,
            "debt_ratio": 69.57,
            "inventory_turnover_ratio": 1.7,
            "account_receivable_turnover_ratio": 0.96,
            "reinvestment_rate": 467.38,
            "research_to_sale_ratio": 3.3,
            "price_fair": 2.16,
            "eps_avg_yearly": 0.72,
            "eps_latest_yearly": 1.04,
            "eps_growth_yearly": -124.68
        },
        "20141": {
            "year_quarter": 20141,
            "year": 2014,
            "quarter": 1,
            "eps": 0.5,
            "eps_growth_year": 85.19,
            "eps_4q": 0.43,
            "eps_4q_growth_year": null,
            "roe": 3.89,
            "gross_profit": 898285,
            "gross_margin": 19.28,
            "net_income": 236480,
            "revenue": 4658192,
            "common_shares": 3128979,
            "equity": 6347853,
            "current_ratio": 105.6,
            "debt_ratio": 69.88,
            "inventory_turnover_ratio": 1.23,
            "account_receivable_turnover_ratio": 1.07,
            "reinvestment_rate": 417.67,
            "research_to_sale_ratio": 2.55,
            "price_fair": 2.16,
            "eps_avg_yearly": 0.72,
            "eps_latest_yearly": 1.04,
            "eps_growth_yearly": -72.25
        },
        "20142": {
            "year_quarter": 20142,
            "year": 2014,
            "quarter": 2,
            "eps": 0.12,
            "eps_growth_year": -53.85,
            "eps_4q": 0.3,
            "eps_4q_growth_year": 911.11,
            "roe": 1.9,
            "gross_profit": 840017,
            "gross_margin": 18.28,
            "net_income": 120986,
            "revenue": 4595749,
            "common_shares": 3128979,
            "equity": 6383363,
            "current_ratio": 103.78,
            "debt_ratio": 69.26,
            "inventory_turnover_ratio": 0.93,
            "account_receivable_turnover_ratio": 1.18,
            "reinvestment_rate": 585.49,
            "research_to_sale_ratio": 3,
            "price_fair": 1.72,
            "eps_avg_yearly": 0.57,
            "eps_latest_yearly": 0.48,
            "eps_growth_yearly": -210.62
        },
        "20143": {
            "year_quarter": 20143,
            "year": 2014,
            "quarter": 3,
            "eps": 0.42,
            "eps_growth_year": null,
            "eps_4q": 0.72,
            "eps_4q_growth_year": 186.54,
            "roe": 2.54,
            "gross_profit": 953329,
            "gross_margin": 21.11,
            "net_income": 165090,
            "revenue": 4516083,
            "common_shares": 3128979,
            "equity": 6623190,
            "current_ratio": 106.15,
            "debt_ratio": 69,
            "inventory_turnover_ratio": 0.84,
            "account_receivable_turnover_ratio": 1.18,
            "reinvestment_rate": 375.66,
            "research_to_sale_ratio": 3.43,
            "price_fair": 37.33,
            "eps_avg_yearly": 1.07,
            "eps_latest_yearly": 1.68,
            "eps_growth_yearly": 227.06
        },
        "20144": {
            "year_quarter": 20144,
            "year": 2014,
            "quarter": 4,
            "eps": 0.6,
            "eps_growth_year": null,
            "eps_4q": 1.64,
            "eps_4q_growth_year": 707.82,
            "roe": 3.58,
            "gross_profit": 1069054,
            "gross_margin": 21.41,
            "net_income": 244314,
            "revenue": 4992419,
            "common_shares": 3128979,
            "equity": 7016311,
            "current_ratio": 108.43,
            "debt_ratio": 68.47,
            "inventory_turnover_ratio": 0.85,
            "account_receivable_turnover_ratio": 1.26,
            "reinvestment_rate": 320.75,
            "research_to_sale_ratio": 3.96,
            "price_fair": 49,
            "eps_avg_yearly": 1.4,
            "eps_latest_yearly": 2.4,
            "eps_growth_yearly": 213.15
        },
        "20151": {
            "year_quarter": 20151,
            "year": 2015,
            "quarter": 1,
            "eps": 0.42,
            "eps_growth_year": -16,
            "eps_4q": 1.56,
            "eps_4q_growth_year": 261.17,
            "roe": 2.22,
            "gross_profit": 816762,
            "gross_margin": 21.89,
            "net_income": 147471,
            "revenue": 3730972,
            "common_shares": 3128979,
            "equity": 6253463,
            "current_ratio": 110.16,
            "debt_ratio": 64.74,
            "inventory_turnover_ratio": 0.66,
            "account_receivable_turnover_ratio": 1.14,
            "reinvestment_rate": 151.49,
            "research_to_sale_ratio": 2.38,
            "price_fair": 50.96,
            "eps_avg_yearly": 1.46,
            "eps_latest_yearly": 1.68,
            "eps_growth_yearly": 146.52
        },
        "20152": {
            "year_quarter": 20152,
            "year": 2015,
            "quarter": 2,
            "eps": 0.36,
            "eps_growth_year": 200,
            "eps_4q": 1.8,
            "eps_4q_growth_year": 505.88,
            "roe": 2.31,
            "gross_profit": 841186,
            "gross_margin": 22.23,
            "net_income": 142160,
            "revenue": 3784654,
            "common_shares": 3128979,
            "equity": 6056877,
            "current_ratio": 105.82,
            "debt_ratio": 66.5,
            "inventory_turnover_ratio": 0.72,
            "account_receivable_turnover_ratio": 1.55,
            "reinvestment_rate": 152.92,
            "research_to_sale_ratio": 2.55,
            "price_fair": 50.87,
            "eps_avg_yearly": 1.45,
            "eps_latest_yearly": 1.44,
            "eps_growth_yearly": 112.58
        },
        "20153": {
            "year_quarter": 20153,
            "year": 2015,
            "quarter": 3,
            "eps": 0.91,
            "eps_growth_year": 116.67,
            "eps_4q": 2.29,
            "eps_4q_growth_year": 216.88,
            "roe": 4.96,
            "gross_profit": 766178,
            "gross_margin": 20.58,
            "net_income": 310426,
            "revenue": 3722952,
            "common_shares": 3128979,
            "equity": 6457247,
            "current_ratio": 111.65,
            "debt_ratio": 65.14,
            "inventory_turnover_ratio": 0.7,
            "account_receivable_turnover_ratio": 1.48,
            "reinvestment_rate": 112.35,
            "research_to_sale_ratio": 2.65,
            "price_fair": 61.8,
            "eps_avg_yearly": 1.77,
            "eps_latest_yearly": 3.64,
            "eps_growth_yearly": 183.8
        },
        "20154": {
            "year_quarter": 20154,
            "year": 2015,
            "quarter": 4,
            "eps": 0.75,
            "eps_growth_year": 23.8,
            "eps_4q": 2.43,
            "eps_4q_growth_year": 48.31,
            "roe": 4.13,
            "gross_profit": 876044,
            "gross_margin": 23.01,
            "net_income": 270633,
            "revenue": 3806513,
            "common_shares": 3128979,
            "equity": 6640385,
            "current_ratio": 111.37,
            "debt_ratio": 64.04,
            "inventory_turnover_ratio": 0.68,
            "account_receivable_turnover_ratio": 1.53,
            "reinvestment_rate": 98.85,
            "research_to_sale_ratio": 2.76,
            "price_fair": 67.2,
            "eps_avg_yearly": 1.92,
            "eps_latest_yearly": 3,
            "eps_growth_yearly": 152.03
        },
        "20161": {
            "year_quarter": 20161,
            "year": 2016,
            "quarter": 1,
            "eps": 0.74,
            "eps_growth_year": 76.19,
            "eps_4q": 2.75,
            "eps_4q_growth_year": 76.49,
            "roe": 3.96,
            "gross_profit": 941361,
            "gross_margin": 23.15,
            "net_income": 262238,
            "revenue": 4065653,
            "common_shares": 3128979,
            "equity": 6591761,
            "current_ratio": 111.19,
            "debt_ratio": 65.57,
            "inventory_turnover_ratio": 0.75,
            "account_receivable_turnover_ratio": 1.65,
            "reinvestment_rate": 100.11,
            "research_to_sale_ratio": 2.41,
            "price_fair": 71.24,
            "eps_avg_yearly": 2.04,
            "eps_latest_yearly": 2.96,
            "eps_growth_yearly": 134.55
        },
        "20162": {
            "year_quarter": 20162,
            "year": 2016,
            "quarter": 2,
            "eps": 0.87,
            "eps_growth_year": 141.67,
            "eps_4q": 3.26,
            "eps_4q_growth_year": 81.46,
            "roe": 4.39,
            "gross_profit": 896585,
            "gross_margin": 22.72,
            "net_income": 284326,
            "revenue": 3946191,
            "common_shares": 3128979,
            "equity": 6350848,
            "current_ratio": 108.33,
            "debt_ratio": 67.03,
            "inventory_turnover_ratio": 0.76,
            "account_receivable_turnover_ratio": 1.51,
            "reinvestment_rate": 68.06,
            "research_to_sale_ratio": 2.68,
            "price_fair": 76.3,
            "eps_avg_yearly": 2.18,
            "eps_latest_yearly": 3.48,
            "eps_growth_yearly": 128.12
        },
        "20163": {
            "year_quarter": 20163,
            "year": 2016,
            "quarter": 3,
            "eps": 0.81,
            "eps_growth_year": -10.99,
            "eps_4q": 3.16,
            "eps_4q_growth_year": 37.96,
            "roe": 4.1,
            "gross_profit": 972076,
            "gross_margin": 24.55,
            "net_income": 263764,
            "revenue": 3959415,
            "common_shares": 3128979,
            "equity": 6514582,
            "current_ratio": 113.49,
            "debt_ratio": 66.42,
            "inventory_turnover_ratio": 0.74,
            "account_receivable_turnover_ratio": 1.48,
            "reinvestment_rate": 41.83,
            "research_to_sale_ratio": 2.78,
            "price_fair": 79.67,
            "eps_avg_yearly": 2.28,
            "eps_latest_yearly": 3.24,
            "eps_growth_yearly": 113.96
        },
        "20164": {
            "year_quarter": 20164,
            "year": 2016,
            "quarter": 4,
            "eps": 0.75,
            "eps_growth_year": 0.66,
            "eps_4q": 3.17,
            "eps_4q_growth_year": 30.02,
            "roe": 3.59,
            "gross_profit": 868108,
            "gross_margin": 21.77,
            "net_income": 238343,
            "revenue": 3987941,
            "common_shares": 3128979,
            "equity": 6769440,
            "current_ratio": 118.19,
            "debt_ratio": 65.4,
            "inventory_turnover_ratio": 0.76,
            "account_receivable_turnover_ratio": 1.53,
            "reinvestment_rate": 49.98,
            "research_to_sale_ratio": 3.01,
            "price_fair": 81.78,
            "eps_avg_yearly": 2.34,
            "eps_latest_yearly": 3,
            "eps_growth_yearly": 102
        },
        "20171": {
            "year_quarter": 20171,
            "year": 2017,
            "quarter": 1,
            "eps": 0.89,
            "eps_growth_year": 20.27,
            "eps_4q": 3.32,
            "eps_4q_growth_year": 20.57,
            "roe": 4.09,
            "gross_profit": 1013793,
            "gross_margin": 24.76,
            "net_income": 281124,
            "revenue": 4094449,
            "common_shares": 3128979,
            "equity": 6993209,
            "current_ratio": 124.25,
            "debt_ratio": 64.2,
            "inventory_turnover_ratio": 0.76,
            "account_receivable_turnover_ratio": 1.59,
            "reinvestment_rate": 61.63,
            "research_to_sale_ratio": 2.56,
            "price_fair": 85.08,
            "eps_avg_yearly": 2.43,
            "eps_latest_yearly": 3.56,
            "eps_growth_yearly": 99.9
        },
        "20172": {
            "year_quarter": 20172,
            "year": 2017,
            "quarter": 2,
            "eps": 0.62,
            "eps_growth_year": -28.74,
            "eps_4q": 3.08,
            "eps_4q_growth_year": -5.72,
            "roe": 2.84,
            "gross_profit": 831062,
            "gross_margin": 20.79,
            "net_income": 192273,
            "revenue": 3998346,
            "common_shares": 3128979,
            "equity": 6539433,
            "current_ratio": 124.26,
            "debt_ratio": 67.03,
            "inventory_turnover_ratio": 0.79,
            "account_receivable_turnover_ratio": 1.53,
            "reinvestment_rate": 56.37,
            "research_to_sale_ratio": 2.8,
            "price_fair": 88.95,
            "eps_avg_yearly": 2.54,
            "eps_latest_yearly": 2.48,
            "eps_growth_yearly": 91.7
        },
        "20173": {
            "year_quarter": 20173,
            "year": 2017,
            "quarter": 3,
            "eps": 0.51,
            "eps_growth_year": -37.04,
            "eps_4q": 2.78,
            "eps_4q_growth_year": -12.13,
            "roe": 2.23,
            "gross_profit": 810796,
            "gross_margin": 20.34,
            "net_income": 147587,
            "revenue": 3986183,
            "common_shares": 3128979,
            "equity": 6702093,
            "current_ratio": 133.32,
            "debt_ratio": 66.28,
            "inventory_turnover_ratio": 0.78,
            "account_receivable_turnover_ratio": 1.48,
            "reinvestment_rate": 50.76,
            "research_to_sale_ratio": 2.78,
            "price_fair": 87.7,
            "eps_avg_yearly": 2.51,
            "eps_latest_yearly": 2.04,
            "eps_growth_yearly": 80.08
        },
        "20174": {
            "year_quarter": 20174,
            "year": 2017,
            "quarter": 4,
            "eps": 0.09,
            "eps_growth_year": -87.79,
            "eps_4q": 2.12,
            "eps_4q_growth_year": -33.15,
            "roe": 0.27,
            "gross_profit": 849210,
            "gross_margin": 21.31,
            "net_income": 17839,
            "revenue": 3984704,
            "common_shares": 3128979,
            "equity": 6510497,
            "current_ratio": 117.48,
            "debt_ratio": 67.71,
            "inventory_turnover_ratio": 0.75,
            "account_receivable_turnover_ratio": 1.53,
            "reinvestment_rate": 71.63,
            "research_to_sale_ratio": 2.87,
            "price_fair": 82.69,
            "eps_avg_yearly": 2.36,
            "eps_latest_yearly": 0.36,
            "eps_growth_yearly": 52.78
        },
        "20181": {
            "year_quarter": 20181,
            "year": 2018,
            "quarter": 1,
            "eps": 0.81,
            "eps_growth_year": -8.99,
            "eps_4q": 2.04,
            "eps_4q_growth_year": -38.65,
            "roe": 3.81,
            "gross_profit": 975866,
            "gross_margin": 22.79,
            "net_income": 253800,
            "revenue": 4281901,
            "common_shares": 3128979,
            "equity": 6820108,
            "current_ratio": 121.59,
            "debt_ratio": 67.16,
            "inventory_turnover_ratio": 0.79,
            "account_receivable_turnover_ratio": 1.62,
            "reinvestment_rate": 55.45,
            "research_to_sale_ratio": 2.2,
            "price_fair": 84.61,
            "eps_avg_yearly": 2.42,
            "eps_latest_yearly": 3.24,
            "eps_growth_yearly": 249.48
        },
        "20182": {
            "year_quarter": 20182,
            "year": 2018,
            "quarter": 2,
            "eps": 0.68,
            "eps_growth_year": 9.68,
            "eps_4q": 2.1,
            "eps_4q_growth_year": -31.79,
            "roe": 3.07,
            "gross_profit": 889873,
            "gross_margin": 22.62,
            "net_income": 205158,
            "revenue": 3934563,
            "common_shares": 3128979,
            "equity": 6534178,
            "current_ratio": 126.35,
            "debt_ratio": 69.3,
            "inventory_turnover_ratio": 0.72,
            "account_receivable_turnover_ratio": 1.41,
            "reinvestment_rate": 57.85,
            "research_to_sale_ratio": 2.49,
            "price_fair": 89.51,
            "eps_avg_yearly": 2.56,
            "eps_latest_yearly": 2.72,
            "eps_growth_yearly": 264.47
        },
        "20183": {
            "year_quarter": 20183,
            "year": 2018,
            "quarter": 3,
            "eps": 0.12,
            "eps_growth_year": -76.47,
            "eps_4q": 1.71,
            "eps_4q_growth_year": -38.49,
            "roe": 0.49,
            "gross_profit": 858491,
            "gross_margin": 21.03,
            "net_income": 32006,
            "revenue": 4081403,
            "common_shares": 3128979,
            "equity": 6521450,
            "current_ratio": 118.74,
            "debt_ratio": 69.48,
            "inventory_turnover_ratio": 0.73,
            "account_receivable_turnover_ratio": 1.43,
            "reinvestment_rate": 49.85,
            "research_to_sale_ratio": 2.64,
            "price_fair": 86.89,
            "eps_avg_yearly": 2.48,
            "eps_latest_yearly": 0.48,
            "eps_growth_yearly": 181.38
        },
        "20184": {
            "year_quarter": 20184,
            "year": 2018,
            "quarter": 4,
            "eps": 0.38,
            "eps_growth_year": 314.37,
            "eps_4q": 2,
            "eps_4q_growth_year": -5.62,
            "roe": 1.75,
            "gross_profit": 958110,
            "gross_margin": 22.16,
            "net_income": 115285,
            "revenue": 4324036,
            "common_shares": 3128979,
            "equity": 6617053,
            "current_ratio": 116.71,
            "debt_ratio": 69.18,
            "inventory_turnover_ratio": 0.75,
            "account_receivable_turnover_ratio": 1.5,
            "reinvestment_rate": 40.67,
            "research_to_sale_ratio": 3.44,
            "price_fair": 84.96,
            "eps_avg_yearly": 2.43,
            "eps_latest_yearly": 1.52,
            "eps_growth_yearly": 224.83
        },
        "20191": {
            "year_quarter": 20191,
            "year": 2019,
            "quarter": 1,
            "eps": 0.67,
            "eps_growth_year": -17.28,
            "eps_4q": 1.86,
            "eps_4q_growth_year": -8.89,
            "roe": 3.02,
            "gross_profit": 1032546,
            "gross_margin": 23.76,
            "net_income": 203934,
            "revenue": 4346628,
            "common_shares": 3128979,
            "equity": 6900277,
            "current_ratio": 117.27,
            "debt_ratio": 70.79,
            "inventory_turnover_ratio": 0.73,
            "account_receivable_turnover_ratio": 1.47,
            "reinvestment_rate": 63.96,
            "research_to_sale_ratio": 2.74,
            "price_fair": 87.15,
            "eps_avg_yearly": 2.49,
            "eps_latest_yearly": 2.68,
            "eps_growth_yearly": 251.41
        },
        "20192": {
            "year_quarter": 20192,
            "year": 2019,
            "quarter": 2,
            "eps": 0.79,
            "eps_growth_year": 16.18,
            "eps_4q": 1.96,
            "eps_4q_growth_year": -6.4,
            "roe": 4.05,
            "gross_profit": 1033648,
            "gross_margin": 22.5,
            "net_income": 276388,
            "revenue": 4594029,
            "common_shares": 3128979,
            "equity": 6752470,
            "current_ratio": 115.76,
            "debt_ratio": 72.09,
            "inventory_turnover_ratio": 0.76,
            "account_receivable_turnover_ratio": 1.42,
            "reinvestment_rate": 49.28,
            "research_to_sale_ratio": 2.46,
            "price_fair": 90.91,
            "eps_avg_yearly": 2.6,
            "eps_latest_yearly": 3.16,
            "eps_growth_yearly": 259.46
        },
        "20193": {
            "year_quarter": 20193,
            "year": 2019,
            "quarter": 3,
            "eps": 0.42,
            "eps_growth_year": 250,
            "eps_4q": 2.26,
            "eps_4q_growth_year": 32.59,
            "roe": 1.9,
            "gross_profit": 1080340,
            "gross_margin": 24.42,
            "net_income": 128929,
            "revenue": 4423474,
            "common_shares": 3128979,
            "equity": 6803613,
            "current_ratio": 117.69,
            "debt_ratio": 71.82,
            "inventory_turnover_ratio": 0.69,
            "account_receivable_turnover_ratio": 1.3,
            "reinvestment_rate": 46.5,
            "research_to_sale_ratio": 2.87,
            "price_fair": 86.63,
            "eps_avg_yearly": 2.48,
            "eps_latest_yearly": 1.68,
            "eps_growth_yearly": 209.56
        },
        "20194": {
            "year_quarter": 20194,
            "year": 2019,
            "quarter": 4,
            "eps": 0.34,
            "eps_growth_year": -9.49,
            "eps_4q": 2.23,
            "eps_4q_growth_year": 11.59,
            "roe": 1.5,
            "gross_profit": 1016202,
            "gross_margin": 24.34,
            "net_income": 102669,
            "revenue": 4175789,
            "common_shares": 3128979,
            "equity": 6862774,
            "current_ratio": 123.25,
            "debt_ratio": 70.94,
            "inventory_turnover_ratio": 0.66,
            "account_receivable_turnover_ratio": 1.32,
            "reinvestment_rate": 47.7,
            "research_to_sale_ratio": 3.08,
            "price_fair": 83.04,
            "eps_avg_yearly": 2.37,
            "eps_latest_yearly": 1.36,
            "eps_growth_yearly": 209.19
        },
        "20201": {
            "year_quarter": 20201,
            "year": 2020,
            "quarter": 1,
            "eps": 0.2,
            "eps_growth_year": -70.15,
            "eps_4q": 1.75,
            "eps_4q_growth_year": -5.46,
            "roe": 0.92,
            "gross_profit": 825256,
            "gross_margin": 21.38,
            "net_income": 62963,
            "revenue": 3859585,
            "common_shares": 3128979,
            "equity": 6863078,
            "current_ratio": 122.18,
            "debt_ratio": 70.82,
            "inventory_turnover_ratio": 0.65,
            "account_receivable_turnover_ratio": 1.29,
            "reinvestment_rate": 38.84,
            "research_to_sale_ratio": 3.05,
            "price_fair": 78.31,
            "eps_avg_yearly": 2.24,
            "eps_latest_yearly": 0.8,
            "eps_growth_yearly": 199.23
        },
        "20202": {
            "year_quarter": 20202,
            "year": 2020,
            "quarter": 2,
            "eps": -0.02,
            "eps_growth_year": -102.53,
            "eps_4q": 0.94,
            "eps_4q_growth_year": -51.93,
            "roe": -0.21,
            "gross_profit": 583834,
            "gross_margin": 19.65,
            "net_income": -13904,
            "revenue": 2971339,
            "common_shares": 3128979,
            "equity": 6365124,
            "current_ratio": 120.84,
            "debt_ratio": 71.79,
            "inventory_turnover_ratio": 0.52,
            "account_receivable_turnover_ratio": 1.08,
            "reinvestment_rate": 46.22,
            "research_to_sale_ratio": 3.65,
            "price_fair": 75.41,
            "eps_avg_yearly": 2.15,
            "eps_latest_yearly": 0.8,
            "eps_growth_yearly": 207.83
        },
        "20203": {
            "year_quarter": 20203,
            "year": 2020,
            "quarter": 3,
            "eps": 0.28,
            "eps_growth_year": -33.33,
            "eps_4q": 0.81,
            "eps_4q_growth_year": -64.35,
            "roe": 1.51,
            "gross_profit": 747568,
            "gross_margin": 19.55,
            "net_income": 97551,
            "revenue": 3824258,
            "common_shares": 3128979,
            "equity": 6533254,
            "current_ratio": 117.74,
            "debt_ratio": 70.8,
            "inventory_turnover_ratio": 0.7,
            "account_receivable_turnover_ratio": 1.52,
            "reinvestment_rate": 47.69,
            "research_to_sale_ratio": 2.65,
            "price_fair": 72.7,
            "eps_avg_yearly": 2.08,
            "eps_latest_yearly": 0.8,
            "eps_growth_yearly": 224.65
        },
        "20204": {
            "year_quarter": 20204,
            "year": 2020,
            "quarter": 4,
            "eps": 0.38,
            "eps_growth_year": 10.04,
            "eps_4q": 0.84,
            "eps_4q_growth_year": -62.22,
            "roe": 2.12,
            "gross_profit": 700774,
            "gross_margin": 18.49,
            "net_income": 140077,
            "revenue": 3791026,
            "common_shares": 3128979,
            "equity": 6704926,
            "current_ratio": 134.16,
            "debt_ratio": 70.52,
            "inventory_turnover_ratio": 0.72,
            "account_receivable_turnover_ratio": 1.51,
            "reinvestment_rate": 42.2,
            "research_to_sale_ratio": 2.58,
            "price_fair": 69,
            "eps_avg_yearly": 1.97,
            "eps_latest_yearly": 1.52,
            "eps_growth_yearly": 236.97
        },
        "20211": {
            "year_quarter": 20211,
            "year": 2021,
            "quarter": 1,
            "eps": 0.25,
            "eps_growth_year": 25,
            "eps_4q": 0.89,
            "eps_4q_growth_year": -49.21,
            "roe": 1.4,
            "gross_profit": 785019,
            "gross_margin": 19.78,
            "net_income": 95248,
            "revenue": 3968565,
            "common_shares": 3128979,
            "equity": 6856897,
            "current_ratio": 130.04,
            "debt_ratio": 70.84,
            "inventory_turnover_ratio": 0.71,
            "account_receivable_turnover_ratio": 1.42,
            "reinvestment_rate": 40.64,
            "research_to_sale_ratio": 2.11,
            "price_fair": 62.6,
            "eps_avg_yearly": 1.79,
            "eps_latest_yearly": 1,
            "eps_growth_yearly": 221.86
        },
        "20212": {
            "year_quarter": 20212,
            "year": 2021,
            "quarter": 2,
            "eps": -0.04,
            "eps_growth_year": null,
            "eps_4q": 0.87,
            "eps_4q_growth_year": -7.7,
            "roe": -0.02,
            "gross_profit": 739000,
            "gross_margin": 17.69,
            "net_income": -1555,
            "revenue": 4177428,
            "common_shares": 3128979,
            "equity": 6756320,
            "current_ratio": 128.84,
            "debt_ratio": 71.41,
            "inventory_turnover_ratio": 0.73,
            "account_receivable_turnover_ratio": 1.43,
            "reinvestment_rate": 42.61,
            "research_to_sale_ratio": 2.23,
            "price_fair": 60.74,
            "eps_avg_yearly": 1.74,
            "eps_latest_yearly": 1,
            "eps_growth_yearly": 248.26
        },
        "20213": {
            "year_quarter": 20213,
            "year": 2021,
            "quarter": 3,
            "eps": 0.02,
            "eps_growth_year": -92.86,
            "eps_4q": 0.61,
            "eps_4q_growth_year": -24.71,
            "roe": 0.16,
            "gross_profit": 682642,
            "gross_margin": 16.56,
            "net_income": 12194,
            "revenue": 4123150,
            "common_shares": 3128979,
            "equity": 8028377,
            "current_ratio": 126.7,
            "debt_ratio": 66.27,
            "inventory_turnover_ratio": 0.67,
            "account_receivable_turnover_ratio": 1.47,
            "reinvestment_rate": 42.62,
            "research_to_sale_ratio": 2.04,
            "price_fair": 59.85,
            "eps_avg_yearly": 1.71,
            "eps_latest_yearly": 1,
            "eps_growth_yearly": 274.86
        },
        "20214": {
            "year_quarter": 20214,
            "year": 2021,
            "quarter": 4,
            "eps": 0.39,
            "eps_growth_year": 3.12,
            "eps_4q": 0.62,
            "eps_4q_growth_year": -26.41,
            "roe": 1.61,
            "gross_profit": 800736,
            "gross_margin": 18.59,
            "net_income": 130722,
            "revenue": 4307472,
            "common_shares": 3128979,
            "equity": 8190945,
            "current_ratio": 130.9,
            "debt_ratio": 65.95,
            "inventory_turnover_ratio": 0.64,
            "account_receivable_turnover_ratio": 1.55,
            "reinvestment_rate": -9.19,
            "research_to_sale_ratio": 1.94,
            "price_fair": 63.35,
            "eps_avg_yearly": 1.81,
            "eps_latest_yearly": 1.56,
            "eps_growth_yearly": 918.98
        },
        "20221": {
            "year_quarter": 20221,
            "year": 2022,
            "quarter": 1,
            "eps": 0.88,
            "eps_growth_year": 252,
            "eps_4q": 1.25,
            "eps_4q_growth_year": 40.42,
            "roe": 3.56,
            "gross_profit": 933150,
            "gross_margin": 20.25,
            "net_income": 298955,
            "revenue": 4607284,
            "common_shares": 3128979,
            "equity": 8590806,
            "current_ratio": 126.53,
            "debt_ratio": 65.83,
            "inventory_turnover_ratio": 0.65,
            "account_receivable_turnover_ratio": 1.49,
            "reinvestment_rate": 1.99,
            "research_to_sale_ratio": 1.73,
            "price_fair": 64.17,
            "eps_avg_yearly": 1.83,
            "eps_latest_yearly": 3.52,
            "eps_growth_yearly": 694.19
        },
        "20222": {
            "year_quarter": 20222,
            "year": 2022,
            "quarter": 2,
            "eps": 0.64,
            "eps_growth_year": null,
            "eps_4q": 2.01,
            "eps_4q_growth_year": 130.61,
            "roe": 2.73,
            "gross_profit": 1074013,
            "gross_margin": 21.46,
            "net_income": 234251,
            "revenue": 5005503,
            "common_shares": 3128979,
            "equity": 8585005,
            "current_ratio": 121.13,
            "debt_ratio": 65.9,
            "inventory_turnover_ratio": 0.68,
            "account_receivable_turnover_ratio": 1.41,
            "reinvestment_rate": -13.04,
            "research_to_sale_ratio": 1.81,
            "price_fair": 63.7,
            "eps_avg_yearly": 1.82,
            "eps_latest_yearly": 2.56,
            "eps_growth_yearly": 690.45
        },
        "20223": {
            "year_quarter": 20223,
            "year": 2022,
            "quarter": 3,
            "eps": 0.96,
            "eps_growth_year": 4700,
            "eps_4q": 2.94,
            "eps_4q_growth_year": 384.57,
            "roe": 3.63,
            "gross_profit": 958026,
            "gross_margin": 20.52,
            "net_income": 319515,
            "revenue": 4668963,
            "common_shares": 3128979,
            "equity": 9040212,
            "current_ratio": 132.97,
            "debt_ratio": 65.9,
            "inventory_turnover_ratio": 0.6,
            "account_receivable_turnover_ratio": 1.3,
            "reinvestment_rate": -0.67,
            "research_to_sale_ratio": 1.88,
            "price_fair": 73.5,
            "eps_avg_yearly": 2.1,
            "eps_latest_yearly": 3.84,
            "eps_growth_yearly": 734.57
        },
        "20224": {
            "year_quarter": 20224,
            "year": 2022,
            "quarter": 4,
            "eps": 0.44,
            "eps_growth_year": 11.38,
            "eps_4q": 2.99,
            "eps_4q_growth_year": 382.5,
            "roe": 1.64,
            "gross_profit": 1218714,
            "gross_margin": 24.74,
            "net_income": 149140,
            "revenue": 4925476,
            "common_shares": 3128979,
            "equity": 9169705,
            "current_ratio": 141.17,
            "debt_ratio": 64.79,
            "inventory_turnover_ratio": 0.59,
            "account_receivable_turnover_ratio": 1.42,
            "reinvestment_rate": -4.52,
            "research_to_sale_ratio": 2.39,
            "price_fair": 74.2,
            "eps_avg_yearly": 2.12,
            "eps_latest_yearly": 1.76,
            "eps_growth_yearly": 644.29
        },
        "20231": {
            "year_quarter": 20231,
            "year": 2023,
            "quarter": 1,
            "eps": 0.65,
            "eps_growth_year": -26.14,
            "eps_4q": 2.75,
            "eps_4q_growth_year": 120.03,
            "roe": 2.38,
            "gross_profit": 1153605,
            "gross_margin": 24.49,
            "net_income": 218671,
            "revenue": 4709936,
            "common_shares": 3128979,
            "equity": 9233048,
            "current_ratio": 134.23,
            "debt_ratio": 62.73,
            "inventory_turnover_ratio": 0.62,
            "account_receivable_turnover_ratio": 1.39,
            "reinvestment_rate": -18.68,
            "research_to_sale_ratio": 1.87,
            "price_fair": 73.97,
            "eps_avg_yearly": 2.11,
            "eps_latest_yearly": 2.6,
            "eps_growth_yearly": 634.76
        }
    },
    "months": {
        "2001-06": {
            "month": "2001-06",
            "price": "20.36",
            "revenue": 349264
        },
        "2001-07": {
            "month": "2001-07",
            "price": "17.04",
            "revenue": 324862
        },
        "2001-08": {
            "month": "2001-08",
            "price": "15.37",
            "revenue": 374340
        },
        "2001-09": {
            "month": "2001-09",
            "price": "13.60",
            "revenue": 355763
        },
        "2001-10": {
            "month": "2001-10",
            "price": "13.45",
            "revenue": 378740
        },
        "2001-11": {
            "month": "2001-11",
            "price": "16.53",
            "revenue": 405344
        },
        "2001-12": {
            "month": "2001-12",
            "price": "21.17",
            "revenue": 376417
        },
        "2002-01": {
            "month": "2002-01",
            "price": "23.27",
            "revenue": 406874
        },
        "2002-02": {
            "month": "2002-02",
            "price": "22.96",
            "revenue": 354343
        },
        "2002-03": {
            "month": "2002-03",
            "price": "25.04",
            "revenue": 459853
        },
        "2002-04": {
            "month": "2002-04",
            "price": "32.84",
            "revenue": 538305
        },
        "2002-05": {
            "month": "2002-05",
            "price": "42.01",
            "revenue": 546018
        },
        "2002-06": {
            "month": "2002-06",
            "price": "45.37",
            "revenue": 515580
        },
        "2002-07": {
            "month": "2002-07",
            "price": "42.45",
            "revenue": 407886
        },
        "2002-08": {
            "month": "2002-08",
            "price": "43.06",
            "revenue": 409535
        },
        "2002-09": {
            "month": "2002-09",
            "price": "44.19",
            "revenue": 430098
        },
        "2002-10": {
            "month": "2002-10",
            "price": "47.12",
            "revenue": 504156
        },
        "2002-11": {
            "month": "2002-11",
            "price": "51.37",
            "revenue": 554555
        },
        "2002-12": {
            "month": "2002-12",
            "price": "55.20",
            "revenue": 482341
        },
        "2003-01": {
            "month": "2003-01",
            "price": "57.16",
            "revenue": 604907
        },
        "2003-02": {
            "month": "2003-02",
            "price": "57.75",
            "revenue": 451876
        },
        "2003-03": {
            "month": "2003-03",
            "price": "62.00",
            "revenue": 526427
        },
        "2003-04": {
            "month": "2003-04",
            "price": "64.77",
            "revenue": 542620
        },
        "2003-05": {
            "month": "2003-05",
            "price": "63.24",
            "revenue": 602331
        },
        "2003-06": {
            "month": "2003-06",
            "price": "60.82",
            "revenue": 580653
        },
        "2003-07": {
            "month": "2003-07",
            "price": "60.80",
            "revenue": 525330
        },
        "2003-08": {
            "month": "2003-08",
            "price": "55.86",
            "revenue": 435349
        },
        "2003-09": {
            "month": "2003-09",
            "price": "49.38",
            "revenue": 386200
        },
        "2003-10": {
            "month": "2003-10",
            "price": "49.28",
            "revenue": 416896
        },
        "2003-11": {
            "month": "2003-11",
            "price": "50.29",
            "revenue": 452680
        },
        "2003-12": {
            "month": "2003-12",
            "price": "48.74",
            "revenue": 484688
        },
        "2004-01": {
            "month": "2004-01",
            "price": "47.73",
            "revenue": 521339
        },
        "2004-02": {
            "month": "2004-02",
            "price": "48.59",
            "revenue": 543790
        },
        "2004-03": {
            "month": "2004-03",
            "price": "46.98",
            "revenue": 602952
        },
        "2004-04": {
            "month": "2004-04",
            "price": "44.43",
            "revenue": 579999
        },
        "2004-05": {
            "month": "2004-05",
            "price": "32.20",
            "revenue": 521022
        },
        "2004-06": {
            "month": "2004-06",
            "price": "32.43",
            "revenue": 565908
        },
        "2004-07": {
            "month": "2004-07",
            "price": "31.94",
            "revenue": 595539
        },
        "2004-08": {
            "month": "2004-08",
            "price": "28.31",
            "revenue": 505868
        },
        "2004-09": {
            "month": "2004-09",
            "price": "31.45",
            "revenue": 526585
        },
        "2004-10": {
            "month": "2004-10",
            "price": "31.34",
            "revenue": 537767
        },
        "2004-11": {
            "month": "2004-11",
            "price": "29.64",
            "revenue": 550727
        },
        "2004-12": {
            "month": "2004-12",
            "price": "29.96",
            "revenue": 616121
        },
        "2005-01": {
            "month": "2005-01",
            "price": "31.29",
            "revenue": 601513
        },
        "2005-02": {
            "month": "2005-02",
            "price": "30.17",
            "revenue": 421406
        },
        "2005-03": {
            "month": "2005-03",
            "price": "27.70",
            "revenue": 520126
        },
        "2005-04": {
            "month": "2005-04",
            "price": "25.22",
            "revenue": 551664
        },
        "2005-05": {
            "month": "2005-05",
            "price": "22.48",
            "revenue": 503852
        },
        "2005-06": {
            "month": "2005-06",
            "price": "24.75",
            "revenue": 550770
        },
        "2005-07": {
            "month": "2005-07",
            "price": "24.10",
            "revenue": 501024
        },
        "2005-08": {
            "month": "2005-08",
            "price": "20.42",
            "revenue": 509551
        },
        "2005-09": {
            "month": "2005-09",
            "price": "21.00",
            "revenue": 542177
        },
        "2005-10": {
            "month": "2005-10",
            "price": "22.10",
            "revenue": 510706
        },
        "2005-11": {
            "month": "2005-11",
            "price": "21.36",
            "revenue": 533333
        },
        "2005-12": {
            "month": "2005-12",
            "price": "21.92",
            "revenue": 548369
        },
        "2006-01": {
            "month": "2006-01",
            "price": "22.49",
            "revenue": 601828
        },
        "2006-02": {
            "month": "2006-02",
            "price": "21.92",
            "revenue": 551442
        },
        "2006-03": {
            "month": "2006-03",
            "price": "20.66",
            "revenue": 656296
        },
        "2006-04": {
            "month": "2006-04",
            "price": "24.60",
            "revenue": 644440
        },
        "2006-05": {
            "month": "2006-05",
            "price": "24.24",
            "revenue": 601666
        },
        "2006-06": {
            "month": "2006-06",
            "price": "21.45",
            "revenue": 625767
        },
        "2006-07": {
            "month": "2006-07",
            "price": "21.30",
            "revenue": 626996
        },
        "2006-08": {
            "month": "2006-08",
            "price": "20.76",
            "revenue": 639571
        },
        "2006-09": {
            "month": "2006-09",
            "price": "17.96",
            "revenue": 654043
        },
        "2006-10": {
            "month": "2006-10",
            "price": "21.56",
            "revenue": 692327
        },
        "2006-11": {
            "month": "2006-11",
            "price": "23.50",
            "revenue": 698075
        },
        "2006-12": {
            "month": "2006-12",
            "price": "25.16",
            "revenue": 712156
        },
        "2007-01": {
            "month": "2007-01",
            "price": "24.08",
            "revenue": 713436
        },
        "2007-02": {
            "month": "2007-02",
            "price": "23.75",
            "revenue": 546714
        },
        "2007-03": {
            "month": "2007-03",
            "price": "23.66",
            "revenue": 721958
        },
        "2007-04": {
            "month": "2007-04",
            "price": "24.20",
            "revenue": 751258
        },
        "2007-05": {
            "month": "2007-05",
            "price": "23.14",
            "revenue": 746843
        },
        "2007-06": {
            "month": "2007-06",
            "price": "24.05",
            "revenue": 702265
        },
        "2007-07": {
            "month": "2007-07",
            "price": "26.63",
            "revenue": 664429
        },
        "2007-08": {
            "month": "2007-08",
            "price": "24.01",
            "revenue": 683845
        },
        "2007-09": {
            "month": "2007-09",
            "price": "24.67",
            "revenue": 671237
        },
        "2007-10": {
            "month": "2007-10",
            "price": "24.98",
            "revenue": 750608
        },
        "2007-11": {
            "month": "2007-11",
            "price": "22.19",
            "revenue": 710193
        },
        "2007-12": {
            "month": "2007-12",
            "price": "21.04",
            "revenue": 789387
        },
        "2008-01": {
            "month": "2008-01",
            "price": "20.86",
            "revenue": 803999
        },
        "2008-02": {
            "month": "2008-02",
            "price": "22.65",
            "revenue": 707611
        },
        "2008-03": {
            "month": "2008-03",
            "price": "23.95",
            "revenue": 763350
        },
        "2008-04": {
            "month": "2008-04",
            "price": "22.41",
            "revenue": 813901
        },
        "2008-05": {
            "month": "2008-05",
            "price": "21.84",
            "revenue": 767585
        },
        "2008-06": {
            "month": "2008-06",
            "price": "19.11",
            "revenue": 671617
        },
        "2008-07": {
            "month": "2008-07",
            "price": "15.73",
            "revenue": 719814
        },
        "2008-08": {
            "month": "2008-08",
            "price": "15.98",
            "revenue": 675129
        },
        "2008-09": {
            "month": "2008-09",
            "price": "14.36",
            "revenue": 623297
        },
        "2008-10": {
            "month": "2008-10",
            "price": "11.04",
            "revenue": 596574
        },
        "2008-11": {
            "month": "2008-11",
            "price": "10.74",
            "revenue": 543891
        },
        "2008-12": {
            "month": "2008-12",
            "price": "10.43",
            "revenue": 566151
        },
        "2009-01": {
            "month": "2009-01",
            "price": "10.47",
            "revenue": 569168
        },
        "2009-02": {
            "month": "2009-02",
            "price": "11.24",
            "revenue": 654799
        },
        "2009-03": {
            "month": "2009-03",
            "price": "14.79",
            "revenue": 744362
        },
        "2009-04": {
            "month": "2009-04",
            "price": "18.88",
            "revenue": 750980
        },
        "2009-05": {
            "month": "2009-05",
            "price": "22.19",
            "revenue": 676205
        },
        "2009-06": {
            "month": "2009-06",
            "price": "19.09",
            "revenue": 599010
        },
        "2009-07": {
            "month": "2009-07",
            "price": "20.37",
            "revenue": 627136
        },
        "2009-08": {
            "month": "2009-08",
            "price": "20.00",
            "revenue": 601306
        },
        "2009-09": {
            "month": "2009-09",
            "price": "20.39",
            "revenue": 680061
        },
        "2009-10": {
            "month": "2009-10",
            "price": "21.27",
            "revenue": 712954
        },
        "2009-11": {
            "month": "2009-11",
            "price": "23.83",
            "revenue": 719945
        },
        "2009-12": {
            "month": "2009-12",
            "price": "27.45",
            "revenue": 748938
        },
        "2010-01": {
            "month": "2010-01",
            "price": "25.54",
            "revenue": 664767
        },
        "2010-02": {
            "month": "2010-02",
            "price": "22.19",
            "revenue": 514867
        },
        "2010-03": {
            "month": "2010-03",
            "price": "23.77",
            "revenue": 744550
        },
        "2010-04": {
            "month": "2010-04",
            "price": "25.08",
            "revenue": 726457
        },
        "2010-05": {
            "month": "2010-05",
            "price": "20.88",
            "revenue": 725720
        },
        "2010-06": {
            "month": "2010-06",
            "price": "19.85",
            "revenue": 688286
        },
        "2010-07": {
            "month": "2010-07",
            "price": "20.36",
            "revenue": 651880
        },
        "2010-08": {
            "month": "2010-08",
            "price": "21.08",
            "revenue": 663444
        },
        "2010-09": {
            "month": "2010-09",
            "price": "19.84",
            "revenue": 701225
        },
        "2010-10": {
            "month": "2010-10",
            "price": "19.60",
            "revenue": 770297
        },
        "2010-11": {
            "month": "2010-11",
            "price": "18.01",
            "revenue": 750283
        },
        "2010-12": {
            "month": "2010-12",
            "price": "18.82",
            "revenue": 777686
        },
        "2011-01": {
            "month": "2011-01",
            "price": "19.44",
            "revenue": 708606
        },
        "2011-02": {
            "month": "2011-02",
            "price": "17.92",
            "revenue": 529969
        },
        "2011-03": {
            "month": "2011-03",
            "price": "17.35",
            "revenue": 761634
        },
        "2011-04": {
            "month": "2011-04",
            "price": "17.35",
            "revenue": 690539
        },
        "2011-05": {
            "month": "2011-05",
            "price": "16.33",
            "revenue": 674284
        },
        "2011-06": {
            "month": "2011-06",
            "price": "14.89",
            "revenue": 750059
        },
        "2011-07": {
            "month": "2011-07",
            "price": "14.45",
            "revenue": 630207
        },
        "2011-08": {
            "month": "2011-08",
            "price": "12.87",
            "revenue": 674912
        },
        "2011-09": {
            "month": "2011-09",
            "price": "12.62",
            "revenue": 731342
        },
        "2011-10": {
            "month": "2011-10",
            "price": "12.89",
            "revenue": 747577
        },
        "2011-11": {
            "month": "2011-11",
            "price": "12.77",
            "revenue": 758387
        },
        "2011-12": {
            "month": "2011-12",
            "price": "11.73",
            "revenue": 755627
        },
        "2012-01": {
            "month": "2012-01",
            "price": "11.68",
            "revenue": 644218
        },
        "2012-02": {
            "month": "2012-02",
            "price": "14.13",
            "revenue": 699539
        },
        "2012-03": {
            "month": "2012-03",
            "price": "14.36",
            "revenue": 804265
        },
        "2012-04": {
            "month": "2012-04",
            "price": "12.85",
            "revenue": 708439
        },
        "2012-05": {
            "month": "2012-05",
            "price": "11.82",
            "revenue": 776053
        },
        "2012-06": {
            "month": "2012-06",
            "price": "11.88",
            "revenue": 726214
        },
        "2012-07": {
            "month": "2012-07",
            "price": "11.68",
            "revenue": 703075
        },
        "2012-08": {
            "month": "2012-08",
            "price": "11.90",
            "revenue": 707908
        },
        "2012-09": {
            "month": "2012-09",
            "price": "12.02",
            "revenue": 705447
        },
        "2012-10": {
            "month": "2012-10",
            "price": "11.46",
            "revenue": 747226
        },
        "2012-11": {
            "month": "2012-11",
            "price": "10.30",
            "revenue": 712506
        },
        "2012-12": {
            "month": "2012-12",
            "price": "10.49",
            "revenue": 696792
        },
        "2013-01": {
            "month": "2013-01",
            "price": "10.79",
            "revenue": 1377790
        },
        "2013-02": {
            "month": "2013-02",
            "price": "10.82",
            "revenue": 1014797
        },
        "2013-03": {
            "month": "2013-03",
            "price": "10.88",
            "revenue": 1456898
        },
        "2013-04": {
            "month": "2013-04",
            "price": "11.22",
            "revenue": 1374827
        },
        "2013-05": {
            "month": "2013-05",
            "price": "12.04",
            "revenue": 1434340
        },
        "2013-06": {
            "month": "2013-06",
            "price": "12.45",
            "revenue": 1252269
        },
        "2013-07": {
            "month": "2013-07",
            "price": "14.20",
            "revenue": 1368164
        },
        "2013-08": {
            "month": "2013-08",
            "price": "15.56",
            "revenue": 1368385
        },
        "2013-09": {
            "month": "2013-09",
            "price": "17.39",
            "revenue": 1365185
        },
        "2013-10": {
            "month": "2013-10",
            "price": "17.65",
            "revenue": 1505994
        },
        "2013-11": {
            "month": "2013-11",
            "price": "16.00",
            "revenue": 1512006
        },
        "2013-12": {
            "month": "2013-12",
            "price": "16.51",
            "revenue": 1478942
        },
        "2014-01": {
            "month": "2014-01",
            "price": "16.96",
            "revenue": 1562207
        },
        "2014-02": {
            "month": "2014-02",
            "price": "18.01",
            "revenue": 1458608
        },
        "2014-03": {
            "month": "2014-03",
            "price": "18.84",
            "revenue": 1640461
        },
        "2014-04": {
            "month": "2014-04",
            "price": "20.28",
            "revenue": 1609201
        },
        "2014-05": {
            "month": "2014-05",
            "price": "20.20",
            "revenue": 1519640
        },
        "2014-06": {
            "month": "2014-06",
            "price": "21.28",
            "revenue": 1465175
        },
        "2014-07": {
            "month": "2014-07",
            "price": "20.15",
            "revenue": 1496672
        },
        "2014-08": {
            "month": "2014-08",
            "price": "18.65",
            "revenue": 1459478
        },
        "2014-09": {
            "month": "2014-09",
            "price": "17.90",
            "revenue": 1556910
        },
        "2014-10": {
            "month": "2014-10",
            "price": "16.89",
            "revenue": 1575015
        },
        "2014-11": {
            "month": "2014-11",
            "price": "17.50",
            "revenue": 1560420
        },
        "2014-12": {
            "month": "2014-12",
            "price": "19.57",
            "revenue": 1858108
        },
        "2015-01": {
            "month": "2015-01",
            "price": "22.61",
            "revenue": 1221104
        },
        "2015-02": {
            "month": "2015-02",
            "price": "22.20",
            "revenue": 1109529
        },
        "2015-03": {
            "month": "2015-03",
            "price": "21.54",
            "revenue": 1399391
        },
        "2015-04": {
            "month": "2015-04",
            "price": "22.42",
            "revenue": 1320924
        },
        "2015-05": {
            "month": "2015-05",
            "price": "19.70",
            "revenue": 1199326
        },
        "2015-06": {
            "month": "2015-06",
            "price": "18.15",
            "revenue": 1264974
        },
        "2015-07": {
            "month": "2015-07",
            "price": "19.03",
            "revenue": 1287931
        },
        "2015-08": {
            "month": "2015-08",
            "price": "18.37",
            "revenue": 1203447
        },
        "2015-09": {
            "month": "2015-09",
            "price": "19.42",
            "revenue": 1235857
        },
        "2015-10": {
            "month": "2015-10",
            "price": "22.38",
            "revenue": 1194037
        },
        "2015-11": {
            "month": "2015-11",
            "price": "23.49",
            "revenue": 1256529
        },
        "2015-12": {
            "month": "2015-12",
            "price": "23.63",
            "revenue": 1325191
        },
        "2016-01": {
            "month": "2016-01",
            "price": "22.35",
            "revenue": 1353942
        },
        "2016-02": {
            "month": "2016-02",
            "price": "25.50",
            "revenue": 1195449
        },
        "2016-03": {
            "month": "2016-03",
            "price": "26.60",
            "revenue": 1513496
        },
        "2016-04": {
            "month": "2016-04",
            "price": "26.27",
            "revenue": 1268324
        },
        "2016-05": {
            "month": "2016-05",
            "price": "25.11",
            "revenue": 1308893
        },
        "2016-06": {
            "month": "2016-06",
            "price": "25.81",
            "revenue": 1371114
        },
        "2016-07": {
            "month": "2016-07",
            "price": "28.49",
            "revenue": 1324252
        },
        "2016-08": {
            "month": "2016-08",
            "price": "34.50",
            "revenue": 1374429
        },
        "2016-09": {
            "month": "2016-09",
            "price": "37.36",
            "revenue": 1266361
        },
        "2016-10": {
            "month": "2016-10",
            "price": "34.24",
            "revenue": 1287655
        },
        "2016-11": {
            "month": "2016-11",
            "price": "32.33",
            "revenue": 1352695
        },
        "2016-12": {
            "month": "2016-12",
            "price": "35.40",
            "revenue": 1330390
        },
        "2017-01": {
            "month": "2017-01",
            "price": "35.72",
            "revenue": 1331807
        },
        "2017-02": {
            "month": "2017-02",
            "price": "36.24",
            "revenue": 1220347
        },
        "2017-03": {
            "month": "2017-03",
            "price": "35.01",
            "revenue": 1547569
        },
        "2017-04": {
            "month": "2017-04",
            "price": "31.58",
            "revenue": 1272053
        },
        "2017-05": {
            "month": "2017-05",
            "price": "31.29",
            "revenue": 1338468
        },
        "2017-06": {
            "month": "2017-06",
            "price": "32.20",
            "revenue": 1391786
        },
        "2017-07": {
            "month": "2017-07",
            "price": "32.72",
            "revenue": 1238025
        },
        "2017-08": {
            "month": "2017-08",
            "price": "31.02",
            "revenue": 1448903
        },
        "2017-09": {
            "month": "2017-09",
            "price": "32.98",
            "revenue": 1285160
        },
        "2017-10": {
            "month": "2017-10",
            "price": "34.58",
            "revenue": 1287935
        },
        "2017-11": {
            "month": "2017-11",
            "price": "33.85",
            "revenue": 1402837
        },
        "2017-12": {
            "month": "2017-12",
            "price": "32.83",
            "revenue": 1299172
        },
        "2018-01": {
            "month": "2018-01",
            "price": "33.05",
            "revenue": 1482421
        },
        "2018-02": {
            "month": "2018-02",
            "price": "29.78",
            "revenue": 1229102
        },
        "2018-03": {
            "month": "2018-03",
            "price": "30.43",
            "revenue": 1568129
        },
        "2018-04": {
            "month": "2018-04",
            "price": "30.34",
            "revenue": 1167576
        },
        "2018-05": {
            "month": "2018-05",
            "price": "30.44",
            "revenue": 1497705
        },
        "2018-06": {
            "month": "2018-06",
            "price": "32.30",
            "revenue": 1275302
        },
        "2018-07": {
            "month": "2018-07",
            "price": "31.58",
            "revenue": 1431493
        },
        "2018-08": {
            "month": "2018-08",
            "price": "29.78",
            "revenue": 1421707
        },
        "2018-09": {
            "month": "2018-09",
            "price": "28.47",
            "revenue": 1231710
        },
        "2018-10": {
            "month": "2018-10",
            "price": "24.05",
            "revenue": 1549771
        },
        "2018-11": {
            "month": "2018-11",
            "price": "24.01",
            "revenue": 1423911
        },
        "2018-12": {
            "month": "2018-12",
            "price": "25.05",
            "revenue": 1339957
        },
        "2019-01": {
            "month": "2019-01",
            "price": "23.83",
            "revenue": 1588233
        },
        "2019-02": {
            "month": "2019-02",
            "price": "25.72",
            "revenue": 1213168
        },
        "2019-03": {
            "month": "2019-03",
            "price": "26.36",
            "revenue": 1538749
        },
        "2019-04": {
            "month": "2019-04",
            "price": "26.94",
            "revenue": 1628524
        },
        "2019-05": {
            "month": "2019-05",
            "price": "27.91",
            "revenue": 1540779
        },
        "2019-06": {
            "month": "2019-06",
            "price": "27.22",
            "revenue": 1433115
        },
        "2019-07": {
            "month": "2019-07",
            "price": "28.21",
            "revenue": 1550596
        },
        "2019-08": {
            "month": "2019-08",
            "price": "29.04",
            "revenue": 1476241
        },
        "2019-09": {
            "month": "2019-09",
            "price": "31.41",
            "revenue": 1396603
        },
        "2019-10": {
            "month": "2019-10",
            "price": "30.82",
            "revenue": 1492929
        },
        "2019-11": {
            "month": "2019-11",
            "price": "29.71",
            "revenue": 1315361
        },
        "2019-12": {
            "month": "2019-12",
            "price": "29.18",
            "revenue": 1364551
        },
        "2020-01": {
            "month": "2020-01",
            "price": "27.98",
            "revenue": 1305764
        },
        "2020-02": {
            "month": "2020-02",
            "price": "25.26",
            "revenue": 1255449
        },
        "2020-03": {
            "month": "2020-03",
            "price": "20.64",
            "revenue": 1267261
        },
        "2020-04": {
            "month": "2020-04",
            "price": "23.35",
            "revenue": 804857
        },
        "2020-05": {
            "month": "2020-05",
            "price": "23.48",
            "revenue": 950017
        },
        "2020-06": {
            "month": "2020-06",
            "price": "24.52",
            "revenue": 1221037
        },
        "2020-07": {
            "month": "2020-07",
            "price": "24.33",
            "revenue": 1320186
        },
        "2020-08": {
            "month": "2020-08",
            "price": "22.40",
            "revenue": 1260148
        },
        "2020-09": {
            "month": "2020-09",
            "price": "21.74",
            "revenue": 1230277
        },
        "2020-10": {
            "month": "2020-10",
            "price": "21.09",
            "revenue": 1268689
        },
        "2020-11": {
            "month": "2020-11",
            "price": "21.45",
            "revenue": 1232668
        },
        "2020-12": {
            "month": "2020-12",
            "price": "21.98",
            "revenue": 1278889
        },
        "2021-01": {
            "month": "2021-01",
            "price": "23.84",
            "revenue": 1324347
        },
        "2021-02": {
            "month": "2021-02",
            "price": "23.09",
            "revenue": 1191059
        },
        "2021-03": {
            "month": "2021-03",
            "price": "23.74",
            "revenue": 1438368
        },
        "2021-04": {
            "month": "2021-04",
            "price": "24.43",
            "revenue": 1359787
        },
        "2021-05": {
            "month": "2021-05",
            "price": "21.32",
            "revenue": 1362275
        },
        "2021-06": {
            "month": "2021-06",
            "price": "21.72",
            "revenue": 1442880
        },
        "2021-07": {
            "month": "2021-07",
            "price": "22.28",
            "revenue": 1371797
        },
        "2021-08": {
            "month": "2021-08",
            "price": "20.40",
            "revenue": 1324818
        },
        "2021-09": {
            "month": "2021-09",
            "price": "19.78",
            "revenue": 1436901
        },
        "2021-10": {
            "month": "2021-10",
            "price": "19.68",
            "revenue": 1368230
        },
        "2021-11": {
            "month": "2021-11",
            "price": "19.69",
            "revenue": 1496445
        },
        "2021-12": {
            "month": "2021-12",
            "price": "19.12",
            "revenue": 1445961
        },
        "2022-01": {
            "month": "2022-01",
            "price": "19.12",
            "revenue": 1487456
        },
        "2022-02": {
            "month": "2022-02",
            "price": "18.93",
            "revenue": 1370144
        },
        "2022-03": {
            "month": "2022-03",
            "price": "18.25",
            "revenue": 1744645
        },
        "2022-04": {
            "month": "2022-04",
            "price": "18.89",
            "revenue": 1619858
        },
        "2022-05": {
            "month": "2022-05",
            "price": "23.21",
            "revenue": 1624357
        },
        "2022-06": {
            "month": "2022-06",
            "price": "28.25",
            "revenue": 1761328
        },
        "2022-07": {
            "month": "2022-07",
            "price": "29.54",
            "revenue": 1508869
        },
        "2022-08": {
            "month": "2022-08",
            "price": "30.85",
            "revenue": 1526510
        },
        "2022-09": {
            "month": "2022-09",
            "price": "28.68",
            "revenue": 1633734
        },
        "2022-10": {
            "month": "2022-10",
            "price": "25.89",
            "revenue": 1704887
        },
        "2022-11": {
            "month": "2022-11",
            "price": "26.85",
            "revenue": 1617039
        },
        "2022-12": {
            "month": "2022-12",
            "price": "27.82",
            "revenue": 1586603
        },
        "2023-01": {
            "month": "2023-01",
            "price": "27.52",
            "revenue": 1499360
        },
        "2023-02": {
            "month": "2023-02",
            "price": "28.38",
            "revenue": 1498874
        },
        "2023-03": {
            "month": "2023-03",
            "price": "29.13",
            "revenue": 1693497
        },
        "2023-04": {
            "month": "2023-04",
            "price": "29.65",
            "revenue": 1463741
        }
    }
}
