{
    "summary": {
        "stock_name": "耿鼎",
        "stock_id": "1524",
        "category": "汽車",
        "main_business": "汽車零件",
        "website_url": "http://www.gordon.com.tw",
        "ceo": "李茂源",
        "pe_ratio": 17,
        "report_year_from": 2001,
        "report_year_to": 2023,
        "age": 23,
        "eps_negative_percentage": 22,
        "eps_growth_avg": {
            "last_all": -10.74,
            "last_2y": 63.14,
            "last_4y": 18.2,
            "last_8y": -2.1,
            "last_12y": -12.98,
            "last_16y": -22.63,
            "last_20y": -10.99,
            "at_2006_last_3y": 23.92,
            "at_2007_last_3y": 1.88,
            "at_2008_last_3y": -27.71,
            "at_2009_last_3y": -38.02,
            "at_2010_last_3y": -51.58,
            "at_2011_last_3y": -59.18,
            "at_2012_last_3y": -100,
            "at_2013_last_3y": -100,
            "at_2014_last_3y": -100,
            "at_2015_last_3y": -100,
            "at_2016_last_3y": -100,
            "at_2017_last_3y": -62.6,
            "at_2018_last_3y": -35.94,
            "at_2019_last_3y": -10.01,
            "at_2020_last_3y": -26.56,
            "at_2021_last_3y": 0.99,
            "at_2022_last_3y": 21.65,
            "at_2023_last_3y": 28.31,
            "at_2024_last_3y": 28.31,
            "at_2006_last_all": 17.8,
            "at_2007_last_all": 8.77,
            "at_2008_last_all": 4.89,
            "at_2009_last_all": -8.22,
            "at_2010_last_all": -8.22,
            "at_2011_last_all": -8.22,
            "at_2012_last_all": -18.42,
            "at_2013_last_all": -18.42,
            "at_2014_last_all": -18.42,
            "at_2015_last_all": -26.57,
            "at_2016_last_all": -26.57,
            "at_2017_last_all": -26.45,
            "at_2018_last_all": -22.8,
            "at_2019_last_all": -22.75,
            "at_2020_last_all": -26.57,
            "at_2021_last_all": -19.13,
            "at_2022_last_all": -11.69,
            "at_2023_last_all": -10.74,
            "at_2024_last_all": -10.74
        },
        "latest_eps": 2.13,
        "latest_price": 36.6,
        "latest_roe": 13.46,
        "latest_gross_margin": 30.76,
        "latest_equity": 2697964,
        "latest_revenue": 759383,
        "latest_gross_profit": 233584,
        "latest_net_income": 90701,
        "latest_debt_ratio": 49.4,
        "latest_current_ratio": 180.19,
        "latest_account_receivable_turnover_ratio": 1.48,
        "latest_inventory_turnover_ratio": 0.84,
        "latest_reinvestment_rate": -32.96,
        "latest_research_to_sale_ratio": 0.18
    },
    "eps_dividends": {
        "1996": {
            "cash": 0.6,
            "stock": 0.5,
            "eps": 0
        },
        "1998": {
            "cash": 0,
            "stock": 2.3,
            "eps": 0
        },
        "2000": {
            "cash": 2,
            "stock": 2,
            "eps": 0
        },
        "2001": {
            "cash": 0,
            "stock": 0,
            "eps": 0.6
        },
        "2002": {
            "cash": 0.5,
            "stock": 0.5,
            "eps": 0.56
        },
        "2003": {
            "cash": 0,
            "stock": 0.5,
            "eps": 0.85
        },
        "2004": {
            "cash": 0.11,
            "stock": 0.54,
            "eps": 1.82
        },
        "2005": {
            "cash": 0.6,
            "stock": 0.7,
            "eps": 0.75
        },
        "2006": {
            "cash": 0.3,
            "stock": 0.3,
            "eps": 0.77
        },
        "2007": {
            "cash": 0.3,
            "stock": 0.3,
            "eps": 0.49
        },
        "2008": {
            "cash": 0.15,
            "stock": 0.15,
            "eps": 0.4
        },
        "2009": {
            "cash": 0.1,
            "stock": 0.2,
            "eps": -0.19
        },
        "2010": {
            "cash": 0,
            "stock": 0,
            "eps": -0.23
        },
        "2011": {
            "cash": 0,
            "stock": 0,
            "eps": 0.11
        },
        "2012": {
            "cash": 0,
            "stock": 0,
            "eps": -0.78
        },
        "2013": {
            "cash": 0,
            "stock": 0,
            "eps": -0.28
        },
        "2014": {
            "cash": 0,
            "stock": 0,
            "eps": 0.03
        },
        "2015": {
            "cash": 0,
            "stock": 0,
            "eps": -1.05
        },
        "2016": {
            "cash": 0,
            "stock": 0,
            "eps": 1.23
        },
        "2017": {
            "cash": 0.5,
            "stock": 0,
            "eps": 0.92
        },
        "2018": {
            "cash": 0.45,
            "stock": 0,
            "eps": 1.08
        },
        "2019": {
            "cash": 0.5,
            "stock": 0,
            "eps": 0.84
        },
        "2020": {
            "cash": 0.4,
            "stock": 0,
            "eps": 0.2
        },
        "2021": {
            "cash": 0.21,
            "stock": 0,
            "eps": 0.37
        },
        "2022": {
            "cash": 0.3,
            "stock": 0,
            "eps": 2.04
        },
        "2023": {
            "cash": 1,
            "stock": 0,
            "eps": 2.13
        },
        "2024": {
            "cash": 1.3,
            "stock": 0,
            "eps": 0
        }
    },
    "dividends": {
        "1996-05-29": {
            "cash": 0.6,
            "stock": 0.5
        },
        "1998-04-16": {
            "cash": 0,
            "stock": 2.3
        },
        "2000-05-06": {
            "cash": 2,
            "stock": 2
        },
        "2002-05-31": {
            "cash": 0.5,
            "stock": 0.5
        },
        "2003-06-18": {
            "cash": 0,
            "stock": 0.5
        },
        "2004-04-20": {
            "cash": 0.11,
            "stock": 0.54
        },
        "2005-03-10": {
            "cash": 0.6,
            "stock": 0.7
        },
        "2006-03-29": {
            "cash": 0.3,
            "stock": 0.3
        },
        "2007-03-30": {
            "cash": 0.3,
            "stock": 0.3
        },
        "2008-04-29": {
            "cash": 0.15,
            "stock": 0.15
        },
        "2009-03-31": {
            "cash": 0.1,
            "stock": 0.2
        },
        "2017-08-23": {
            "cash": 0.5,
            "stock": 0
        },
        "2018-08-17": {
            "cash": 0.45,
            "stock": 0
        },
        "2019-08-15": {
            "cash": 0.5,
            "stock": 0
        },
        "2020-05-13": {
            "cash": 0.4,
            "stock": 0
        },
        "2021-05-14": {
            "cash": 0.21,
            "stock": 0
        },
        "2022-05-12": {
            "cash": 0.3,
            "stock": 0
        },
        "2023-04-13": {
            "cash": 1,
            "stock": 0
        },
        "2024-05-10": {
            "cash": 1.3,
            "stock": 0
        }
    },
    "prices": {
        "200101": "9.99",
        "200102": "11.10",
        "200103": "13.29",
        "200104": "14.40",
        "200105": "10.81",
        "200106": "9.99",
        "200107": "9.11",
        "200108": "9.42",
        "200109": "8.46",
        "200110": "7.81",
        "200111": "8.27",
        "200112": "9.66",
        "200201": "9.84",
        "200202": "10.37",
        "200203": "11.53",
        "200204": "13.37",
        "200205": "12.99",
        "200206": "13.36",
        "200207": "13.28",
        "200208": "11.55",
        "200209": "10.65",
        "200210": "10.59",
        "200211": "11.35",
        "200212": "11.57",
        "200301": "12.11",
        "200302": "11.57",
        "200303": "12.90",
        "200304": "14.47",
        "200305": "16.47",
        "200306": "16.75",
        "200307": "15.60",
        "200308": "15.11",
        "200309": "13.20",
        "200310": "13.56",
        "200311": "13.52",
        "200312": "13.13",
        "200401": "13.56",
        "200402": "15.50",
        "200403": "16.12",
        "200404": "17.17",
        "200405": "16.74",
        "200406": "16.73",
        "200407": "17.03",
        "200408": "16.70",
        "200409": "19.47",
        "200410": "19.76",
        "200411": "18.66",
        "200412": "18.77",
        "200501": "19.11",
        "200502": "19.41",
        "200503": "20.04",
        "200504": "19.78",
        "200505": "18.03",
        "200506": "17.37",
        "200507": "16.80",
        "200508": "15.85",
        "200509": "20.00",
        "200510": "19.93",
        "200511": "18.96",
        "200512": "18.25",
        "200601": "17.72",
        "200602": "15.40",
        "200603": "15.74",
        "200604": "17.32",
        "200605": "17.99",
        "200606": "16.14",
        "200607": "15.69",
        "200608": "14.67",
        "200609": "13.99",
        "200610": "17.48",
        "200611": "17.39",
        "200612": "17.76",
        "200701": "18.34",
        "200702": "17.80",
        "200703": "17.92",
        "200704": "17.98",
        "200705": "16.73",
        "200706": "17.13",
        "200707": "17.76",
        "200708": "16.16",
        "200709": "15.54",
        "200710": "15.19",
        "200711": "13.45",
        "200712": "12.66",
        "200801": "11.15",
        "200802": "11.31",
        "200803": "11.55",
        "200804": "11.76",
        "200805": "11.36",
        "200806": "10.21",
        "200807": "8.41",
        "200808": "8.96",
        "200809": "8.76",
        "200810": "7.21",
        "200811": "7.09",
        "200812": "6.85",
        "200901": "7.17",
        "200902": "7.55",
        "200903": "8.57",
        "200904": "10.38",
        "200905": "10.22",
        "200906": "8.73",
        "200907": "8.49",
        "200908": "8.66",
        "200909": "8.70",
        "200910": "10.07",
        "200911": "13.37",
        "200912": "14.55",
        "201001": "14.06",
        "201002": "12.49",
        "201003": "12.74",
        "201004": "13.87",
        "201005": "12.41",
        "201006": "11.87",
        "201007": "11.85",
        "201008": "12.34",
        "201009": "11.65",
        "201010": "10.82",
        "201011": "10.21",
        "201012": "10.28",
        "201101": "10.68",
        "201102": "10.09",
        "201103": "9.51",
        "201104": "9.40",
        "201105": "9.04",
        "201106": "8.69",
        "201107": "8.61",
        "201108": "7.37",
        "201109": "6.91",
        "201110": "7.07",
        "201111": "7.28",
        "201112": "6.83",
        "201201": "6.85",
        "201202": "7.56",
        "201203": "7.29",
        "201204": "6.58",
        "201205": "6.04",
        "201206": "5.55",
        "201207": "5.54",
        "201208": "5.60",
        "201209": "6.12",
        "201210": "6.86",
        "201211": "6.34",
        "201212": "6.27",
        "201301": "6.64",
        "201302": "6.55",
        "201303": "7.29",
        "201304": "7.39",
        "201305": "7.65",
        "201306": "7.78",
        "201307": "8.11",
        "201308": "8.19",
        "201309": "8.43",
        "201310": "8.64",
        "201311": "8.16",
        "201312": "8.53",
        "201401": "8.53",
        "201402": "8.58",
        "201403": "8.63",
        "201404": "8.53",
        "201405": "8.37",
        "201406": "8.44",
        "201407": "8.17",
        "201408": "7.75",
        "201409": "7.81",
        "201410": "7.39",
        "201411": "7.04",
        "201412": "7.32",
        "201501": "7.73",
        "201502": "7.57",
        "201503": "7.32",
        "201504": "7.15",
        "201505": "6.33",
        "201506": "5.23",
        "201507": "5.12",
        "201508": "4.85",
        "201509": "4.97",
        "201510": "5.19",
        "201511": "6.09",
        "201512": "6.65",
        "201601": "6.39",
        "201602": "6.65",
        "201603": "7.08",
        "201604": "8.04",
        "201605": "8.09",
        "201606": "8.53",
        "201607": "9.75",
        "201608": "10.95",
        "201609": "11.97",
        "201610": "11.67",
        "201611": "10.71",
        "201612": "11.05",
        "201701": "11.12",
        "201702": "11.51",
        "201703": "12.51",
        "201704": "12.39",
        "201705": "11.44",
        "201706": "11.45",
        "201707": "11.41",
        "201708": "11.04",
        "201709": "11.46",
        "201710": "11.45",
        "201711": "11.41",
        "201712": "11.81",
        "201801": "11.81",
        "201802": "10.65",
        "201803": "10.51",
        "201804": "10.52",
        "201805": "10.53",
        "201806": "10.85",
        "201807": "10.55",
        "201808": "10.41",
        "201809": "10.21",
        "201810": "9.86",
        "201811": "9.78",
        "201812": "10.15",
        "201901": "10.13",
        "201902": "10.25",
        "201903": "10.52",
        "201904": "10.53",
        "201905": "10.45",
        "201906": "10.45",
        "201907": "10.18",
        "201908": "9.90",
        "201909": "9.96",
        "201910": "10.00",
        "201911": "10.00",
        "201912": "9.97",
        "202001": "9.94",
        "202002": "9.46",
        "202003": "8.60",
        "202004": "8.49",
        "202005": "8.78",
        "202006": "8.89",
        "202007": "9.43",
        "202008": "9.25",
        "202009": "9.53",
        "202010": "9.38",
        "202011": "9.49",
        "202012": "9.83",
        "202101": "11.06",
        "202102": "10.60",
        "202103": "10.97",
        "202104": "11.59",
        "202105": "9.97",
        "202106": "10.22",
        "202107": "10.73",
        "202108": "9.97",
        "202109": "9.94",
        "202110": "9.86",
        "202111": "10.07",
        "202112": "10.92",
        "202201": "10.61",
        "202202": "10.33",
        "202203": "10.39",
        "202204": "10.84",
        "202205": "16.04",
        "202206": "20.36",
        "202207": "20.59",
        "202208": "26.52",
        "202209": "26.86",
        "202210": "22.96",
        "202211": "23.52",
        "202212": "24.62",
        "202301": "24.01",
        "202302": "25.39",
        "202303": "25.62",
        "202304": "24.98",
        "202305": "22.69",
        "202306": "23.90",
        "202307": "22.60",
        "202308": "21.15",
        "202309": "24.61",
        "202310": "27.56",
        "202311": "29.80",
        "202312": "33.65"
    },
    "quarters": {
        "20011": {
            "year_quarter": 20011,
            "year": 2001,
            "quarter": 1,
            "eps": 0.16,
            "eps_growth_year": -5.88,
            "eps_4q": 0.35,
            "eps_4q_growth_year": -80.75,
            "roe": 1.19,
            "roe_4q": 1.19,
            "gross_profit": 82852,
            "gross_margin": 22.13,
            "gross_margin_4q_avg": 22.13,
            "net_income": 15323,
            "net_income_4q": null,
            "revenue": 374385,
            "revenue_4q": null,
            "common_shares": 1004244,
            "book_valuer_per_share": 12.94,
            "book_valuer_per_share_4q_avg": 12.94,
            "equity": 1299127,
            "current_ratio": 82.27,
            "debt_ratio": 53.09,
            "inventory_turnover_ratio": 1.09,
            "account_receivable_turnover_ratio": null,
            "reinvestment_rate": null,
            "research_to_sale_ratio": null,
            "price_fair": 0,
            "eps_avg_yearly": 0,
            "eps_latest_yearly": 0,
            "eps_growth_yearly": 0
        },
        "20012": {
            "year_quarter": 20012,
            "year": 2001,
            "quarter": 2,
            "eps": 0.29,
            "eps_growth_year": null,
            "eps_4q": 0.64,
            "eps_4q_growth_year": -46.32,
            "roe": 2.24,
            "roe_4q": 3.43,
            "gross_profit": 87953,
            "gross_margin": 23.39,
            "gross_margin_4q_avg": 22.76,
            "net_income": 29251,
            "net_income_4q": null,
            "revenue": 375996,
            "revenue_4q": null,
            "common_shares": 1004244,
            "book_valuer_per_share": 13.12,
            "book_valuer_per_share_4q_avg": 13.03,
            "equity": 1317870,
            "current_ratio": 85.85,
            "debt_ratio": 51.87,
            "inventory_turnover_ratio": 1.1,
            "account_receivable_turnover_ratio": null,
            "reinvestment_rate": null,
            "research_to_sale_ratio": null,
            "price_fair": 0,
            "eps_avg_yearly": 0,
            "eps_latest_yearly": 0,
            "eps_growth_yearly": 0
        },
        "20013": {
            "year_quarter": 20013,
            "year": 2001,
            "quarter": 3,
            "eps": 0.09,
            "eps_growth_year": 200,
            "eps_4q": 0.72,
            "eps_4q_growth_year": 34.26,
            "roe": 0.67,
            "roe_4q": 4.1,
            "gross_profit": 64633,
            "gross_margin": 18.77,
            "gross_margin_4q_avg": 21.43,
            "net_income": 8888,
            "net_income_4q": null,
            "revenue": 344285,
            "revenue_4q": null,
            "common_shares": 1052670,
            "book_valuer_per_share": 12.57,
            "book_valuer_per_share_4q_avg": 12.88,
            "equity": 1322759,
            "current_ratio": 82.86,
            "debt_ratio": 50.1,
            "inventory_turnover_ratio": 1.02,
            "account_receivable_turnover_ratio": null,
            "reinvestment_rate": null,
            "research_to_sale_ratio": null,
            "price_fair": 0,
            "eps_avg_yearly": 0,
            "eps_latest_yearly": 0,
            "eps_growth_yearly": 0
        },
        "20014": {
            "year_quarter": 20014,
            "year": 2001,
            "quarter": 4,
            "eps": 0.06,
            "eps_growth_year": -68.42,
            "eps_4q": 0.56,
            "eps_4q_growth_year": 55.11,
            "roe": 0.48,
            "roe_4q": 4.58,
            "gross_profit": 70881,
            "gross_margin": 17.53,
            "gross_margin_4q_avg": 20.46,
            "net_income": 6421,
            "net_income_4q": null,
            "revenue": 404293,
            "revenue_4q": null,
            "common_shares": 1052670,
            "book_valuer_per_share": 12.67,
            "book_valuer_per_share_4q_avg": 12.83,
            "equity": 1333787,
            "current_ratio": 79.9,
            "debt_ratio": 49.01,
            "inventory_turnover_ratio": 1.22,
            "account_receivable_turnover_ratio": null,
            "reinvestment_rate": null,
            "research_to_sale_ratio": null,
            "price_fair": 0,
            "eps_avg_yearly": 0,
            "eps_latest_yearly": 0,
            "eps_growth_yearly": 0
        },
        "20021": {
            "year_quarter": 20021,
            "year": 2002,
            "quarter": 1,
            "eps": 0.2,
            "eps_growth_year": 25,
            "eps_4q": 0.66,
            "eps_4q_growth_year": 88.67,
            "roe": 1.46,
            "roe_4q": 4.85,
            "gross_profit": 82908,
            "gross_margin": 19.84,
            "gross_margin_4q_avg": 19.88,
            "net_income": 19378,
            "net_income_4q": null,
            "revenue": 417807,
            "revenue_4q": null,
            "common_shares": 1052670,
            "book_valuer_per_share": 12.5,
            "book_valuer_per_share_4q_avg": 12.72,
            "equity": 1315985,
            "current_ratio": 80.36,
            "debt_ratio": 51.53,
            "inventory_turnover_ratio": 1.24,
            "account_receivable_turnover_ratio": null,
            "reinvestment_rate": null,
            "research_to_sale_ratio": null,
            "price_fair": 28,
            "eps_avg_yearly": 0.8,
            "eps_latest_yearly": 0.8,
            "eps_growth_yearly": 933.33
        },
        "20022": {
            "year_quarter": 20022,
            "year": 2002,
            "quarter": 2,
            "eps": 0.08,
            "eps_growth_year": -72.41,
            "eps_4q": 0.4,
            "eps_4q_growth_year": -37.74,
            "roe": 0.66,
            "roe_4q": 3.27,
            "gross_profit": 92451,
            "gross_margin": 22.29,
            "gross_margin_4q_avg": 19.61,
            "net_income": 8728,
            "net_income_4q": null,
            "revenue": 414815,
            "revenue_4q": null,
            "common_shares": 1052670,
            "book_valuer_per_share": 12.58,
            "book_valuer_per_share_4q_avg": 12.58,
            "equity": 1324712,
            "current_ratio": 78.34,
            "debt_ratio": 52.85,
            "inventory_turnover_ratio": 1.12,
            "account_receivable_turnover_ratio": null,
            "reinvestment_rate": null,
            "research_to_sale_ratio": null,
            "price_fair": 19.6,
            "eps_avg_yearly": 0.56,
            "eps_latest_yearly": 0.32,
            "eps_growth_yearly": 346.67
        },
        "20023": {
            "year_quarter": 20023,
            "year": 2002,
            "quarter": 3,
            "eps": 0.22,
            "eps_growth_year": 144.44,
            "eps_4q": 0.55,
            "eps_4q_growth_year": -23.58,
            "roe": 1.71,
            "roe_4q": 4.3100000000000005,
            "gross_profit": 56700,
            "gross_margin": 14.78,
            "gross_margin_4q_avg": 18.61,
            "net_income": 23170,
            "net_income_4q": null,
            "revenue": 383498,
            "revenue_4q": null,
            "common_shares": 1103518,
            "book_valuer_per_share": 12.52,
            "book_valuer_per_share_4q_avg": 12.57,
            "equity": 1381245,
            "current_ratio": 80.22,
            "debt_ratio": 49.32,
            "inventory_turnover_ratio": 1.09,
            "account_receivable_turnover_ratio": null,
            "reinvestment_rate": null,
            "research_to_sale_ratio": null,
            "price_fair": 23.33,
            "eps_avg_yearly": 0.67,
            "eps_latest_yearly": 0.88,
            "eps_growth_yearly": 464.44
        },
        "20024": {
            "year_quarter": 20024,
            "year": 2002,
            "quarter": 4,
            "eps": 0.06,
            "eps_growth_year": 0,
            "eps_4q": 0.58,
            "eps_4q_growth_year": 4.32,
            "roe": 0.42,
            "roe_4q": 4.25,
            "gross_profit": 87921,
            "gross_margin": 21.3,
            "gross_margin_4q_avg": 19.55,
            "net_income": 5874,
            "net_income_4q": null,
            "revenue": 412710,
            "revenue_4q": null,
            "common_shares": 1103518,
            "book_valuer_per_share": 12.57,
            "book_valuer_per_share_4q_avg": 12.54,
            "equity": 1387119,
            "current_ratio": 76.53,
            "debt_ratio": 50.21,
            "inventory_turnover_ratio": 1.07,
            "account_receivable_turnover_ratio": null,
            "reinvestment_rate": 214.98,
            "research_to_sale_ratio": null,
            "price_fair": 19.6,
            "eps_avg_yearly": 0.56,
            "eps_latest_yearly": 0.24,
            "eps_growth_yearly": 275.61
        },
        "20031": {
            "year_quarter": 20031,
            "year": 2003,
            "quarter": 1,
            "eps": 0.35,
            "eps_growth_year": 75,
            "eps_4q": 0.71,
            "eps_4q_growth_year": 7.06,
            "roe": 2.64,
            "roe_4q": 5.43,
            "gross_profit": 101862,
            "gross_margin": 26.08,
            "gross_margin_4q_avg": 21.11,
            "net_income": 37084,
            "net_income_4q": null,
            "revenue": 390557,
            "revenue_4q": null,
            "common_shares": 1103518,
            "book_valuer_per_share": 12.91,
            "book_valuer_per_share_4q_avg": 12.65,
            "equity": 1424203,
            "current_ratio": 76.13,
            "debt_ratio": 50.64,
            "inventory_turnover_ratio": 0.86,
            "account_receivable_turnover_ratio": null,
            "reinvestment_rate": 204.14,
            "research_to_sale_ratio": null,
            "price_fair": 25.48,
            "eps_avg_yearly": 0.73,
            "eps_latest_yearly": 1.4,
            "eps_growth_yearly": 607.15
        },
        "20032": {
            "year_quarter": 20032,
            "year": 2003,
            "quarter": 2,
            "eps": 0.11,
            "eps_growth_year": 37.5,
            "eps_4q": 0.73,
            "eps_4q_growth_year": 83.23,
            "roe": 0.82,
            "roe_4q": 5.59,
            "gross_profit": 92685,
            "gross_margin": 22.32,
            "gross_margin_4q_avg": 21.12,
            "net_income": 11749,
            "net_income_4q": null,
            "revenue": 415344,
            "revenue_4q": null,
            "common_shares": 1103518,
            "book_valuer_per_share": 13,
            "book_valuer_per_share_4q_avg": 12.75,
            "equity": 1434151,
            "current_ratio": 78.76,
            "debt_ratio": 52.39,
            "inventory_turnover_ratio": 0.9,
            "account_receivable_turnover_ratio": null,
            "reinvestment_rate": 193.76,
            "research_to_sale_ratio": null,
            "price_fair": 23.8,
            "eps_avg_yearly": 0.68,
            "eps_latest_yearly": 0.44,
            "eps_growth_yearly": 460.25
        },
        "20033": {
            "year_quarter": 20033,
            "year": 2003,
            "quarter": 3,
            "eps": 0.11,
            "eps_growth_year": -50,
            "eps_4q": 0.61,
            "eps_4q_growth_year": 11.32,
            "roe": 0.84,
            "roe_4q": 4.72,
            "gross_profit": 72255,
            "gross_margin": 18.84,
            "gross_margin_4q_avg": 22.14,
            "net_income": 12039,
            "net_income_4q": null,
            "revenue": 383504,
            "revenue_4q": null,
            "common_shares": 1158693,
            "book_valuer_per_share": 12.48,
            "book_valuer_per_share_4q_avg": 12.74,
            "equity": 1446190,
            "current_ratio": 76.73,
            "debt_ratio": 52.98,
            "inventory_turnover_ratio": 0.85,
            "account_receivable_turnover_ratio": null,
            "reinvestment_rate": 215.55,
            "research_to_sale_ratio": null,
            "price_fair": 22.6,
            "eps_avg_yearly": 0.65,
            "eps_latest_yearly": 0.44,
            "eps_growth_yearly": 394.5
        },
        "20034": {
            "year_quarter": 20034,
            "year": 2003,
            "quarter": 4,
            "eps": 0.28,
            "eps_growth_year": 366.67,
            "eps_4q": 0.82,
            "eps_4q_growth_year": 41.01,
            "roe": 2.15,
            "roe_4q": 6.449999999999999,
            "gross_profit": 88578,
            "gross_margin": 20.53,
            "gross_margin_4q_avg": 21.94,
            "net_income": 31381,
            "net_income_4q": null,
            "revenue": 431403,
            "revenue_4q": null,
            "common_shares": 1158693,
            "book_valuer_per_share": 12.75,
            "book_valuer_per_share_4q_avg": 12.79,
            "equity": 1477571,
            "current_ratio": 77.82,
            "debt_ratio": 52.89,
            "inventory_turnover_ratio": 0.91,
            "account_receivable_turnover_ratio": null,
            "reinvestment_rate": 256.92,
            "research_to_sale_ratio": null,
            "price_fair": 24.68,
            "eps_avg_yearly": 0.71,
            "eps_latest_yearly": 1.12,
            "eps_growth_yearly": 422.46
        },
        "20041": {
            "year_quarter": 20041,
            "year": 2004,
            "quarter": 1,
            "eps": 0.17,
            "eps_growth_year": -51.43,
            "eps_4q": 0.66,
            "eps_4q_growth_year": -6.98,
            "roe": 1.28,
            "roe_4q": 5.09,
            "gross_profit": 91238,
            "gross_margin": 20.39,
            "gross_margin_4q_avg": 20.52,
            "net_income": 19251,
            "net_income_4q": null,
            "revenue": 447511,
            "revenue_4q": null,
            "common_shares": 1158693,
            "book_valuer_per_share": 13.11,
            "book_valuer_per_share_4q_avg": 12.84,
            "equity": 1518849,
            "current_ratio": 76.79,
            "debt_ratio": 52.84,
            "inventory_turnover_ratio": 0.91,
            "account_receivable_turnover_ratio": null,
            "reinvestment_rate": 251.92,
            "research_to_sale_ratio": null,
            "price_fair": 24.58,
            "eps_avg_yearly": 0.7,
            "eps_latest_yearly": 0.68,
            "eps_growth_yearly": 358.06
        },
        "20042": {
            "year_quarter": 20042,
            "year": 2004,
            "quarter": 2,
            "eps": 0.54,
            "eps_growth_year": 390.91,
            "eps_4q": 1.07,
            "eps_4q_growth_year": 46.85,
            "roe": 4.11,
            "roe_4q": 8.38,
            "gross_profit": 144735,
            "gross_margin": 25.99,
            "gross_margin_4q_avg": 21.44,
            "net_income": 63769,
            "net_income_4q": null,
            "revenue": 556799,
            "revenue_4q": null,
            "common_shares": 1188923,
            "book_valuer_per_share": 13.32,
            "book_valuer_per_share_4q_avg": 12.92,
            "equity": 1583273,
            "current_ratio": 75.39,
            "debt_ratio": 54.65,
            "inventory_turnover_ratio": 0.9,
            "account_receivable_turnover_ratio": null,
            "reinvestment_rate": 210.03,
            "research_to_sale_ratio": null,
            "price_fair": 29.68,
            "eps_avg_yearly": 0.85,
            "eps_latest_yearly": 2.16,
            "eps_growth_yearly": 409.31
        },
        "20043": {
            "year_quarter": 20043,
            "year": 2004,
            "quarter": 3,
            "eps": 0.77,
            "eps_growth_year": 600,
            "eps_4q": 1.72,
            "eps_4q_growth_year": 182.84,
            "roe": 5.56,
            "roe_4q": 13.1,
            "gross_profit": 205241,
            "gross_margin": 26.06,
            "gross_margin_4q_avg": 23.24,
            "net_income": 92248,
            "net_income_4q": null,
            "revenue": 787697,
            "revenue_4q": null,
            "common_shares": 1299290,
            "book_valuer_per_share": 13.35,
            "book_valuer_per_share_4q_avg": 13.13,
            "equity": 1734801,
            "current_ratio": 80.95,
            "debt_ratio": 54.95,
            "inventory_turnover_ratio": 1.1,
            "account_receivable_turnover_ratio": null,
            "reinvestment_rate": 174.21,
            "research_to_sale_ratio": null,
            "price_fair": 36.78,
            "eps_avg_yearly": 1.05,
            "eps_latest_yearly": 3.08,
            "eps_growth_yearly": 387.59
        },
        "20044": {
            "year_quarter": 20044,
            "year": 2004,
            "quarter": 4,
            "eps": 0.34,
            "eps_growth_year": 21.43,
            "eps_4q": 1.77,
            "eps_4q_growth_year": 115.53,
            "roe": 2.37,
            "roe_4q": 13.319999999999999,
            "gross_profit": 214842,
            "gross_margin": 27.76,
            "gross_margin_4q_avg": 25.05,
            "net_income": 41553,
            "net_income_4q": null,
            "revenue": 774041,
            "revenue_4q": null,
            "common_shares": 1300834,
            "book_valuer_per_share": 13.67,
            "book_valuer_per_share_4q_avg": 13.36,
            "equity": 1778282,
            "current_ratio": 94.46,
            "debt_ratio": 55.05,
            "inventory_turnover_ratio": 0.99,
            "account_receivable_turnover_ratio": null,
            "reinvestment_rate": 166.61,
            "research_to_sale_ratio": null,
            "price_fair": 37.68,
            "eps_avg_yearly": 1.08,
            "eps_latest_yearly": 1.36,
            "eps_growth_yearly": 336.67
        },
        "20051": {
            "year_quarter": 20051,
            "year": 2005,
            "quarter": 1,
            "eps": 0.39,
            "eps_growth_year": 129.41,
            "eps_4q": 1.97,
            "eps_4q_growth_year": 200.43,
            "roe": 2.69,
            "roe_4q": 14.73,
            "gross_profit": 138505,
            "gross_margin": 21.37,
            "gross_margin_4q_avg": 25.3,
            "net_income": 48632,
            "net_income_4q": null,
            "revenue": 648193,
            "revenue_4q": null,
            "common_shares": 1300833,
            "book_valuer_per_share": 14.12,
            "book_valuer_per_share_4q_avg": 13.62,
            "equity": 1836607,
            "current_ratio": 156.49,
            "debt_ratio": 52.69,
            "inventory_turnover_ratio": 0.89,
            "account_receivable_turnover_ratio": null,
            "reinvestment_rate": 164.83,
            "research_to_sale_ratio": null,
            "price_fair": 38.98,
            "eps_avg_yearly": 1.11,
            "eps_latest_yearly": 1.56,
            "eps_growth_yearly": 315.3
        },
        "20052": {
            "year_quarter": 20052,
            "year": 2005,
            "quarter": 2,
            "eps": 0.18,
            "eps_growth_year": -66.67,
            "eps_4q": 1.55,
            "eps_4q_growth_year": 45.13,
            "roe": 1.32,
            "roe_4q": 11.94,
            "gross_profit": 129351,
            "gross_margin": 18.94,
            "gross_margin_4q_avg": 23.53,
            "net_income": 23902,
            "net_income_4q": null,
            "revenue": 683049,
            "revenue_4q": null,
            "common_shares": 1308557,
            "book_valuer_per_share": 13.54,
            "book_valuer_per_share_4q_avg": 13.67,
            "equity": 1771603,
            "current_ratio": 131.02,
            "debt_ratio": 54.99,
            "inventory_turnover_ratio": 0.96,
            "account_receivable_turnover_ratio": null,
            "reinvestment_rate": 175.81,
            "research_to_sale_ratio": null,
            "price_fair": 38,
            "eps_avg_yearly": 1.09,
            "eps_latest_yearly": 0.72,
            "eps_growth_yearly": 277.4
        },
        "20053": {
            "year_quarter": 20053,
            "year": 2005,
            "quarter": 3,
            "eps": 0.21,
            "eps_growth_year": -72.73,
            "eps_4q": 1.06,
            "eps_4q_growth_year": -38.45,
            "roe": 1.57,
            "roe_4q": 7.95,
            "gross_profit": 102177,
            "gross_margin": 16.13,
            "gross_margin_4q_avg": 21.05,
            "net_income": 28128,
            "net_income_4q": null,
            "revenue": 633462,
            "revenue_4q": null,
            "common_shares": 1399758,
            "book_valuer_per_share": 12.91,
            "book_valuer_per_share_4q_avg": 13.56,
            "equity": 1807736,
            "current_ratio": 127.51,
            "debt_ratio": 53.57,
            "inventory_turnover_ratio": 0.93,
            "account_receivable_turnover_ratio": null,
            "reinvestment_rate": 173.5,
            "research_to_sale_ratio": null,
            "price_fair": 37.43,
            "eps_avg_yearly": 1.07,
            "eps_latest_yearly": 0.84,
            "eps_growth_yearly": 263.35
        },
        "20054": {
            "year_quarter": 20054,
            "year": 2005,
            "quarter": 4,
            "eps": -0.03,
            "eps_growth_year": -108.82,
            "eps_4q": 0.7,
            "eps_4q_growth_year": -60.54,
            "roe": -0.26,
            "roe_4q": 5.32,
            "gross_profit": 144256,
            "gross_margin": 20.28,
            "gross_margin_4q_avg": 19.18,
            "net_income": -4721,
            "net_income_4q": null,
            "revenue": 711326,
            "revenue_4q": null,
            "common_shares": 1478714,
            "book_valuer_per_share": 12.77,
            "book_valuer_per_share_4q_avg": 13.34,
            "equity": 1888483,
            "current_ratio": 121.34,
            "debt_ratio": 52.08,
            "inventory_turnover_ratio": 1.09,
            "account_receivable_turnover_ratio": null,
            "reinvestment_rate": 189.11,
            "research_to_sale_ratio": null,
            "price_fair": 37.43,
            "eps_avg_yearly": 1.07,
            "eps_latest_yearly": 0.84,
            "eps_growth_yearly": 263.35
        },
        "20061": {
            "year_quarter": 20061,
            "year": 2006,
            "quarter": 1,
            "eps": 0.17,
            "eps_growth_year": -56.41,
            "eps_4q": 0.5,
            "eps_4q_growth_year": -74.47,
            "roe": 1.27,
            "roe_4q": 3.9000000000000004,
            "gross_profit": 126475,
            "gross_margin": 19.12,
            "gross_margin_4q_avg": 18.62,
            "net_income": 24069,
            "net_income_4q": null,
            "revenue": 661324,
            "revenue_4q": null,
            "common_shares": 1478714,
            "book_valuer_per_share": 12.93,
            "book_valuer_per_share_4q_avg": 13.04,
            "equity": 1912538,
            "current_ratio": 116.58,
            "debt_ratio": 52.14,
            "inventory_turnover_ratio": 1.12,
            "account_receivable_turnover_ratio": null,
            "reinvestment_rate": 203.4,
            "research_to_sale_ratio": null,
            "price_fair": 38.1,
            "eps_avg_yearly": 1.09,
            "eps_latest_yearly": 0.84,
            "eps_growth_yearly": 215.49
        },
        "20062": {
            "year_quarter": 20062,
            "year": 2006,
            "quarter": 2,
            "eps": 0.22,
            "eps_growth_year": 22.22,
            "eps_4q": 0.54,
            "eps_4q_growth_year": -64.96,
            "roe": 1.64,
            "roe_4q": 4.220000000000001,
            "gross_profit": 124723,
            "gross_margin": 18.35,
            "gross_margin_4q_avg": 18.47,
            "net_income": 32194,
            "net_income_4q": null,
            "revenue": 679653,
            "revenue_4q": null,
            "common_shares": 1478714,
            "book_valuer_per_share": 13.68,
            "book_valuer_per_share_4q_avg": 13.07,
            "equity": 2022747,
            "current_ratio": 100.62,
            "debt_ratio": 54.2,
            "inventory_turnover_ratio": 1.18,
            "account_receivable_turnover_ratio": null,
            "reinvestment_rate": 285.72,
            "research_to_sale_ratio": null,
            "price_fair": 39.5,
            "eps_avg_yearly": 1.13,
            "eps_latest_yearly": 0.88,
            "eps_growth_yearly": 241.04
        },
        "20063": {
            "year_quarter": 20063,
            "year": 2006,
            "quarter": 3,
            "eps": 0.21,
            "eps_growth_year": 0,
            "eps_4q": 0.54,
            "eps_4q_growth_year": -48.74,
            "roe": 1.59,
            "roe_4q": 4.24,
            "gross_profit": 127886,
            "gross_margin": 18.13,
            "gross_margin_4q_avg": 18.97,
            "net_income": 32377,
            "net_income_4q": null,
            "revenue": 705399,
            "revenue_4q": null,
            "common_shares": 1523075,
            "book_valuer_per_share": 13.49,
            "book_valuer_per_share_4q_avg": 13.22,
            "equity": 2055147,
            "current_ratio": 91.75,
            "debt_ratio": 56.01,
            "inventory_turnover_ratio": 1.16,
            "account_receivable_turnover_ratio": null,
            "reinvestment_rate": 321.96,
            "research_to_sale_ratio": null,
            "price_fair": 39.4,
            "eps_avg_yearly": 1.13,
            "eps_latest_yearly": 0.84,
            "eps_growth_yearly": 189.74
        },
        "20064": {
            "year_quarter": 20064,
            "year": 2006,
            "quarter": 4,
            "eps": 0.17,
            "eps_growth_year": null,
            "eps_4q": 0.78,
            "eps_4q_growth_year": 11.21,
            "roe": 1.2,
            "roe_4q": 5.699999999999999,
            "gross_profit": 153014,
            "gross_margin": 18.64,
            "gross_margin_4q_avg": 18.56,
            "net_income": 24765,
            "net_income_4q": null,
            "revenue": 821022,
            "revenue_4q": null,
            "common_shares": 1523076,
            "book_valuer_per_share": 13.66,
            "book_valuer_per_share_4q_avg": 13.44,
            "equity": 2079895,
            "current_ratio": 91.48,
            "debt_ratio": 58.22,
            "inventory_turnover_ratio": 1.28,
            "account_receivable_turnover_ratio": null,
            "reinvestment_rate": 352.41,
            "research_to_sale_ratio": null,
            "price_fair": 40.5,
            "eps_avg_yearly": 1.16,
            "eps_latest_yearly": 0.68,
            "eps_growth_yearly": 205.07
        },
        "20071": {
            "year_quarter": 20071,
            "year": 2007,
            "quarter": 1,
            "eps": 0.26,
            "eps_growth_year": 52.94,
            "eps_4q": 0.86,
            "eps_4q_growth_year": 71.5,
            "roe": 1.83,
            "roe_4q": 6.26,
            "gross_profit": 137207,
            "gross_margin": 17.53,
            "gross_margin_4q_avg": 18.16,
            "net_income": 38416,
            "net_income_4q": null,
            "revenue": 782641,
            "revenue_4q": null,
            "common_shares": 1523076,
            "book_valuer_per_share": 13.91,
            "book_valuer_per_share_4q_avg": 13.69,
            "equity": 2118320,
            "current_ratio": 73.61,
            "debt_ratio": 60.06,
            "inventory_turnover_ratio": 1.18,
            "account_receivable_turnover_ratio": null,
            "reinvestment_rate": 376.28,
            "research_to_sale_ratio": null,
            "price_fair": 39.6,
            "eps_avg_yearly": 1.13,
            "eps_latest_yearly": 1.04,
            "eps_growth_yearly": 82.11
        },
        "20072": {
            "year_quarter": 20072,
            "year": 2007,
            "quarter": 2,
            "eps": 0.17,
            "eps_growth_year": -22.73,
            "eps_4q": 0.8,
            "eps_4q_growth_year": 46.37,
            "roe": 1.23,
            "roe_4q": 5.85,
            "gross_profit": 126216,
            "gross_margin": 15.75,
            "gross_margin_4q_avg": 17.51,
            "net_income": 25914,
            "net_income_4q": null,
            "revenue": 801452,
            "revenue_4q": null,
            "common_shares": 1523076,
            "book_valuer_per_share": 13.74,
            "book_valuer_per_share_4q_avg": 13.7,
            "equity": 2092299,
            "current_ratio": 91.8,
            "debt_ratio": 61.79,
            "inventory_turnover_ratio": 1.15,
            "account_receivable_turnover_ratio": null,
            "reinvestment_rate": 401.53,
            "research_to_sale_ratio": null,
            "price_fair": 40.2,
            "eps_avg_yearly": 1.15,
            "eps_latest_yearly": 0.68,
            "eps_growth_yearly": 91.81
        },
        "20073": {
            "year_quarter": 20073,
            "year": 2007,
            "quarter": 3,
            "eps": 0.04,
            "eps_growth_year": -80.95,
            "eps_4q": 0.58,
            "eps_4q_growth_year": 7.42,
            "roe": 0.31,
            "roe_4q": 4.57,
            "gross_profit": 96730,
            "gross_margin": 13.56,
            "gross_margin_4q_avg": 16.37,
            "net_income": 6543,
            "net_income_4q": null,
            "revenue": 713437,
            "revenue_4q": null,
            "common_shares": 1568768,
            "book_valuer_per_share": 13.38,
            "book_valuer_per_share_4q_avg": 13.67,
            "equity": 2098840,
            "current_ratio": 78.44,
            "debt_ratio": 62.3,
            "inventory_turnover_ratio": 1.02,
            "account_receivable_turnover_ratio": null,
            "reinvestment_rate": 407.63,
            "research_to_sale_ratio": null,
            "price_fair": 39.5,
            "eps_avg_yearly": 1.13,
            "eps_latest_yearly": 0.16,
            "eps_growth_yearly": 69.96
        },
        "20074": {
            "year_quarter": 20074,
            "year": 2007,
            "quarter": 4,
            "eps": 0.02,
            "eps_growth_year": -88.24,
            "eps_4q": 0.39,
            "eps_4q_growth_year": -50.32,
            "roe": 0.18,
            "roe_4q": 3.55,
            "gross_profit": 120982,
            "gross_margin": 13.16,
            "gross_margin_4q_avg": 15,
            "net_income": 3865,
            "net_income_4q": null,
            "revenue": 919261,
            "revenue_4q": null,
            "common_shares": 1568768,
            "book_valuer_per_share": 13.4,
            "book_valuer_per_share_4q_avg": 13.61,
            "equity": 2102701,
            "current_ratio": 73.28,
            "debt_ratio": 62.13,
            "inventory_turnover_ratio": 1.42,
            "account_receivable_turnover_ratio": null,
            "reinvestment_rate": 404.26,
            "research_to_sale_ratio": null,
            "price_fair": 22.69,
            "eps_avg_yearly": 1.05,
            "eps_latest_yearly": 0.08,
            "eps_growth_yearly": 11.52
        },
        "20081": {
            "year_quarter": 20081,
            "year": 2008,
            "quarter": 1,
            "eps": -0.11,
            "eps_growth_year": -142.31,
            "eps_4q": 0.11,
            "eps_4q_growth_year": -86.76,
            "roe": -0.85,
            "roe_4q": 0.8700000000000001,
            "gross_profit": 111857,
            "gross_margin": 12.93,
            "gross_margin_4q_avg": 13.85,
            "net_income": -17798,
            "net_income_4q": null,
            "revenue": 864813,
            "revenue_4q": null,
            "common_shares": 1568768,
            "book_valuer_per_share": 13.29,
            "book_valuer_per_share_4q_avg": 13.45,
            "equity": 2084886,
            "current_ratio": 95.28,
            "debt_ratio": 61.94,
            "inventory_turnover_ratio": 1.62,
            "account_receivable_turnover_ratio": null,
            "reinvestment_rate": 429.24,
            "research_to_sale_ratio": null,
            "price_fair": 37.36,
            "eps_avg_yearly": 1.08,
            "eps_latest_yearly": 0.08,
            "eps_growth_yearly": 24.49
        },
        "20082": {
            "year_quarter": 20082,
            "year": 2008,
            "quarter": 2,
            "eps": 0.27,
            "eps_growth_year": 58.82,
            "eps_4q": 0.22,
            "eps_4q_growth_year": -72.09,
            "roe": 2,
            "roe_4q": 1.64,
            "gross_profit": 164094,
            "gross_margin": 20.42,
            "gross_margin_4q_avg": 15.02,
            "net_income": 41899,
            "net_income_4q": null,
            "revenue": 803714,
            "revenue_4q": null,
            "common_shares": 1568768,
            "book_valuer_per_share": 13.38,
            "book_valuer_per_share_4q_avg": 13.36,
            "equity": 2099142,
            "current_ratio": 86.85,
            "debt_ratio": 61.46,
            "inventory_turnover_ratio": 1.37,
            "account_receivable_turnover_ratio": null,
            "reinvestment_rate": 430.44,
            "research_to_sale_ratio": null,
            "price_fair": 2.98,
            "eps_avg_yearly": 0.99,
            "eps_latest_yearly": 0.08,
            "eps_growth_yearly": -46.02
        },
        "20083": {
            "year_quarter": 20083,
            "year": 2008,
            "quarter": 3,
            "eps": 0.28,
            "eps_growth_year": 600,
            "eps_4q": 0.46,
            "eps_4q_growth_year": -21.06,
            "roe": 2.03,
            "roe_4q": 3.3599999999999994,
            "gross_profit": 142853,
            "gross_margin": 17.84,
            "gross_margin_4q_avg": 16.09,
            "net_income": 43140,
            "net_income_4q": null,
            "revenue": 800780,
            "revenue_4q": null,
            "common_shares": 1592300,
            "book_valuer_per_share": 13.45,
            "book_valuer_per_share_4q_avg": 13.38,
            "equity": 2142297,
            "current_ratio": 90.14,
            "debt_ratio": 61.47,
            "inventory_turnover_ratio": 1.15,
            "account_receivable_turnover_ratio": null,
            "reinvestment_rate": 463.22,
            "research_to_sale_ratio": null,
            "price_fair": 2.49,
            "eps_avg_yearly": 0.83,
            "eps_latest_yearly": 1.12,
            "eps_growth_yearly": -58.98
        },
        "20084": {
            "year_quarter": 20084,
            "year": 2008,
            "quarter": 4,
            "eps": -0.04,
            "eps_growth_year": -300,
            "eps_4q": 0.4,
            "eps_4q_growth_year": 3.43,
            "roe": -0.26,
            "roe_4q": 2.9199999999999995,
            "gross_profit": 74392,
            "gross_margin": 9.94,
            "gross_margin_4q_avg": 15.28,
            "net_income": -5474,
            "net_income_4q": null,
            "revenue": 748392,
            "revenue_4q": null,
            "common_shares": 1592300,
            "book_valuer_per_share": 13.39,
            "book_valuer_per_share_4q_avg": 13.38,
            "equity": 2132177,
            "current_ratio": 85.67,
            "debt_ratio": 60.99,
            "inventory_turnover_ratio": 1.08,
            "account_receivable_turnover_ratio": 3.08,
            "reinvestment_rate": 496.22,
            "research_to_sale_ratio": null,
            "price_fair": 2.35,
            "eps_avg_yearly": 0.78,
            "eps_latest_yearly": 1.12,
            "eps_growth_yearly": -44.03
        },
        "20091": {
            "year_quarter": 20091,
            "year": 2009,
            "quarter": 1,
            "eps": 0.03,
            "eps_growth_year": null,
            "eps_4q": 0.49,
            "eps_4q_growth_year": 327.92,
            "roe": 0.24,
            "roe_4q": 4.01,
            "gross_profit": 90041,
            "gross_margin": 10.8,
            "gross_margin_4q_avg": 14.75,
            "net_income": 5190,
            "net_income_4q": null,
            "revenue": 834013,
            "revenue_4q": null,
            "common_shares": 1592300,
            "book_valuer_per_share": 13.45,
            "book_valuer_per_share_4q_avg": 13.42,
            "equity": 2142037,
            "current_ratio": 68.26,
            "debt_ratio": 60.61,
            "inventory_turnover_ratio": 1.28,
            "account_receivable_turnover_ratio": 1.77,
            "reinvestment_rate": 533.71,
            "research_to_sale_ratio": null,
            "price_fair": 2.11,
            "eps_avg_yearly": 0.7,
            "eps_latest_yearly": 1.12,
            "eps_growth_yearly": -54.32
        },
        "20092": {
            "year_quarter": 20092,
            "year": 2009,
            "quarter": 2,
            "eps": -0.09,
            "eps_growth_year": -133.33,
            "eps_4q": 0.18,
            "eps_4q_growth_year": -19.57,
            "roe": -0.68,
            "roe_4q": 1.3299999999999996,
            "gross_profit": 96921,
            "gross_margin": 13.02,
            "gross_margin_4q_avg": 12.9,
            "net_income": -14376,
            "net_income_4q": null,
            "revenue": 744165,
            "revenue_4q": null,
            "common_shares": 1592300,
            "book_valuer_per_share": 13.3,
            "book_valuer_per_share_4q_avg": 13.4,
            "equity": 2117078,
            "current_ratio": 65.14,
            "debt_ratio": 61.81,
            "inventory_turnover_ratio": 1.32,
            "account_receivable_turnover_ratio": 1.59,
            "reinvestment_rate": 587.92,
            "research_to_sale_ratio": null,
            "price_fair": 2.11,
            "eps_avg_yearly": 0.7,
            "eps_latest_yearly": 1.12,
            "eps_growth_yearly": -36.42
        },
        "20093": {
            "year_quarter": 20093,
            "year": 2009,
            "quarter": 3,
            "eps": -0.14,
            "eps_growth_year": -150,
            "eps_4q": -0.22,
            "eps_4q_growth_year": -148.51,
            "roe": -1.03,
            "roe_4q": -1.73,
            "gross_profit": 95295,
            "gross_margin": 12.6,
            "gross_margin_4q_avg": 11.59,
            "net_income": -21703,
            "net_income_4q": null,
            "revenue": 756294,
            "revenue_4q": null,
            "common_shares": 1624146,
            "book_valuer_per_share": 12.9,
            "book_valuer_per_share_4q_avg": 13.26,
            "equity": 2095364,
            "current_ratio": 63.23,
            "debt_ratio": 63.36,
            "inventory_turnover_ratio": 1.54,
            "account_receivable_turnover_ratio": 1.55,
            "reinvestment_rate": 714,
            "research_to_sale_ratio": null,
            "price_fair": 2.06,
            "eps_avg_yearly": 0.69,
            "eps_latest_yearly": 1.12,
            "eps_growth_yearly": -49.31
        },
        "20094": {
            "year_quarter": 20094,
            "year": 2009,
            "quarter": 4,
            "eps": 0.01,
            "eps_growth_year": null,
            "eps_4q": -0.19,
            "eps_4q_growth_year": -147.46,
            "roe": 0.05,
            "roe_4q": -1.4200000000000002,
            "gross_profit": 146439,
            "gross_margin": 15.29,
            "gross_margin_4q_avg": 12.93,
            "net_income": 1052,
            "net_income_4q": null,
            "revenue": 957445,
            "revenue_4q": null,
            "common_shares": 1624146,
            "book_valuer_per_share": 13.31,
            "book_valuer_per_share_4q_avg": 13.24,
            "equity": 2091970,
            "current_ratio": 69.07,
            "debt_ratio": 64.47,
            "inventory_turnover_ratio": 1.76,
            "account_receivable_turnover_ratio": 3.09,
            "reinvestment_rate": 711.29,
            "research_to_sale_ratio": null,
            "price_fair": 2.06,
            "eps_avg_yearly": 0.69,
            "eps_latest_yearly": 1.12,
            "eps_growth_yearly": -49.31
        },
        "20101": {
            "year_quarter": 20101,
            "year": 2010,
            "quarter": 1,
            "eps": 0.1,
            "eps_growth_year": 233.33,
            "eps_4q": -0.12,
            "eps_4q_growth_year": -124.7,
            "roe": 0.76,
            "roe_4q": -0.9,
            "gross_profit": 123528,
            "gross_margin": 14.64,
            "gross_margin_4q_avg": 13.89,
            "net_income": 16009,
            "net_income_4q": null,
            "revenue": 843480,
            "revenue_4q": null,
            "common_shares": 1624146,
            "book_valuer_per_share": 13.44,
            "book_valuer_per_share_4q_avg": 13.24,
            "equity": 2112452,
            "current_ratio": 90.75,
            "debt_ratio": 63.74,
            "inventory_turnover_ratio": 1.3,
            "account_receivable_turnover_ratio": 1.38,
            "reinvestment_rate": 689.28,
            "research_to_sale_ratio": 0.15,
            "price_fair": 22.87,
            "eps_avg_yearly": 0.65,
            "eps_latest_yearly": 0.4,
            "eps_growth_yearly": 356.17
        },
        "20102": {
            "year_quarter": 20102,
            "year": 2010,
            "quarter": 2,
            "eps": 0.04,
            "eps_growth_year": null,
            "eps_4q": 0.01,
            "eps_4q_growth_year": -94.47,
            "roe": 0.29,
            "roe_4q": 0.07000000000000006,
            "gross_profit": 106070,
            "gross_margin": 13.46,
            "gross_margin_4q_avg": 14,
            "net_income": 6196,
            "net_income_4q": null,
            "revenue": 787930,
            "revenue_4q": null,
            "common_shares": 1624146,
            "book_valuer_per_share": 13.48,
            "book_valuer_per_share_4q_avg": 13.28,
            "equity": 2118648,
            "current_ratio": 93.3,
            "debt_ratio": 62.14,
            "inventory_turnover_ratio": 1.07,
            "account_receivable_turnover_ratio": 1.32,
            "reinvestment_rate": 511.26,
            "research_to_sale_ratio": 0.16,
            "price_fair": 20.07,
            "eps_avg_yearly": 0.57,
            "eps_latest_yearly": 0.16,
            "eps_growth_yearly": 316.43
        },
        "20103": {
            "year_quarter": 20103,
            "year": 2010,
            "quarter": 3,
            "eps": -0.05,
            "eps_growth_year": null,
            "eps_4q": 0.1,
            "eps_4q_growth_year": null,
            "roe": -0.39,
            "roe_4q": 0.71,
            "gross_profit": 94410,
            "gross_margin": 12.11,
            "gross_margin_4q_avg": 13.88,
            "net_income": -8165,
            "net_income_4q": null,
            "revenue": 779752,
            "revenue_4q": null,
            "common_shares": 1624146,
            "book_valuer_per_share": 13.43,
            "book_valuer_per_share_4q_avg": 13.42,
            "equity": 2110483,
            "current_ratio": 97.05,
            "debt_ratio": 62.38,
            "inventory_turnover_ratio": 1.03,
            "account_receivable_turnover_ratio": 1.33,
            "reinvestment_rate": 516.45,
            "research_to_sale_ratio": 0.15,
            "price_fair": 18.9,
            "eps_avg_yearly": 0.54,
            "eps_latest_yearly": 0.16,
            "eps_growth_yearly": 358.26
        },
        "20104": {
            "year_quarter": 20104,
            "year": 2010,
            "quarter": 4,
            "eps": -0.32,
            "eps_growth_year": -3332.2,
            "eps_4q": -0.23,
            "eps_4q_growth_year": null,
            "roe": -2.44,
            "roe_4q": -1.78,
            "gross_profit": 77193,
            "gross_margin": 8.49,
            "gross_margin_4q_avg": 12.18,
            "net_income": -50799,
            "net_income_4q": null,
            "revenue": 909219,
            "revenue_4q": null,
            "common_shares": 1624146,
            "book_valuer_per_share": 13.06,
            "book_valuer_per_share_4q_avg": 13.35,
            "equity": 2053143,
            "current_ratio": 88.41,
            "debt_ratio": 62.99,
            "inventory_turnover_ratio": 1.35,
            "account_receivable_turnover_ratio": 1.57,
            "reinvestment_rate": 706.1,
            "research_to_sale_ratio": 0.15,
            "price_fair": 18.2,
            "eps_avg_yearly": 0.52,
            "eps_latest_yearly": 0.16,
            "eps_growth_yearly": 420.32
        },
        "20111": {
            "year_quarter": 20111,
            "year": 2011,
            "quarter": 1,
            "eps": 0.04,
            "eps_growth_year": -60,
            "eps_4q": -0.37,
            "eps_4q_growth_year": null,
            "roe": -0.28,
            "roe_4q": -2.82,
            "gross_profit": 66981,
            "gross_margin": 8.46,
            "gross_margin_4q_avg": 10.63,
            "net_income": -5783,
            "net_income_4q": null,
            "revenue": 791833,
            "revenue_4q": null,
            "common_shares": 1624146,
            "book_valuer_per_share": 13.07,
            "book_valuer_per_share_4q_avg": 13.26,
            "equity": 2053901,
            "current_ratio": 86.24,
            "debt_ratio": 62.7,
            "inventory_turnover_ratio": 1.21,
            "account_receivable_turnover_ratio": 1.43,
            "reinvestment_rate": 1098.54,
            "research_to_sale_ratio": 0.15,
            "price_fair": 15.17,
            "eps_avg_yearly": 0.43,
            "eps_latest_yearly": 0.16,
            "eps_growth_yearly": 455.08
        },
        "20112": {
            "year_quarter": 20112,
            "year": 2011,
            "quarter": 2,
            "eps": -0.13,
            "eps_growth_year": -427.65,
            "eps_4q": -0.54,
            "eps_4q_growth_year": -5572.66,
            "roe": -0.99,
            "roe_4q": -4.1,
            "gross_profit": 77075,
            "gross_margin": 10.23,
            "gross_margin_4q_avg": 9.82,
            "net_income": -20301,
            "net_income_4q": null,
            "revenue": 753594,
            "revenue_4q": null,
            "common_shares": 1624146,
            "book_valuer_per_share": 12.94,
            "book_valuer_per_share_4q_avg": 13.13,
            "equity": 2033600,
            "current_ratio": 81.56,
            "debt_ratio": 63.48,
            "inventory_turnover_ratio": 1.03,
            "account_receivable_turnover_ratio": 1.44,
            "reinvestment_rate": null,
            "research_to_sale_ratio": 0.17,
            "price_fair": 13.44,
            "eps_avg_yearly": 0.38,
            "eps_latest_yearly": 0.16,
            "eps_growth_yearly": 573.79
        },
        "20113": {
            "year_quarter": 20113,
            "year": 2011,
            "quarter": 3,
            "eps": 0.21,
            "eps_growth_year": null,
            "eps_4q": -0.28,
            "eps_4q_growth_year": -388.34,
            "roe": 1.63,
            "roe_4q": -2.08,
            "gross_profit": 78339,
            "gross_margin": 10.24,
            "gross_margin_4q_avg": 9.36,
            "net_income": 33367,
            "net_income_4q": null,
            "revenue": 765223,
            "revenue_4q": null,
            "common_shares": 1624146,
            "book_valuer_per_share": 13.15,
            "book_valuer_per_share_4q_avg": 13.06,
            "equity": 2066967,
            "current_ratio": 85.57,
            "debt_ratio": 63.33,
            "inventory_turnover_ratio": 0.97,
            "account_receivable_turnover_ratio": 1.43,
            "reinvestment_rate": 1257,
            "research_to_sale_ratio": 0.16,
            "price_fair": 15.4,
            "eps_avg_yearly": 0.44,
            "eps_latest_yearly": 0.16,
            "eps_growth_yearly": 793.7
        },
        "20114": {
            "year_quarter": 20114,
            "year": 2011,
            "quarter": 4,
            "eps": -0.01,
            "eps_growth_year": null,
            "eps_4q": 0.04,
            "eps_4q_growth_year": null,
            "roe": -0.06,
            "roe_4q": 0.2999999999999998,
            "gross_profit": 86625,
            "gross_margin": 10.38,
            "gross_margin_4q_avg": 9.83,
            "net_income": -1178,
            "net_income_4q": null,
            "revenue": 834782,
            "revenue_4q": null,
            "common_shares": 1624146,
            "book_valuer_per_share": 13.1,
            "book_valuer_per_share_4q_avg": 13.07,
            "equity": 2058376,
            "current_ratio": 96.32,
            "debt_ratio": 63.6,
            "inventory_turnover_ratio": 1.11,
            "account_receivable_turnover_ratio": 1.42,
            "reinvestment_rate": 5061.44,
            "research_to_sale_ratio": 0.15,
            "price_fair": 19.6,
            "eps_avg_yearly": 0.56,
            "eps_latest_yearly": 0.16,
            "eps_growth_yearly": 1124.94
        },
        "20121": {
            "year_quarter": 20121,
            "year": 2012,
            "quarter": 1,
            "eps": -0.13,
            "eps_growth_year": -425,
            "eps_4q": -0.05,
            "eps_4q_growth_year": null,
            "roe": -0.96,
            "roe_4q": -0.3800000000000001,
            "gross_profit": 58401,
            "gross_margin": 8.36,
            "gross_margin_4q_avg": 9.8,
            "net_income": -19797,
            "net_income_4q": null,
            "revenue": 698313,
            "revenue_4q": null,
            "common_shares": 1624146,
            "book_valuer_per_share": 13.08,
            "book_valuer_per_share_4q_avg": 13.07,
            "equity": 2055448,
            "current_ratio": 93.5,
            "debt_ratio": 62.83,
            "inventory_turnover_ratio": 1.06,
            "account_receivable_turnover_ratio": 1.23,
            "reinvestment_rate": null,
            "research_to_sale_ratio": 0.14,
            "price_fair": 19.6,
            "eps_avg_yearly": 0.56,
            "eps_latest_yearly": 0.16,
            "eps_growth_yearly": 1124.94
        },
        "20122": {
            "year_quarter": 20122,
            "year": 2012,
            "quarter": 2,
            "eps": -0.18,
            "eps_growth_year": null,
            "eps_4q": -0.1,
            "eps_4q_growth_year": null,
            "roe": -1.35,
            "roe_4q": -0.7400000000000002,
            "gross_profit": 52602,
            "gross_margin": 7.72,
            "gross_margin_4q_avg": 9.18,
            "net_income": -27540,
            "net_income_4q": null,
            "revenue": 681306,
            "revenue_4q": null,
            "common_shares": 1624146,
            "book_valuer_per_share": 12.9,
            "book_valuer_per_share_4q_avg": 13.06,
            "equity": 2027908,
            "current_ratio": 89.19,
            "debt_ratio": 62.7,
            "inventory_turnover_ratio": 1.1,
            "account_receivable_turnover_ratio": 1.36,
            "reinvestment_rate": null,
            "research_to_sale_ratio": 0.15,
            "price_fair": 19.6,
            "eps_avg_yearly": 0.56,
            "eps_latest_yearly": 0.16,
            "eps_growth_yearly": 1124.94
        },
        "20123": {
            "year_quarter": 20123,
            "year": 2012,
            "quarter": 3,
            "eps": -0.17,
            "eps_growth_year": -179.71,
            "eps_4q": -0.48,
            "eps_4q_growth_year": null,
            "roe": -1.32,
            "roe_4q": -3.69,
            "gross_profit": 60319,
            "gross_margin": 9.05,
            "gross_margin_4q_avg": 8.88,
            "net_income": -26597,
            "net_income_4q": null,
            "revenue": 666325,
            "revenue_4q": null,
            "common_shares": 1624146,
            "book_valuer_per_share": 12.73,
            "book_valuer_per_share_4q_avg": 12.95,
            "equity": 2001311,
            "current_ratio": 134.59,
            "debt_ratio": 62.41,
            "inventory_turnover_ratio": 1.14,
            "account_receivable_turnover_ratio": 1.34,
            "reinvestment_rate": null,
            "research_to_sale_ratio": 0.19,
            "price_fair": 9.8,
            "eps_avg_yearly": 0.28,
            "eps_latest_yearly": 0.16,
            "eps_growth_yearly": 1680
        },
        "20124": {
            "year_quarter": 20124,
            "year": 2012,
            "quarter": 4,
            "eps": -0.3,
            "eps_growth_year": null,
            "eps_4q": -0.77,
            "eps_4q_growth_year": -2090.83,
            "roe": -2.41,
            "roe_4q": -6.04,
            "gross_profit": 64672,
            "gross_margin": 9.12,
            "gross_margin_4q_avg": 8.56,
            "net_income": -47605,
            "net_income_4q": null,
            "revenue": 709234,
            "revenue_4q": null,
            "common_shares": 1624146,
            "book_valuer_per_share": 12.35,
            "book_valuer_per_share_4q_avg": 12.77,
            "equity": 1941745,
            "current_ratio": 125.57,
            "debt_ratio": 63.52,
            "inventory_turnover_ratio": 1.26,
            "account_receivable_turnover_ratio": 1.36,
            "reinvestment_rate": null,
            "research_to_sale_ratio": 0.17,
            "price_fair": 9.8,
            "eps_avg_yearly": 0.28,
            "eps_latest_yearly": 0.16,
            "eps_growth_yearly": 1680
        },
        "20131": {
            "year_quarter": 20131,
            "year": 2013,
            "quarter": 1,
            "eps": 0.02,
            "eps_growth_year": null,
            "eps_4q": -0.62,
            "eps_4q_growth_year": null,
            "roe": 0.2,
            "roe_4q": -4.880000000000001,
            "gross_profit": 65789,
            "gross_margin": 10.97,
            "gross_margin_4q_avg": 9.22,
            "net_income": 3825,
            "net_income_4q": null,
            "revenue": 599931,
            "revenue_4q": null,
            "common_shares": 1624146,
            "book_valuer_per_share": 12.37,
            "book_valuer_per_share_4q_avg": 12.59,
            "equity": 1943683,
            "current_ratio": 93.74,
            "debt_ratio": 63.24,
            "inventory_turnover_ratio": 1.04,
            "account_receivable_turnover_ratio": 1.22,
            "reinvestment_rate": null,
            "research_to_sale_ratio": 0.18,
            "price_fair": 9.8,
            "eps_avg_yearly": 0.28,
            "eps_latest_yearly": 0.16,
            "eps_growth_yearly": 1680
        },
        "20132": {
            "year_quarter": 20132,
            "year": 2013,
            "quarter": 2,
            "eps": 0.05,
            "eps_growth_year": null,
            "eps_4q": -0.4,
            "eps_4q_growth_year": null,
            "roe": 0.41,
            "roe_4q": -3.12,
            "gross_profit": 85456,
            "gross_margin": 13.55,
            "gross_margin_4q_avg": 10.67,
            "net_income": 7933,
            "net_income_4q": null,
            "revenue": 630527,
            "revenue_4q": null,
            "common_shares": 1624146,
            "book_valuer_per_share": 12.42,
            "book_valuer_per_share_4q_avg": 12.47,
            "equity": 1951616,
            "current_ratio": 102.04,
            "debt_ratio": 63.11,
            "inventory_turnover_ratio": 1.09,
            "account_receivable_turnover_ratio": 1.33,
            "reinvestment_rate": null,
            "research_to_sale_ratio": 0.17,
            "price_fair": 8.87,
            "eps_avg_yearly": 0.25,
            "eps_latest_yearly": 0.2,
            "eps_growth_yearly": 1320
        },
        "20133": {
            "year_quarter": 20133,
            "year": 2013,
            "quarter": 3,
            "eps": -0.1,
            "eps_growth_year": null,
            "eps_4q": -0.3,
            "eps_4q_growth_year": null,
            "roe": -0.78,
            "roe_4q": -2.58,
            "gross_profit": 71847,
            "gross_margin": 12.94,
            "gross_margin_4q_avg": 11.65,
            "net_income": -15569,
            "net_income_4q": null,
            "revenue": 555048,
            "revenue_4q": null,
            "common_shares": 1633213,
            "book_valuer_per_share": 12.79,
            "book_valuer_per_share_4q_avg": 12.48,
            "equity": 2021810,
            "current_ratio": 104.31,
            "debt_ratio": 61.28,
            "inventory_turnover_ratio": 0.94,
            "account_receivable_turnover_ratio": 1.24,
            "reinvestment_rate": null,
            "research_to_sale_ratio": 0.18,
            "price_fair": 8.87,
            "eps_avg_yearly": 0.25,
            "eps_latest_yearly": 0.2,
            "eps_growth_yearly": 1320
        },
        "20134": {
            "year_quarter": 20134,
            "year": 2013,
            "quarter": 4,
            "eps": -0.25,
            "eps_growth_year": null,
            "eps_4q": -0.28,
            "eps_4q_growth_year": null,
            "roe": -2.24,
            "roe_4q": -2.41,
            "gross_profit": 68938,
            "gross_margin": 9.97,
            "gross_margin_4q_avg": 11.86,
            "net_income": -45504,
            "net_income_4q": null,
            "revenue": 691240,
            "revenue_4q": null,
            "common_shares": 1786186,
            "book_valuer_per_share": 11.47,
            "book_valuer_per_share_4q_avg": 12.26,
            "equity": 2049229,
            "current_ratio": 106.1,
            "debt_ratio": 60.31,
            "inventory_turnover_ratio": 1.21,
            "account_receivable_turnover_ratio": 1.61,
            "reinvestment_rate": null,
            "research_to_sale_ratio": 0.16,
            "price_fair": 8.87,
            "eps_avg_yearly": 0.25,
            "eps_latest_yearly": 0.2,
            "eps_growth_yearly": 1320
        },
        "20141": {
            "year_quarter": 20141,
            "year": 2014,
            "quarter": 1,
            "eps": 0.07,
            "eps_growth_year": 250,
            "eps_4q": -0.22,
            "eps_4q_growth_year": null,
            "roe": 0.62,
            "roe_4q": -1.9900000000000004,
            "gross_profit": 85247,
            "gross_margin": 13.82,
            "gross_margin_4q_avg": 12.57,
            "net_income": 12784,
            "net_income_4q": null,
            "revenue": 616806,
            "revenue_4q": null,
            "common_shares": 1794586,
            "book_valuer_per_share": 11.53,
            "book_valuer_per_share_4q_avg": 12.05,
            "equity": 2068485,
            "current_ratio": 78.21,
            "debt_ratio": 58.21,
            "inventory_turnover_ratio": 1.05,
            "account_receivable_turnover_ratio": 1.37,
            "reinvestment_rate": null,
            "research_to_sale_ratio": 0.18,
            "price_fair": 6.3,
            "eps_avg_yearly": 0.18,
            "eps_latest_yearly": 0.2,
            "eps_growth_yearly": 180
        },
        "20142": {
            "year_quarter": 20142,
            "year": 2014,
            "quarter": 2,
            "eps": -0.05,
            "eps_growth_year": -200,
            "eps_4q": -0.32,
            "eps_4q_growth_year": null,
            "roe": -0.41,
            "roe_4q": -2.8100000000000005,
            "gross_profit": 92741,
            "gross_margin": 15.9,
            "gross_margin_4q_avg": 13.16,
            "net_income": -8369,
            "net_income_4q": null,
            "revenue": 583242,
            "revenue_4q": null,
            "common_shares": 1796852,
            "book_valuer_per_share": 11.47,
            "book_valuer_per_share_4q_avg": 11.82,
            "equity": 2061202,
            "current_ratio": 106.12,
            "debt_ratio": 57.98,
            "inventory_turnover_ratio": 0.92,
            "account_receivable_turnover_ratio": 1.41,
            "reinvestment_rate": null,
            "research_to_sale_ratio": 0.18,
            "price_fair": 7,
            "eps_avg_yearly": 0.2,
            "eps_latest_yearly": 0.2,
            "eps_growth_yearly": 600
        },
        "20143": {
            "year_quarter": 20143,
            "year": 2014,
            "quarter": 3,
            "eps": -0.02,
            "eps_growth_year": null,
            "eps_4q": -0.24,
            "eps_4q_growth_year": null,
            "roe": -0.14,
            "roe_4q": -2.1700000000000004,
            "gross_profit": 68947,
            "gross_margin": 11.63,
            "gross_margin_4q_avg": 12.83,
            "net_income": -2871,
            "net_income_4q": null,
            "revenue": 592777,
            "revenue_4q": null,
            "common_shares": 1796852,
            "book_valuer_per_share": 11.46,
            "book_valuer_per_share_4q_avg": 11.48,
            "equity": 2058331,
            "current_ratio": 104.58,
            "debt_ratio": 57.39,
            "inventory_turnover_ratio": 1.01,
            "account_receivable_turnover_ratio": 1.54,
            "reinvestment_rate": null,
            "research_to_sale_ratio": 0.17,
            "price_fair": 7,
            "eps_avg_yearly": 0.2,
            "eps_latest_yearly": 0.2,
            "eps_growth_yearly": 600
        },
        "20144": {
            "year_quarter": 20144,
            "year": 2014,
            "quarter": 4,
            "eps": 0.03,
            "eps_growth_year": null,
            "eps_4q": 0.04,
            "eps_4q_growth_year": null,
            "roe": 0.24,
            "roe_4q": 0.31,
            "gross_profit": 105845,
            "gross_margin": 15.53,
            "gross_margin_4q_avg": 14.22,
            "net_income": 5023,
            "net_income_4q": null,
            "revenue": 681422,
            "revenue_4q": null,
            "common_shares": 1796852,
            "book_valuer_per_share": 11.49,
            "book_valuer_per_share_4q_avg": 11.49,
            "equity": 2065133,
            "current_ratio": 105.63,
            "debt_ratio": 57.58,
            "inventory_turnover_ratio": 1.18,
            "account_receivable_turnover_ratio": 1.6,
            "reinvestment_rate": null,
            "research_to_sale_ratio": 0.15,
            "price_fair": 7,
            "eps_avg_yearly": 0.2,
            "eps_latest_yearly": 0.2,
            "eps_growth_yearly": 600
        },
        "20151": {
            "year_quarter": 20151,
            "year": 2015,
            "quarter": 1,
            "eps": -1.19,
            "eps_growth_year": -1800,
            "eps_4q": -1.23,
            "eps_4q_growth_year": null,
            "roe": -10.94,
            "roe_4q": -11.25,
            "gross_profit": 103070,
            "gross_margin": 17.42,
            "gross_margin_4q_avg": 15.12,
            "net_income": -214132,
            "net_income_4q": null,
            "revenue": 591818,
            "revenue_4q": null,
            "common_shares": 1796852,
            "book_valuer_per_share": 10.3,
            "book_valuer_per_share_4q_avg": 11.18,
            "equity": 1851001,
            "current_ratio": 99.11,
            "debt_ratio": 60.99,
            "inventory_turnover_ratio": 1,
            "account_receivable_turnover_ratio": 1.36,
            "reinvestment_rate": null,
            "research_to_sale_ratio": 0.15,
            "price_fair": 7,
            "eps_avg_yearly": 0.2,
            "eps_latest_yearly": 0.2,
            "eps_growth_yearly": 600
        },
        "20152": {
            "year_quarter": 20152,
            "year": 2015,
            "quarter": 2,
            "eps": -0.42,
            "eps_growth_year": null,
            "eps_4q": -1.6,
            "eps_4q_growth_year": null,
            "roe": -4.21,
            "roe_4q": -15.049999999999999,
            "gross_profit": 83532,
            "gross_margin": 13.96,
            "gross_margin_4q_avg": 14.64,
            "net_income": -76240,
            "net_income_4q": null,
            "revenue": 598550,
            "revenue_4q": null,
            "common_shares": 1796852,
            "book_valuer_per_share": 9.88,
            "book_valuer_per_share_4q_avg": 10.78,
            "equity": 1774761,
            "current_ratio": 96.42,
            "debt_ratio": 62.98,
            "inventory_turnover_ratio": 1.07,
            "account_receivable_turnover_ratio": 1.53,
            "reinvestment_rate": null,
            "research_to_sale_ratio": 0.15,
            "price_fair": 7,
            "eps_avg_yearly": 0.2,
            "eps_latest_yearly": 0.2,
            "eps_growth_yearly": 600
        },
        "20153": {
            "year_quarter": 20153,
            "year": 2015,
            "quarter": 3,
            "eps": 0.2,
            "eps_growth_year": null,
            "eps_4q": -1.39,
            "eps_4q_growth_year": null,
            "roe": 2,
            "roe_4q": -12.909999999999998,
            "gross_profit": 119280,
            "gross_margin": 19.61,
            "gross_margin_4q_avg": 16.63,
            "net_income": 35863,
            "net_income_4q": null,
            "revenue": 608285,
            "revenue_4q": null,
            "common_shares": 1796852,
            "book_valuer_per_share": 10.08,
            "book_valuer_per_share_4q_avg": 10.44,
            "equity": 1810624,
            "current_ratio": 98.18,
            "debt_ratio": 60.95,
            "inventory_turnover_ratio": 1.1,
            "account_receivable_turnover_ratio": 1.57,
            "reinvestment_rate": null,
            "research_to_sale_ratio": 0.15,
            "price_fair": 7,
            "eps_avg_yearly": 0.2,
            "eps_latest_yearly": 0.2,
            "eps_growth_yearly": 600
        },
        "20154": {
            "year_quarter": 20154,
            "year": 2015,
            "quarter": 4,
            "eps": 0.36,
            "eps_growth_year": 1175.31,
            "eps_4q": -1.06,
            "eps_4q_growth_year": -3000.14,
            "roe": 3.47,
            "roe_4q": -9.68,
            "gross_profit": 152324,
            "gross_margin": 22.19,
            "gross_margin_4q_avg": 18.3,
            "net_income": 64058,
            "net_income_4q": null,
            "revenue": 686577,
            "revenue_4q": null,
            "common_shares": 1796852,
            "book_valuer_per_share": 10.47,
            "book_valuer_per_share_4q_avg": 10.18,
            "equity": 1881322,
            "current_ratio": 62.97,
            "debt_ratio": 59.38,
            "inventory_turnover_ratio": 1.28,
            "account_receivable_turnover_ratio": 1.73,
            "reinvestment_rate": null,
            "research_to_sale_ratio": 0.12,
            "price_fair": 28.7,
            "eps_avg_yearly": 0.82,
            "eps_latest_yearly": 1.44,
            "eps_growth_yearly": 460
        },
        "20161": {
            "year_quarter": 20161,
            "year": 2016,
            "quarter": 1,
            "eps": 0.28,
            "eps_growth_year": null,
            "eps_4q": 0.41,
            "eps_4q_growth_year": null,
            "roe": 2.6,
            "roe_4q": 3.8600000000000003,
            "gross_profit": 151701,
            "gross_margin": 24.68,
            "gross_margin_4q_avg": 20.11,
            "net_income": 49578,
            "net_income_4q": null,
            "revenue": 614641,
            "revenue_4q": null,
            "common_shares": 1796852,
            "book_valuer_per_share": 10.73,
            "book_valuer_per_share_4q_avg": 10.29,
            "equity": 1928199,
            "current_ratio": 106.91,
            "debt_ratio": 58.17,
            "inventory_turnover_ratio": 1.11,
            "account_receivable_turnover_ratio": 1.66,
            "reinvestment_rate": null,
            "research_to_sale_ratio": 0.13,
            "price_fair": 32.2,
            "eps_avg_yearly": 0.92,
            "eps_latest_yearly": 1.12,
            "eps_growth_yearly": 277.04
        },
        "20162": {
            "year_quarter": 20162,
            "year": 2016,
            "quarter": 2,
            "eps": 0.32,
            "eps_growth_year": null,
            "eps_4q": 1.15,
            "eps_4q_growth_year": null,
            "roe": 2.92,
            "roe_4q": 10.99,
            "gross_profit": 151600,
            "gross_margin": 23.77,
            "gross_margin_4q_avg": 22.56,
            "net_income": 57089,
            "net_income_4q": null,
            "revenue": 637809,
            "revenue_4q": null,
            "common_shares": 1796852,
            "book_valuer_per_share": 11.05,
            "book_valuer_per_share_4q_avg": 10.58,
            "equity": 1985288,
            "current_ratio": 89.44,
            "debt_ratio": 56.47,
            "inventory_turnover_ratio": 1.1,
            "account_receivable_turnover_ratio": 1.8,
            "reinvestment_rate": null,
            "research_to_sale_ratio": 0.13,
            "price_fair": 35.35,
            "eps_avg_yearly": 1.01,
            "eps_latest_yearly": 1.28,
            "eps_growth_yearly": 222.06
        },
        "20163": {
            "year_quarter": 20163,
            "year": 2016,
            "quarter": 3,
            "eps": 0.17,
            "eps_growth_year": -15,
            "eps_4q": 1.12,
            "eps_4q_growth_year": null,
            "roe": 1.56,
            "roe_4q": 10.55,
            "gross_profit": 129846,
            "gross_margin": 20.6,
            "gross_margin_4q_avg": 22.81,
            "net_income": 31167,
            "net_income_4q": null,
            "revenue": 630269,
            "revenue_4q": null,
            "common_shares": 1796852,
            "book_valuer_per_share": 11.17,
            "book_valuer_per_share_4q_avg": 10.86,
            "equity": 2007865,
            "current_ratio": 73.44,
            "debt_ratio": 56.33,
            "inventory_turnover_ratio": 1.12,
            "account_receivable_turnover_ratio": 1.68,
            "reinvestment_rate": null,
            "research_to_sale_ratio": 0.15,
            "price_fair": 33.04,
            "eps_avg_yearly": 0.94,
            "eps_latest_yearly": 0.68,
            "eps_growth_yearly": 140.15
        },
        "20164": {
            "year_quarter": 20164,
            "year": 2016,
            "quarter": 4,
            "eps": 0.46,
            "eps_growth_year": 29.66,
            "eps_4q": 1.23,
            "eps_4q_growth_year": null,
            "roe": 4.04,
            "roe_4q": 11.12,
            "gross_profit": 156645,
            "gross_margin": 21.68,
            "gross_margin_4q_avg": 22.68,
            "net_income": 83058,
            "net_income_4q": null,
            "revenue": 722559,
            "revenue_4q": null,
            "common_shares": 1796852,
            "book_valuer_per_share": 11.72,
            "book_valuer_per_share_4q_avg": 11.17,
            "equity": 2105874,
            "current_ratio": 126.31,
            "debt_ratio": 56.61,
            "inventory_turnover_ratio": 1.31,
            "account_receivable_turnover_ratio": 1.73,
            "reinvestment_rate": null,
            "research_to_sale_ratio": 0.14,
            "price_fair": 38.27,
            "eps_avg_yearly": 1.09,
            "eps_latest_yearly": 1.84,
            "eps_growth_yearly": 230.52
        },
        "20171": {
            "year_quarter": 20171,
            "year": 2017,
            "quarter": 1,
            "eps": 0.06,
            "eps_growth_year": -78.57,
            "eps_4q": 1.01,
            "eps_4q_growth_year": 147.93,
            "roe": 0.49,
            "roe_4q": 9.01,
            "gross_profit": 134191,
            "gross_margin": 20.83,
            "gross_margin_4q_avg": 21.72,
            "net_income": 10316,
            "net_income_4q": null,
            "revenue": 644178,
            "revenue_4q": null,
            "common_shares": 1796852,
            "book_valuer_per_share": 11.76,
            "book_valuer_per_share_4q_avg": 11.43,
            "equity": 2112982,
            "current_ratio": 119.32,
            "debt_ratio": 55.99,
            "inventory_turnover_ratio": 1.15,
            "account_receivable_turnover_ratio": 1.54,
            "reinvestment_rate": null,
            "research_to_sale_ratio": 0.14,
            "price_fair": 34,
            "eps_avg_yearly": 0.97,
            "eps_latest_yearly": 0.24,
            "eps_growth_yearly": 147.9
        },
        "20172": {
            "year_quarter": 20172,
            "year": 2017,
            "quarter": 2,
            "eps": 0.24,
            "eps_growth_year": -25,
            "eps_4q": 0.93,
            "eps_4q_growth_year": -19.09,
            "roe": 2.04,
            "roe_4q": 8.13,
            "gross_profit": 127804,
            "gross_margin": 19.7,
            "gross_margin_4q_avg": 20.7,
            "net_income": 42608,
            "net_income_4q": null,
            "revenue": 648730,
            "revenue_4q": null,
            "common_shares": 1796852,
            "book_valuer_per_share": 11.51,
            "book_valuer_per_share_4q_avg": 11.54,
            "equity": 2067532,
            "current_ratio": 113.55,
            "debt_ratio": 56.79,
            "inventory_turnover_ratio": 1.11,
            "account_receivable_turnover_ratio": 1.7,
            "reinvestment_rate": -1846.25,
            "research_to_sale_ratio": 0.17,
            "price_fair": 37.8,
            "eps_avg_yearly": 1.08,
            "eps_latest_yearly": 0.96,
            "eps_growth_yearly": 233.61
        },
        "20173": {
            "year_quarter": 20173,
            "year": 2017,
            "quarter": 3,
            "eps": 0.3,
            "eps_growth_year": 76.47,
            "eps_4q": 1.06,
            "eps_4q_growth_year": -5.59,
            "roe": 2.61,
            "roe_4q": 9.18,
            "gross_profit": 132389,
            "gross_margin": 20.69,
            "gross_margin_4q_avg": 20.73,
            "net_income": 54628,
            "net_income_4q": null,
            "revenue": 639837,
            "revenue_4q": null,
            "common_shares": 1796852,
            "book_valuer_per_share": 11.83,
            "book_valuer_per_share_4q_avg": 11.71,
            "equity": 2125931,
            "current_ratio": 106.04,
            "debt_ratio": 57.43,
            "inventory_turnover_ratio": 1.03,
            "account_receivable_turnover_ratio": 1.7,
            "reinvestment_rate": -455,
            "research_to_sale_ratio": 0.19,
            "price_fair": 38.33,
            "eps_avg_yearly": 1.1,
            "eps_latest_yearly": 1.2,
            "eps_growth_yearly": 216.91
        },
        "20174": {
            "year_quarter": 20174,
            "year": 2017,
            "quarter": 4,
            "eps": 0.32,
            "eps_growth_year": -31.34,
            "eps_4q": 0.92,
            "eps_4q_growth_year": -25.49,
            "roe": 2.66,
            "roe_4q": 7.8,
            "gross_profit": 154743,
            "gross_margin": 21.93,
            "gross_margin_4q_avg": 20.79,
            "net_income": 57028,
            "net_income_4q": null,
            "revenue": 705581,
            "revenue_4q": null,
            "common_shares": 1796852,
            "book_valuer_per_share": 12.02,
            "book_valuer_per_share_4q_avg": 11.78,
            "equity": 2159543,
            "current_ratio": 107.01,
            "debt_ratio": 57.02,
            "inventory_turnover_ratio": 1.11,
            "account_receivable_turnover_ratio": 1.81,
            "reinvestment_rate": -157.46,
            "research_to_sale_ratio": 0.18,
            "price_fair": 39.04,
            "eps_avg_yearly": 1.12,
            "eps_latest_yearly": 1.28,
            "eps_growth_yearly": 195.77
        },
        "20181": {
            "year_quarter": 20181,
            "year": 2018,
            "quarter": 1,
            "eps": 0.17,
            "eps_growth_year": 183.33,
            "eps_4q": 1.03,
            "eps_4q_growth_year": 2.19,
            "roe": 1.44,
            "roe_4q": 8.75,
            "gross_profit": 124415,
            "gross_margin": 20.39,
            "gross_margin_4q_avg": 20.68,
            "net_income": 31335,
            "net_income_4q": null,
            "revenue": 610033,
            "revenue_4q": null,
            "common_shares": 1796852,
            "book_valuer_per_share": 12.19,
            "book_valuer_per_share_4q_avg": 11.89,
            "equity": 2190176,
            "current_ratio": 104.98,
            "debt_ratio": 54.85,
            "inventory_turnover_ratio": 0.98,
            "account_receivable_turnover_ratio": 1.58,
            "reinvestment_rate": -146.22,
            "research_to_sale_ratio": 0.21,
            "price_fair": 37.52,
            "eps_avg_yearly": 1.07,
            "eps_latest_yearly": 0.68,
            "eps_growth_yearly": 157.44
        },
        "20182": {
            "year_quarter": 20182,
            "year": 2018,
            "quarter": 2,
            "eps": 0.32,
            "eps_growth_year": 33.33,
            "eps_4q": 1.12,
            "eps_4q_growth_year": 20.35,
            "roe": 2.67,
            "roe_4q": 9.379999999999999,
            "gross_profit": 117880,
            "gross_margin": 19.96,
            "gross_margin_4q_avg": 20.74,
            "net_income": 58173,
            "net_income_4q": null,
            "revenue": 590678,
            "revenue_4q": null,
            "common_shares": 1796852,
            "book_valuer_per_share": 12.09,
            "book_valuer_per_share_4q_avg": 12.03,
            "equity": 2173167,
            "current_ratio": 100.79,
            "debt_ratio": 55.95,
            "inventory_turnover_ratio": 0.91,
            "account_receivable_turnover_ratio": 1.57,
            "reinvestment_rate": -99.55,
            "research_to_sale_ratio": 0.22,
            "price_fair": 38.18,
            "eps_avg_yearly": 1.09,
            "eps_latest_yearly": 1.28,
            "eps_growth_yearly": 175.22
        },
        "20183": {
            "year_quarter": 20183,
            "year": 2018,
            "quarter": 3,
            "eps": 0.29,
            "eps_growth_year": -3.33,
            "eps_4q": 1.11,
            "eps_4q_growth_year": 4.38,
            "roe": 2.38,
            "roe_4q": 9.15,
            "gross_profit": 128790,
            "gross_margin": 21.38,
            "gross_margin_4q_avg": 20.92,
            "net_income": 52432,
            "net_income_4q": null,
            "revenue": 602485,
            "revenue_4q": null,
            "common_shares": 1796852,
            "book_valuer_per_share": 12.38,
            "book_valuer_per_share_4q_avg": 12.17,
            "equity": 2225385,
            "current_ratio": 98.05,
            "debt_ratio": 54.33,
            "inventory_turnover_ratio": 0.89,
            "account_receivable_turnover_ratio": 1.55,
            "reinvestment_rate": -40.79,
            "research_to_sale_ratio": 0.21,
            "price_fair": 38.38,
            "eps_avg_yearly": 1.1,
            "eps_latest_yearly": 1.16,
            "eps_growth_yearly": 157.49
        },
        "20184": {
            "year_quarter": 20184,
            "year": 2018,
            "quarter": 4,
            "eps": 0.3,
            "eps_growth_year": -6.8,
            "eps_4q": 1.09,
            "eps_4q_growth_year": 18.54,
            "roe": 2.37,
            "roe_4q": 8.86,
            "gross_profit": 135717,
            "gross_margin": 22.14,
            "gross_margin_4q_avg": 20.97,
            "net_income": 53148,
            "net_income_4q": null,
            "revenue": 613029,
            "revenue_4q": null,
            "common_shares": 1796852,
            "book_valuer_per_share": 12.62,
            "book_valuer_per_share_4q_avg": 12.32,
            "equity": 2268444,
            "current_ratio": 108.32,
            "debt_ratio": 54.33,
            "inventory_turnover_ratio": 0.88,
            "account_receivable_turnover_ratio": 1.62,
            "reinvestment_rate": -19.79,
            "research_to_sale_ratio": 0.2,
            "price_fair": 38.66,
            "eps_avg_yearly": 1.1,
            "eps_latest_yearly": 1.2,
            "eps_growth_yearly": 146.44
        },
        "20191": {
            "year_quarter": 20191,
            "year": 2019,
            "quarter": 1,
            "eps": 0.22,
            "eps_growth_year": 29.41,
            "eps_4q": 1.13,
            "eps_4q_growth_year": 9.87,
            "roe": 1.75,
            "roe_4q": 9.17,
            "gross_profit": 115424,
            "gross_margin": 19.4,
            "gross_margin_4q_avg": 20.72,
            "net_income": 40166,
            "net_income_4q": null,
            "revenue": 595060,
            "revenue_4q": null,
            "common_shares": 1796852,
            "book_valuer_per_share": 12.89,
            "book_valuer_per_share_4q_avg": 12.5,
            "equity": 2315819,
            "current_ratio": 106.09,
            "debt_ratio": 53.33,
            "inventory_turnover_ratio": 0.86,
            "account_receivable_turnover_ratio": 1.58,
            "reinvestment_rate": -13.89,
            "research_to_sale_ratio": 0.18,
            "price_fair": 38.1,
            "eps_avg_yearly": 1.09,
            "eps_latest_yearly": 0.88,
            "eps_growth_yearly": 128.36
        },
        "20192": {
            "year_quarter": 20192,
            "year": 2019,
            "quarter": 2,
            "eps": 0.23,
            "eps_growth_year": -28.12,
            "eps_4q": 1.04,
            "eps_4q_growth_year": -7.19,
            "roe": 1.78,
            "roe_4q": 8.280000000000001,
            "gross_profit": 125391,
            "gross_margin": 22.31,
            "gross_margin_4q_avg": 21.31,
            "net_income": 40950,
            "net_income_4q": null,
            "revenue": 561927,
            "revenue_4q": null,
            "common_shares": 1796852,
            "book_valuer_per_share": 12.7,
            "book_valuer_per_share_4q_avg": 12.65,
            "equity": 2281352,
            "current_ratio": 99.8,
            "debt_ratio": 55.61,
            "inventory_turnover_ratio": 0.77,
            "account_receivable_turnover_ratio": 1.52,
            "reinvestment_rate": -3.87,
            "research_to_sale_ratio": 0.19,
            "price_fair": 37.71,
            "eps_avg_yearly": 1.08,
            "eps_latest_yearly": 0.92,
            "eps_growth_yearly": 121.01
        },
        "20193": {
            "year_quarter": 20193,
            "year": 2019,
            "quarter": 3,
            "eps": 0.19,
            "eps_growth_year": -34.48,
            "eps_4q": 0.94,
            "eps_4q_growth_year": -15.02,
            "roe": 1.51,
            "roe_4q": 7.41,
            "gross_profit": 116013,
            "gross_margin": 19.67,
            "gross_margin_4q_avg": 20.88,
            "net_income": 34820,
            "net_income_4q": null,
            "revenue": 589840,
            "revenue_4q": null,
            "common_shares": 1796852,
            "book_valuer_per_share": 12.89,
            "book_valuer_per_share_4q_avg": 12.78,
            "equity": 2315911,
            "current_ratio": 96.75,
            "debt_ratio": 53.89,
            "inventory_turnover_ratio": 0.86,
            "account_receivable_turnover_ratio": 1.64,
            "reinvestment_rate": 4.71,
            "research_to_sale_ratio": 0.18,
            "price_fair": 37.01,
            "eps_avg_yearly": 1.06,
            "eps_latest_yearly": 0.76,
            "eps_growth_yearly": 109.1
        },
        "20194": {
            "year_quarter": 20194,
            "year": 2019,
            "quarter": 4,
            "eps": 0.2,
            "eps_growth_year": -33.42,
            "eps_4q": 0.84,
            "eps_4q_growth_year": -22.43,
            "roe": 1.52,
            "roe_4q": 6.5600000000000005,
            "gross_profit": 133417,
            "gross_margin": 20.62,
            "gross_margin_4q_avg": 20.5,
            "net_income": 35386,
            "net_income_4q": null,
            "revenue": 646891,
            "revenue_4q": null,
            "common_shares": 1796852,
            "book_valuer_per_share": 13.05,
            "book_valuer_per_share_4q_avg": 12.88,
            "equity": 2344758,
            "current_ratio": 96.89,
            "debt_ratio": 54.16,
            "inventory_turnover_ratio": 1.03,
            "account_receivable_turnover_ratio": 1.74,
            "reinvestment_rate": 14.69,
            "research_to_sale_ratio": 0.19,
            "price_fair": 35.61,
            "eps_avg_yearly": 1.02,
            "eps_latest_yearly": 0.8,
            "eps_growth_yearly": 90.42
        },
        "20201": {
            "year_quarter": 20201,
            "year": 2020,
            "quarter": 1,
            "eps": 0.17,
            "eps_growth_year": -22.73,
            "eps_4q": 0.79,
            "eps_4q_growth_year": -30.27,
            "roe": 1.34,
            "roe_4q": 6.15,
            "gross_profit": 98230,
            "gross_margin": 18.14,
            "gross_margin_4q_avg": 20.19,
            "net_income": 31039,
            "net_income_4q": null,
            "revenue": 541642,
            "revenue_4q": null,
            "common_shares": 1796852,
            "book_valuer_per_share": 12.78,
            "book_valuer_per_share_4q_avg": 12.86,
            "equity": 2295802,
            "current_ratio": 108.98,
            "debt_ratio": 55.38,
            "inventory_turnover_ratio": 0.91,
            "account_receivable_turnover_ratio": 1.43,
            "reinvestment_rate": 25.13,
            "research_to_sale_ratio": 0.19,
            "price_fair": 34.65,
            "eps_avg_yearly": 0.99,
            "eps_latest_yearly": 0.68,
            "eps_growth_yearly": 92.22
        },
        "20202": {
            "year_quarter": 20202,
            "year": 2020,
            "quarter": 2,
            "eps": -0.07,
            "eps_growth_year": -130.43,
            "eps_4q": 0.5,
            "eps_4q_growth_year": -52.15,
            "roe": -0.52,
            "roe_4q": 3.8499999999999996,
            "gross_profit": 31568,
            "gross_margin": 9.73,
            "gross_margin_4q_avg": 17.04,
            "net_income": -11918,
            "net_income_4q": null,
            "revenue": 324277,
            "revenue_4q": null,
            "common_shares": 1796852,
            "book_valuer_per_share": 12.74,
            "book_valuer_per_share_4q_avg": 12.87,
            "equity": 2289138,
            "current_ratio": 116.15,
            "debt_ratio": 55.7,
            "inventory_turnover_ratio": 0.55,
            "account_receivable_turnover_ratio": 1.06,
            "reinvestment_rate": 34.99,
            "research_to_sale_ratio": 0.24,
            "price_fair": 33.97,
            "eps_avg_yearly": 0.97,
            "eps_latest_yearly": 0.68,
            "eps_growth_yearly": 94.56
        },
        "20203": {
            "year_quarter": 20203,
            "year": 2020,
            "quarter": 3,
            "eps": 0.06,
            "eps_growth_year": -68.42,
            "eps_4q": 0.4,
            "eps_4q_growth_year": -57.69,
            "roe": 0.51,
            "roe_4q": 2.85,
            "gross_profit": 77914,
            "gross_margin": 14.69,
            "gross_margin_4q_avg": 15.8,
            "net_income": 11307,
            "net_income_4q": null,
            "revenue": 530295,
            "revenue_4q": null,
            "common_shares": 1653104,
            "book_valuer_per_share": 13.2,
            "book_valuer_per_share_4q_avg": 12.94,
            "equity": 2182253,
            "current_ratio": 99.98,
            "debt_ratio": 57.82,
            "inventory_turnover_ratio": 0.83,
            "account_receivable_turnover_ratio": 1.99,
            "reinvestment_rate": 43.11,
            "research_to_sale_ratio": 0.16,
            "price_fair": 34.7,
            "eps_avg_yearly": 0.99,
            "eps_latest_yearly": 0.68,
            "eps_growth_yearly": 114.71
        },
        "20204": {
            "year_quarter": 20204,
            "year": 2020,
            "quarter": 4,
            "eps": 0.04,
            "eps_growth_year": -81.23,
            "eps_4q": 0.22,
            "eps_4q_growth_year": -73.76,
            "roe": 0.28,
            "roe_4q": 1.61,
            "gross_profit": 83712,
            "gross_margin": 16.33,
            "gross_margin_4q_avg": 14.72,
            "net_income": 6109,
            "net_income_4q": null,
            "revenue": 512572,
            "revenue_4q": null,
            "common_shares": 1653104,
            "book_valuer_per_share": 13.33,
            "book_valuer_per_share_4q_avg": 13.01,
            "equity": 2203927,
            "current_ratio": 99.61,
            "debt_ratio": 56.21,
            "inventory_turnover_ratio": 0.79,
            "account_receivable_turnover_ratio": 1.69,
            "reinvestment_rate": 51.53,
            "research_to_sale_ratio": 0.23,
            "price_fair": 30.5,
            "eps_avg_yearly": 0.87,
            "eps_latest_yearly": 0.16,
            "eps_growth_yearly": 56.45
        },
        "20211": {
            "year_quarter": 20211,
            "year": 2021,
            "quarter": 1,
            "eps": 0.13,
            "eps_growth_year": -23.53,
            "eps_4q": 0.16,
            "eps_4q_growth_year": -79.26,
            "roe": 0.98,
            "roe_4q": 1.25,
            "gross_profit": 85971,
            "gross_margin": 18.67,
            "gross_margin_4q_avg": 14.86,
            "net_income": 21634,
            "net_income_4q": null,
            "revenue": 460408,
            "revenue_4q": null,
            "common_shares": 1653104,
            "book_valuer_per_share": 13.37,
            "book_valuer_per_share_4q_avg": 13.16,
            "equity": 2209855,
            "current_ratio": 96.51,
            "debt_ratio": 56.93,
            "inventory_turnover_ratio": 0.63,
            "account_receivable_turnover_ratio": 1.4,
            "reinvestment_rate": 46.22,
            "research_to_sale_ratio": 0.22,
            "price_fair": 31.2,
            "eps_avg_yearly": 0.89,
            "eps_latest_yearly": 0.52,
            "eps_growth_yearly": 145.58
        },
        "20212": {
            "year_quarter": 20212,
            "year": 2021,
            "quarter": 2,
            "eps": -0.03,
            "eps_growth_year": null,
            "eps_4q": 0.21,
            "eps_4q_growth_year": -58.46,
            "roe": -0.22,
            "roe_4q": 1.55,
            "gross_profit": 73191,
            "gross_margin": 15.98,
            "gross_margin_4q_avg": 16.42,
            "net_income": -4912,
            "net_income_4q": null,
            "revenue": 457877,
            "revenue_4q": null,
            "common_shares": 1653104,
            "book_valuer_per_share": 13.37,
            "book_valuer_per_share_4q_avg": 13.32,
            "equity": 2209415,
            "current_ratio": 97.96,
            "debt_ratio": 56.05,
            "inventory_turnover_ratio": 0.6,
            "account_receivable_turnover_ratio": 1.45,
            "reinvestment_rate": 51.66,
            "research_to_sale_ratio": 0.24,
            "price_fair": 31.02,
            "eps_avg_yearly": 0.89,
            "eps_latest_yearly": 0.52,
            "eps_growth_yearly": 64.47
        },
        "20213": {
            "year_quarter": 20213,
            "year": 2021,
            "quarter": 3,
            "eps": 0.17,
            "eps_growth_year": 183.33,
            "eps_4q": 0.31,
            "eps_4q_growth_year": -21.78,
            "roe": 1.29,
            "roe_4q": 2.33,
            "gross_profit": 71978,
            "gross_margin": 14.7,
            "gross_margin_4q_avg": 16.42,
            "net_income": 28651,
            "net_income_4q": null,
            "revenue": 489757,
            "revenue_4q": null,
            "common_shares": 1653104,
            "book_valuer_per_share": 13.44,
            "book_valuer_per_share_4q_avg": 13.38,
            "equity": 2221127,
            "current_ratio": 109.84,
            "debt_ratio": 57.03,
            "inventory_turnover_ratio": 0.61,
            "account_receivable_turnover_ratio": 1.48,
            "reinvestment_rate": 37.81,
            "research_to_sale_ratio": 0.23,
            "price_fair": 30.1,
            "eps_avg_yearly": 0.86,
            "eps_latest_yearly": 0.52,
            "eps_growth_yearly": 61.51
        },
        "20214": {
            "year_quarter": 20214,
            "year": 2021,
            "quarter": 4,
            "eps": 0.1,
            "eps_growth_year": 173.53,
            "eps_4q": 0.38,
            "eps_4q_growth_year": 69.92,
            "roe": 0.75,
            "roe_4q": 2.8,
            "gross_profit": 90378,
            "gross_margin": 16.27,
            "gross_margin_4q_avg": 16.41,
            "net_income": 16710,
            "net_income_4q": null,
            "revenue": 555383,
            "revenue_4q": null,
            "common_shares": 1653104,
            "book_valuer_per_share": 13.6,
            "book_valuer_per_share_4q_avg": 13.45,
            "equity": 2247414,
            "current_ratio": 161.66,
            "debt_ratio": 58.41,
            "inventory_turnover_ratio": 0.64,
            "account_receivable_turnover_ratio": 1.44,
            "reinvestment_rate": 26.53,
            "research_to_sale_ratio": 0.17,
            "price_fair": 27.53,
            "eps_avg_yearly": 0.79,
            "eps_latest_yearly": 0.4,
            "eps_growth_yearly": 45.56
        },
        "20221": {
            "year_quarter": 20221,
            "year": 2022,
            "quarter": 1,
            "eps": 0.35,
            "eps_growth_year": 169.23,
            "eps_4q": 0.6,
            "eps_4q_growth_year": 262.76,
            "roe": 2.57,
            "roe_4q": 4.39,
            "gross_profit": 103809,
            "gross_margin": 19.11,
            "gross_margin_4q_avg": 16.52,
            "net_income": 57976,
            "net_income_4q": null,
            "revenue": 543184,
            "revenue_4q": null,
            "common_shares": 1653104,
            "book_valuer_per_share": 13.67,
            "book_valuer_per_share_4q_avg": 13.52,
            "equity": 2259543,
            "current_ratio": 156.78,
            "debt_ratio": 58.34,
            "inventory_turnover_ratio": 0.58,
            "account_receivable_turnover_ratio": 1.32,
            "reinvestment_rate": 26.93,
            "research_to_sale_ratio": 0.19,
            "price_fair": 29.63,
            "eps_avg_yearly": 0.85,
            "eps_latest_yearly": 1.4,
            "eps_growth_yearly": 144.52
        },
        "20222": {
            "year_quarter": 20222,
            "year": 2022,
            "quarter": 2,
            "eps": 0.69,
            "eps_growth_year": null,
            "eps_4q": 1.32,
            "eps_4q_growth_year": 537.15,
            "roe": 4.9,
            "roe_4q": 9.510000000000002,
            "gross_profit": 160419,
            "gross_margin": 23.31,
            "gross_margin_4q_avg": 18.35,
            "net_income": 114173,
            "net_income_4q": null,
            "revenue": 688070,
            "revenue_4q": null,
            "common_shares": 1653104,
            "book_valuer_per_share": 14.5,
            "book_valuer_per_share_4q_avg": 13.8,
            "equity": 2396994,
            "current_ratio": 159.29,
            "debt_ratio": 57.28,
            "inventory_turnover_ratio": 0.71,
            "account_receivable_turnover_ratio": 1.47,
            "reinvestment_rate": 12.09,
            "research_to_sale_ratio": 0.17,
            "price_fair": 33.95,
            "eps_avg_yearly": 0.97,
            "eps_latest_yearly": 2.76,
            "eps_growth_yearly": 147.49
        },
        "20223": {
            "year_quarter": 20223,
            "year": 2022,
            "quarter": 3,
            "eps": 0.71,
            "eps_growth_year": 317.65,
            "eps_4q": 1.85,
            "eps_4q_growth_year": 493.81,
            "roe": 4.75,
            "roe_4q": 12.97,
            "gross_profit": 129607,
            "gross_margin": 22.77,
            "gross_margin_4q_avg": 20.37,
            "net_income": 116846,
            "net_income_4q": null,
            "revenue": 569095,
            "revenue_4q": null,
            "common_shares": 1653104,
            "book_valuer_per_share": 15.24,
            "book_valuer_per_share_4q_avg": 14.25,
            "equity": 2519817,
            "current_ratio": 174.64,
            "debt_ratio": 55.2,
            "inventory_turnover_ratio": 0.58,
            "account_receivable_turnover_ratio": 1.24,
            "reinvestment_rate": -3.89,
            "research_to_sale_ratio": 0.21,
            "price_fair": 38.85,
            "eps_avg_yearly": 1.11,
            "eps_latest_yearly": 2.84,
            "eps_growth_yearly": 151.58
        },
        "20224": {
            "year_quarter": 20224,
            "year": 2022,
            "quarter": 4,
            "eps": 0.29,
            "eps_growth_year": 183.96,
            "eps_4q": 2.04,
            "eps_4q_growth_year": 441.93,
            "roe": 1.88,
            "roe_4q": 14.100000000000001,
            "gross_profit": 162603,
            "gross_margin": 25.44,
            "gross_margin_4q_avg": 22.66,
            "net_income": 47450,
            "net_income_4q": null,
            "revenue": 639103,
            "revenue_4q": null,
            "common_shares": 1653104,
            "book_valuer_per_share": 15.28,
            "book_valuer_per_share_4q_avg": 14.67,
            "equity": 2526041,
            "current_ratio": 166.54,
            "debt_ratio": 53.5,
            "inventory_turnover_ratio": 0.6,
            "account_receivable_turnover_ratio": 1.51,
            "reinvestment_rate": -13.81,
            "research_to_sale_ratio": 0.18,
            "price_fair": 38.73,
            "eps_avg_yearly": 1.11,
            "eps_latest_yearly": 1.16,
            "eps_growth_yearly": 130.71
        },
        "20231": {
            "year_quarter": 20231,
            "year": 2023,
            "quarter": 1,
            "eps": 0.26,
            "eps_growth_year": -25.71,
            "eps_4q": 1.95,
            "eps_4q_growth_year": 227.24,
            "roe": 1.77,
            "roe_4q": 13.3,
            "gross_profit": 129589,
            "gross_margin": 22.59,
            "gross_margin_4q_avg": 23.53,
            "net_income": 43620,
            "net_income_4q": null,
            "revenue": 573599,
            "revenue_4q": null,
            "common_shares": 1653104,
            "book_valuer_per_share": 14.56,
            "book_valuer_per_share_4q_avg": 14.9,
            "equity": 2406742,
            "current_ratio": 175.9,
            "debt_ratio": 51.59,
            "inventory_turnover_ratio": 0.59,
            "account_receivable_turnover_ratio": 1.36,
            "reinvestment_rate": -19.02,
            "research_to_sale_ratio": 0.18,
            "price_fair": 39.2,
            "eps_avg_yearly": 1.12,
            "eps_latest_yearly": 1.04,
            "eps_growth_yearly": 136.15
        },
        "20232": {
            "year_quarter": 20232,
            "year": 2023,
            "quarter": 2,
            "eps": 0.49,
            "eps_growth_year": -28.99,
            "eps_4q": 1.75,
            "eps_4q_growth_year": 32.71,
            "roe": 3.3,
            "roe_4q": 11.7,
            "gross_profit": 162739,
            "gross_margin": 24.3,
            "gross_margin_4q_avg": 23.78,
            "net_income": 80735,
            "net_income_4q": null,
            "revenue": 669592,
            "revenue_4q": null,
            "common_shares": 1653104,
            "book_valuer_per_share": 15.03,
            "book_valuer_per_share_4q_avg": 15.03,
            "equity": 2484276,
            "current_ratio": 185.31,
            "debt_ratio": 49.97,
            "inventory_turnover_ratio": 0.72,
            "account_receivable_turnover_ratio": 1.54,
            "reinvestment_rate": -28.52,
            "research_to_sale_ratio": 0.17,
            "price_fair": 42.23,
            "eps_avg_yearly": 1.21,
            "eps_latest_yearly": 1.96,
            "eps_growth_yearly": 164.12
        },
        "20233": {
            "year_quarter": 20233,
            "year": 2023,
            "quarter": 3,
            "eps": 0.83,
            "eps_growth_year": 16.9,
            "eps_4q": 1.87,
            "eps_4q_growth_year": 0.85,
            "roe": 5.31,
            "roe_4q": 12.259999999999998,
            "gross_profit": 203050,
            "gross_margin": 29.22,
            "gross_margin_4q_avg": 25.39,
            "net_income": 136504,
            "net_income_4q": null,
            "revenue": 694979,
            "revenue_4q": null,
            "common_shares": 1653104,
            "book_valuer_per_share": 16.06,
            "book_valuer_per_share_4q_avg": 15.23,
            "equity": 2654306,
            "current_ratio": 200.62,
            "debt_ratio": 47.98,
            "inventory_turnover_ratio": 0.76,
            "account_receivable_turnover_ratio": 1.43,
            "reinvestment_rate": -27.73,
            "research_to_sale_ratio": 0.18,
            "price_fair": 49.7,
            "eps_avg_yearly": 1.42,
            "eps_latest_yearly": 3.32,
            "eps_growth_yearly": 193.05
        },
        "20234": {
            "year_quarter": 20234,
            "year": 2023,
            "quarter": 4,
            "eps": 0.55,
            "eps_growth_year": 91.15,
            "eps_4q": 2.13,
            "eps_4q_growth_year": 4.49,
            "roe": 3.39,
            "roe_4q": 13.77,
            "gross_profit": 233584,
            "gross_margin": 30.76,
            "gross_margin_4q_avg": 26.72,
            "net_income": 90701,
            "net_income_4q": null,
            "revenue": 759383,
            "revenue_4q": null,
            "common_shares": 1653104,
            "book_valuer_per_share": 16.32,
            "book_valuer_per_share_4q_avg": 15.49,
            "equity": 2697964,
            "current_ratio": 180.19,
            "debt_ratio": 49.4,
            "inventory_turnover_ratio": 0.84,
            "account_receivable_turnover_ratio": 1.48,
            "reinvestment_rate": -32.96,
            "research_to_sale_ratio": 0.18,
            "price_fair": 53.78,
            "eps_avg_yearly": 1.54,
            "eps_latest_yearly": 2.2,
            "eps_growth_yearly": 180.05
        }
    },
    "months": {
        "2001-06": {
            "month": "2001-06",
            "price": "9.99",
            "revenue": 120473
        },
        "2001-07": {
            "month": "2001-07",
            "price": "9.11",
            "revenue": 113801
        },
        "2001-08": {
            "month": "2001-08",
            "price": "9.42",
            "revenue": 115369
        },
        "2001-09": {
            "month": "2001-09",
            "price": "8.46",
            "revenue": 115194
        },
        "2001-10": {
            "month": "2001-10",
            "price": "7.81",
            "revenue": 129293
        },
        "2001-11": {
            "month": "2001-11",
            "price": "8.27",
            "revenue": 141267
        },
        "2001-12": {
            "month": "2001-12",
            "price": "9.66",
            "revenue": 133731
        },
        "2002-01": {
            "month": "2002-01",
            "price": "9.84",
            "revenue": 144931
        },
        "2002-02": {
            "month": "2002-02",
            "price": "10.37",
            "revenue": 127343
        },
        "2002-03": {
            "month": "2002-03",
            "price": "11.53",
            "revenue": 145533
        },
        "2002-04": {
            "month": "2002-04",
            "price": "13.37",
            "revenue": 142391
        },
        "2002-05": {
            "month": "2002-05",
            "price": "12.99",
            "revenue": 138714
        },
        "2002-06": {
            "month": "2002-06",
            "price": "13.36",
            "revenue": 133709
        },
        "2002-07": {
            "month": "2002-07",
            "price": "13.28",
            "revenue": 133196
        },
        "2002-08": {
            "month": "2002-08",
            "price": "11.55",
            "revenue": 127118
        },
        "2002-09": {
            "month": "2002-09",
            "price": "10.65",
            "revenue": 123185
        },
        "2002-10": {
            "month": "2002-10",
            "price": "10.59",
            "revenue": 130764
        },
        "2002-11": {
            "month": "2002-11",
            "price": "11.35",
            "revenue": 147310
        },
        "2002-12": {
            "month": "2002-12",
            "price": "11.57",
            "revenue": 134636
        },
        "2003-01": {
            "month": "2003-01",
            "price": "12.11",
            "revenue": 130071
        },
        "2003-02": {
            "month": "2003-02",
            "price": "11.57",
            "revenue": 114074
        },
        "2003-03": {
            "month": "2003-03",
            "price": "12.90",
            "revenue": 146412
        },
        "2003-04": {
            "month": "2003-04",
            "price": "14.47",
            "revenue": 156893
        },
        "2003-05": {
            "month": "2003-05",
            "price": "16.47",
            "revenue": 137281
        },
        "2003-06": {
            "month": "2003-06",
            "price": "16.75",
            "revenue": 121170
        },
        "2003-07": {
            "month": "2003-07",
            "price": "15.60",
            "revenue": 138873
        },
        "2003-08": {
            "month": "2003-08",
            "price": "15.11",
            "revenue": 119445
        },
        "2003-09": {
            "month": "2003-09",
            "price": "13.20",
            "revenue": 125186
        },
        "2003-10": {
            "month": "2003-10",
            "price": "13.56",
            "revenue": 130815
        },
        "2003-11": {
            "month": "2003-11",
            "price": "13.52",
            "revenue": 150375
        },
        "2003-12": {
            "month": "2003-12",
            "price": "13.13",
            "revenue": 150213
        },
        "2004-01": {
            "month": "2004-01",
            "price": "13.56",
            "revenue": 132395
        },
        "2004-02": {
            "month": "2004-02",
            "price": "15.50",
            "revenue": 151917
        },
        "2004-03": {
            "month": "2004-03",
            "price": "16.12",
            "revenue": 163198
        },
        "2004-04": {
            "month": "2004-04",
            "price": "17.17",
            "revenue": 183464
        },
        "2004-05": {
            "month": "2004-05",
            "price": "16.74",
            "revenue": 177090
        },
        "2004-06": {
            "month": "2004-06",
            "price": "16.73",
            "revenue": 196246
        },
        "2004-07": {
            "month": "2004-07",
            "price": "17.03",
            "revenue": 263422
        },
        "2004-08": {
            "month": "2004-08",
            "price": "16.70",
            "revenue": 254816
        },
        "2004-09": {
            "month": "2004-09",
            "price": "19.47",
            "revenue": 269459
        },
        "2004-10": {
            "month": "2004-10",
            "price": "19.76",
            "revenue": 266856
        },
        "2004-11": {
            "month": "2004-11",
            "price": "18.66",
            "revenue": 263342
        },
        "2004-12": {
            "month": "2004-12",
            "price": "18.77",
            "revenue": 243844
        },
        "2005-01": {
            "month": "2005-01",
            "price": "19.11",
            "revenue": 213414
        },
        "2005-02": {
            "month": "2005-02",
            "price": "19.41",
            "revenue": 165548
        },
        "2005-03": {
            "month": "2005-03",
            "price": "20.04",
            "revenue": 269232
        },
        "2005-04": {
            "month": "2005-04",
            "price": "19.78",
            "revenue": 255805
        },
        "2005-05": {
            "month": "2005-05",
            "price": "18.03",
            "revenue": 201515
        },
        "2005-06": {
            "month": "2005-06",
            "price": "17.37",
            "revenue": 225730
        },
        "2005-07": {
            "month": "2005-07",
            "price": "16.80",
            "revenue": 202019
        },
        "2005-08": {
            "month": "2005-08",
            "price": "15.85",
            "revenue": 204094
        },
        "2005-09": {
            "month": "2005-09",
            "price": "20.00",
            "revenue": 227349
        },
        "2005-10": {
            "month": "2005-10",
            "price": "19.93",
            "revenue": 223931
        },
        "2005-11": {
            "month": "2005-11",
            "price": "18.96",
            "revenue": 241334
        },
        "2005-12": {
            "month": "2005-12",
            "price": "18.25",
            "revenue": 246061
        },
        "2006-01": {
            "month": "2006-01",
            "price": "17.72",
            "revenue": 211410
        },
        "2006-02": {
            "month": "2006-02",
            "price": "15.40",
            "revenue": 202901
        },
        "2006-03": {
            "month": "2006-03",
            "price": "15.74",
            "revenue": 247013
        },
        "2006-04": {
            "month": "2006-04",
            "price": "17.32",
            "revenue": 208205
        },
        "2006-05": {
            "month": "2006-05",
            "price": "17.99",
            "revenue": 230367
        },
        "2006-06": {
            "month": "2006-06",
            "price": "16.14",
            "revenue": 241081
        },
        "2006-07": {
            "month": "2006-07",
            "price": "15.69",
            "revenue": 198052
        },
        "2006-08": {
            "month": "2006-08",
            "price": "14.67",
            "revenue": 252041
        },
        "2006-09": {
            "month": "2006-09",
            "price": "13.99",
            "revenue": 255307
        },
        "2006-10": {
            "month": "2006-10",
            "price": "17.48",
            "revenue": 257959
        },
        "2006-11": {
            "month": "2006-11",
            "price": "17.39",
            "revenue": 266294
        },
        "2006-12": {
            "month": "2006-12",
            "price": "17.76",
            "revenue": 296769
        },
        "2007-01": {
            "month": "2007-01",
            "price": "18.34",
            "revenue": 272207
        },
        "2007-02": {
            "month": "2007-02",
            "price": "17.80",
            "revenue": 233517
        },
        "2007-03": {
            "month": "2007-03",
            "price": "17.92",
            "revenue": 276916
        },
        "2007-04": {
            "month": "2007-04",
            "price": "17.98",
            "revenue": 271065
        },
        "2007-05": {
            "month": "2007-05",
            "price": "16.73",
            "revenue": 279837
        },
        "2007-06": {
            "month": "2007-06",
            "price": "17.13",
            "revenue": 250550
        },
        "2007-07": {
            "month": "2007-07",
            "price": "17.76",
            "revenue": 241633
        },
        "2007-08": {
            "month": "2007-08",
            "price": "16.16",
            "revenue": 240409
        },
        "2007-09": {
            "month": "2007-09",
            "price": "15.54",
            "revenue": 231395
        },
        "2007-10": {
            "month": "2007-10",
            "price": "15.19",
            "revenue": 285781
        },
        "2007-11": {
            "month": "2007-11",
            "price": "13.45",
            "revenue": 317160
        },
        "2007-12": {
            "month": "2007-12",
            "price": "12.66",
            "revenue": 316320
        },
        "2008-01": {
            "month": "2008-01",
            "price": "11.15",
            "revenue": 313081
        },
        "2008-02": {
            "month": "2008-02",
            "price": "11.31",
            "revenue": 251124
        },
        "2008-03": {
            "month": "2008-03",
            "price": "11.55",
            "revenue": 300242
        },
        "2008-04": {
            "month": "2008-04",
            "price": "11.76",
            "revenue": 251748
        },
        "2008-05": {
            "month": "2008-05",
            "price": "11.36",
            "revenue": 276214
        },
        "2008-06": {
            "month": "2008-06",
            "price": "10.21",
            "revenue": 275390
        },
        "2008-07": {
            "month": "2008-07",
            "price": "8.41",
            "revenue": 299190
        },
        "2008-08": {
            "month": "2008-08",
            "price": "8.96",
            "revenue": 278731
        },
        "2008-09": {
            "month": "2008-09",
            "price": "8.76",
            "revenue": 222526
        },
        "2008-10": {
            "month": "2008-10",
            "price": "7.21",
            "revenue": 258320
        },
        "2008-11": {
            "month": "2008-11",
            "price": "7.09",
            "revenue": 240681
        },
        "2008-12": {
            "month": "2008-12",
            "price": "6.85",
            "revenue": 249308
        },
        "2009-01": {
            "month": "2009-01",
            "price": "7.17",
            "revenue": 235185
        },
        "2009-02": {
            "month": "2009-02",
            "price": "7.55",
            "revenue": 297985
        },
        "2009-03": {
            "month": "2009-03",
            "price": "8.57",
            "revenue": 300785
        },
        "2009-04": {
            "month": "2009-04",
            "price": "10.38",
            "revenue": 268820
        },
        "2009-05": {
            "month": "2009-05",
            "price": "10.22",
            "revenue": 234596
        },
        "2009-06": {
            "month": "2009-06",
            "price": "8.73",
            "revenue": 240731
        },
        "2009-07": {
            "month": "2009-07",
            "price": "8.49",
            "revenue": 244515
        },
        "2009-08": {
            "month": "2009-08",
            "price": "8.66",
            "revenue": 252442
        },
        "2009-09": {
            "month": "2009-09",
            "price": "8.70",
            "revenue": 259359
        },
        "2009-10": {
            "month": "2009-10",
            "price": "10.07",
            "revenue": 309683
        },
        "2009-11": {
            "month": "2009-11",
            "price": "13.37",
            "revenue": 319469
        },
        "2009-12": {
            "month": "2009-12",
            "price": "14.55",
            "revenue": 328348
        },
        "2010-01": {
            "month": "2010-01",
            "price": "14.06",
            "revenue": 287982
        },
        "2010-02": {
            "month": "2010-02",
            "price": "12.49",
            "revenue": 218794
        },
        "2010-03": {
            "month": "2010-03",
            "price": "12.74",
            "revenue": 336704
        },
        "2010-04": {
            "month": "2010-04",
            "price": "13.87",
            "revenue": 285207
        },
        "2010-05": {
            "month": "2010-05",
            "price": "12.41",
            "revenue": 240559
        },
        "2010-06": {
            "month": "2010-06",
            "price": "11.87",
            "revenue": 262164
        },
        "2010-07": {
            "month": "2010-07",
            "price": "11.85",
            "revenue": 259826
        },
        "2010-08": {
            "month": "2010-08",
            "price": "12.34",
            "revenue": 272022
        },
        "2010-09": {
            "month": "2010-09",
            "price": "11.65",
            "revenue": 247904
        },
        "2010-10": {
            "month": "2010-10",
            "price": "10.82",
            "revenue": 305391
        },
        "2010-11": {
            "month": "2010-11",
            "price": "10.21",
            "revenue": 299323
        },
        "2010-12": {
            "month": "2010-12",
            "price": "10.28",
            "revenue": 304532
        },
        "2011-01": {
            "month": "2011-01",
            "price": "10.68",
            "revenue": 292251
        },
        "2011-02": {
            "month": "2011-02",
            "price": "10.09",
            "revenue": 209360
        },
        "2011-03": {
            "month": "2011-03",
            "price": "9.51",
            "revenue": 290222
        },
        "2011-04": {
            "month": "2011-04",
            "price": "9.40",
            "revenue": 255716
        },
        "2011-05": {
            "month": "2011-05",
            "price": "9.04",
            "revenue": 257908
        },
        "2011-06": {
            "month": "2011-06",
            "price": "8.69",
            "revenue": 239969
        },
        "2011-07": {
            "month": "2011-07",
            "price": "8.61",
            "revenue": 242503
        },
        "2011-08": {
            "month": "2011-08",
            "price": "7.37",
            "revenue": 256521
        },
        "2011-09": {
            "month": "2011-09",
            "price": "6.91",
            "revenue": 266200
        },
        "2011-10": {
            "month": "2011-10",
            "price": "7.07",
            "revenue": 276755
        },
        "2011-11": {
            "month": "2011-11",
            "price": "7.28",
            "revenue": 271200
        },
        "2011-12": {
            "month": "2011-12",
            "price": "6.83",
            "revenue": 286827
        },
        "2012-01": {
            "month": "2012-01",
            "price": "6.85",
            "revenue": 203519
        },
        "2012-02": {
            "month": "2012-02",
            "price": "7.56",
            "revenue": 255031
        },
        "2012-03": {
            "month": "2012-03",
            "price": "7.29",
            "revenue": 239764
        },
        "2012-04": {
            "month": "2012-04",
            "price": "6.58",
            "revenue": 218721
        },
        "2012-05": {
            "month": "2012-05",
            "price": "6.04",
            "revenue": 235887
        },
        "2012-06": {
            "month": "2012-06",
            "price": "5.55",
            "revenue": 226697
        },
        "2012-07": {
            "month": "2012-07",
            "price": "5.54",
            "revenue": 201355
        },
        "2012-08": {
            "month": "2012-08",
            "price": "5.60",
            "revenue": 252435
        },
        "2012-09": {
            "month": "2012-09",
            "price": "6.12",
            "revenue": 212536
        },
        "2012-10": {
            "month": "2012-10",
            "price": "6.86",
            "revenue": 242830
        },
        "2012-11": {
            "month": "2012-11",
            "price": "6.34",
            "revenue": 232018
        },
        "2012-12": {
            "month": "2012-12",
            "price": "6.27",
            "revenue": 234385
        },
        "2013-01": {
            "month": "2013-01",
            "price": "6.64",
            "revenue": 219943
        },
        "2013-02": {
            "month": "2013-02",
            "price": "6.55",
            "revenue": 161238
        },
        "2013-03": {
            "month": "2013-03",
            "price": "7.29",
            "revenue": 218750
        },
        "2013-04": {
            "month": "2013-04",
            "price": "7.39",
            "revenue": 192798
        },
        "2013-05": {
            "month": "2013-05",
            "price": "7.65",
            "revenue": 245095
        },
        "2013-06": {
            "month": "2013-06",
            "price": "7.78",
            "revenue": 192635
        },
        "2013-07": {
            "month": "2013-07",
            "price": "8.11",
            "revenue": 204931
        },
        "2013-08": {
            "month": "2013-08",
            "price": "8.19",
            "revenue": 191326
        },
        "2013-09": {
            "month": "2013-09",
            "price": "8.43",
            "revenue": 158790
        },
        "2013-10": {
            "month": "2013-10",
            "price": "8.64",
            "revenue": 223466
        },
        "2013-11": {
            "month": "2013-11",
            "price": "8.16",
            "revenue": 236818
        },
        "2013-12": {
            "month": "2013-12",
            "price": "8.53",
            "revenue": 230956
        },
        "2014-01": {
            "month": "2014-01",
            "price": "8.53",
            "revenue": 196287
        },
        "2014-02": {
            "month": "2014-02",
            "price": "8.58",
            "revenue": 204958
        },
        "2014-03": {
            "month": "2014-03",
            "price": "8.63",
            "revenue": 215562
        },
        "2014-04": {
            "month": "2014-04",
            "price": "8.53",
            "revenue": 216868
        },
        "2014-05": {
            "month": "2014-05",
            "price": "8.37",
            "revenue": 195442
        },
        "2014-06": {
            "month": "2014-06",
            "price": "8.44",
            "revenue": 170931
        },
        "2014-07": {
            "month": "2014-07",
            "price": "8.17",
            "revenue": 191754
        },
        "2014-08": {
            "month": "2014-08",
            "price": "7.75",
            "revenue": 206426
        },
        "2014-09": {
            "month": "2014-09",
            "price": "7.81",
            "revenue": 194596
        },
        "2014-10": {
            "month": "2014-10",
            "price": "7.39",
            "revenue": 232941
        },
        "2014-11": {
            "month": "2014-11",
            "price": "7.04",
            "revenue": 221979
        },
        "2014-12": {
            "month": "2014-12",
            "price": "7.32",
            "revenue": 226502
        },
        "2015-01": {
            "month": "2015-01",
            "price": "7.73",
            "revenue": 200026
        },
        "2015-02": {
            "month": "2015-02",
            "price": "7.57",
            "revenue": 169557
        },
        "2015-03": {
            "month": "2015-03",
            "price": "7.32",
            "revenue": 222236
        },
        "2015-04": {
            "month": "2015-04",
            "price": "7.15",
            "revenue": 197837
        },
        "2015-05": {
            "month": "2015-05",
            "price": "6.33",
            "revenue": 205644
        },
        "2015-06": {
            "month": "2015-06",
            "price": "5.23",
            "revenue": 195069
        },
        "2015-07": {
            "month": "2015-07",
            "price": "5.12",
            "revenue": 193513
        },
        "2015-08": {
            "month": "2015-08",
            "price": "4.85",
            "revenue": 209190
        },
        "2015-09": {
            "month": "2015-09",
            "price": "4.97",
            "revenue": 205581
        },
        "2015-10": {
            "month": "2015-10",
            "price": "5.19",
            "revenue": 235302
        },
        "2015-11": {
            "month": "2015-11",
            "price": "6.09",
            "revenue": 223928
        },
        "2015-12": {
            "month": "2015-12",
            "price": "6.65",
            "revenue": 227347
        },
        "2016-01": {
            "month": "2016-01",
            "price": "6.39",
            "revenue": 208882
        },
        "2016-02": {
            "month": "2016-02",
            "price": "6.65",
            "revenue": 175305
        },
        "2016-03": {
            "month": "2016-03",
            "price": "7.08",
            "revenue": 230454
        },
        "2016-04": {
            "month": "2016-04",
            "price": "8.04",
            "revenue": 210033
        },
        "2016-05": {
            "month": "2016-05",
            "price": "8.09",
            "revenue": 213920
        },
        "2016-06": {
            "month": "2016-06",
            "price": "8.53",
            "revenue": 213855
        },
        "2016-07": {
            "month": "2016-07",
            "price": "9.75",
            "revenue": 204593
        },
        "2016-08": {
            "month": "2016-08",
            "price": "10.95",
            "revenue": 218865
        },
        "2016-09": {
            "month": "2016-09",
            "price": "11.97",
            "revenue": 206812
        },
        "2016-10": {
            "month": "2016-10",
            "price": "11.67",
            "revenue": 242380
        },
        "2016-11": {
            "month": "2016-11",
            "price": "10.71",
            "revenue": 231031
        },
        "2016-12": {
            "month": "2016-12",
            "price": "11.05",
            "revenue": 249147
        },
        "2017-01": {
            "month": "2017-01",
            "price": "11.12",
            "revenue": 205189
        },
        "2017-02": {
            "month": "2017-02",
            "price": "11.51",
            "revenue": 200841
        },
        "2017-03": {
            "month": "2017-03",
            "price": "12.51",
            "revenue": 238148
        },
        "2017-04": {
            "month": "2017-04",
            "price": "12.39",
            "revenue": 211217
        },
        "2017-05": {
            "month": "2017-05",
            "price": "11.44",
            "revenue": 216072
        },
        "2017-06": {
            "month": "2017-06",
            "price": "11.45",
            "revenue": 221441
        },
        "2017-07": {
            "month": "2017-07",
            "price": "11.41",
            "revenue": 206364
        },
        "2017-08": {
            "month": "2017-08",
            "price": "11.04",
            "revenue": 222562
        },
        "2017-09": {
            "month": "2017-09",
            "price": "11.46",
            "revenue": 210911
        },
        "2017-10": {
            "month": "2017-10",
            "price": "11.45",
            "revenue": 230542
        },
        "2017-11": {
            "month": "2017-11",
            "price": "11.41",
            "revenue": 238569
        },
        "2017-12": {
            "month": "2017-12",
            "price": "11.81",
            "revenue": 236470
        },
        "2018-01": {
            "month": "2018-01",
            "price": "11.81",
            "revenue": 211434
        },
        "2018-02": {
            "month": "2018-02",
            "price": "10.65",
            "revenue": 164780
        },
        "2018-03": {
            "month": "2018-03",
            "price": "10.51",
            "revenue": 233819
        },
        "2018-04": {
            "month": "2018-04",
            "price": "10.52",
            "revenue": 171783
        },
        "2018-05": {
            "month": "2018-05",
            "price": "10.53",
            "revenue": 219063
        },
        "2018-06": {
            "month": "2018-06",
            "price": "10.85",
            "revenue": 199832
        },
        "2018-07": {
            "month": "2018-07",
            "price": "10.55",
            "revenue": 201816
        },
        "2018-08": {
            "month": "2018-08",
            "price": "10.41",
            "revenue": 205293
        },
        "2018-09": {
            "month": "2018-09",
            "price": "10.21",
            "revenue": 195376
        },
        "2018-10": {
            "month": "2018-10",
            "price": "9.86",
            "revenue": 209954
        },
        "2018-11": {
            "month": "2018-11",
            "price": "9.78",
            "revenue": 196051
        },
        "2018-12": {
            "month": "2018-12",
            "price": "10.15",
            "revenue": 207025
        },
        "2019-01": {
            "month": "2019-01",
            "price": "10.13",
            "revenue": 231829
        },
        "2019-02": {
            "month": "2019-02",
            "price": "10.25",
            "revenue": 148681
        },
        "2019-03": {
            "month": "2019-03",
            "price": "10.52",
            "revenue": 214550
        },
        "2019-04": {
            "month": "2019-04",
            "price": "10.53",
            "revenue": 200517
        },
        "2019-05": {
            "month": "2019-05",
            "price": "10.45",
            "revenue": 198650
        },
        "2019-06": {
            "month": "2019-06",
            "price": "10.45",
            "revenue": 162759
        },
        "2019-07": {
            "month": "2019-07",
            "price": "10.18",
            "revenue": 203598
        },
        "2019-08": {
            "month": "2019-08",
            "price": "9.90",
            "revenue": 201306
        },
        "2019-09": {
            "month": "2019-09",
            "price": "9.96",
            "revenue": 184936
        },
        "2019-10": {
            "month": "2019-10",
            "price": "10.00",
            "revenue": 188301
        },
        "2019-11": {
            "month": "2019-11",
            "price": "10.00",
            "revenue": 225408
        },
        "2019-12": {
            "month": "2019-12",
            "price": "9.97",
            "revenue": 233181
        },
        "2020-01": {
            "month": "2020-01",
            "price": "9.94",
            "revenue": 159821
        },
        "2020-02": {
            "month": "2020-02",
            "price": "9.46",
            "revenue": 192249
        },
        "2020-03": {
            "month": "2020-03",
            "price": "8.60",
            "revenue": 189572
        },
        "2020-04": {
            "month": "2020-04",
            "price": "8.49",
            "revenue": 99051
        },
        "2020-05": {
            "month": "2020-05",
            "price": "8.78",
            "revenue": 109404
        },
        "2020-06": {
            "month": "2020-06",
            "price": "8.89",
            "revenue": 115822
        },
        "2020-07": {
            "month": "2020-07",
            "price": "9.43",
            "revenue": 174998
        },
        "2020-08": {
            "month": "2020-08",
            "price": "9.25",
            "revenue": 170689
        },
        "2020-09": {
            "month": "2020-09",
            "price": "9.53",
            "revenue": 184608
        },
        "2020-10": {
            "month": "2020-10",
            "price": "9.38",
            "revenue": 171669
        },
        "2020-11": {
            "month": "2020-11",
            "price": "9.49",
            "revenue": 148435
        },
        "2020-12": {
            "month": "2020-12",
            "price": "9.83",
            "revenue": 192467
        },
        "2021-01": {
            "month": "2021-01",
            "price": "11.06",
            "revenue": 159668
        },
        "2021-02": {
            "month": "2021-02",
            "price": "10.60",
            "revenue": 127934
        },
        "2021-03": {
            "month": "2021-03",
            "price": "10.97",
            "revenue": 172805
        },
        "2021-04": {
            "month": "2021-04",
            "price": "11.59",
            "revenue": 121778
        },
        "2021-05": {
            "month": "2021-05",
            "price": "9.97",
            "revenue": 165284
        },
        "2021-06": {
            "month": "2021-06",
            "price": "10.22",
            "revenue": 170815
        },
        "2021-07": {
            "month": "2021-07",
            "price": "10.73",
            "revenue": 161428
        },
        "2021-08": {
            "month": "2021-08",
            "price": "9.97",
            "revenue": 166369
        },
        "2021-09": {
            "month": "2021-09",
            "price": "9.94",
            "revenue": 161959
        },
        "2021-10": {
            "month": "2021-10",
            "price": "9.86",
            "revenue": 183516
        },
        "2021-11": {
            "month": "2021-11",
            "price": "10.07",
            "revenue": 199860
        },
        "2021-12": {
            "month": "2021-12",
            "price": "10.92",
            "revenue": 172008
        },
        "2022-01": {
            "month": "2022-01",
            "price": "10.61",
            "revenue": 203779
        },
        "2022-02": {
            "month": "2022-02",
            "price": "10.33",
            "revenue": 115862
        },
        "2022-03": {
            "month": "2022-03",
            "price": "10.39",
            "revenue": 223543
        },
        "2022-04": {
            "month": "2022-04",
            "price": "10.84",
            "revenue": 230615
        },
        "2022-05": {
            "month": "2022-05",
            "price": "16.04",
            "revenue": 218320
        },
        "2022-06": {
            "month": "2022-06",
            "price": "20.36",
            "revenue": 239136
        },
        "2022-07": {
            "month": "2022-07",
            "price": "20.59",
            "revenue": 192039
        },
        "2022-08": {
            "month": "2022-08",
            "price": "26.52",
            "revenue": 180053
        },
        "2022-09": {
            "month": "2022-09",
            "price": "26.86",
            "revenue": 197003
        },
        "2022-10": {
            "month": "2022-10",
            "price": "22.96",
            "revenue": 210646
        },
        "2022-11": {
            "month": "2022-11",
            "price": "23.52",
            "revenue": 209603
        },
        "2022-12": {
            "month": "2022-12",
            "price": "24.62",
            "revenue": 218854
        },
        "2023-01": {
            "month": "2023-01",
            "price": "24.01",
            "revenue": 146193
        },
        "2023-02": {
            "month": "2023-02",
            "price": "25.39",
            "revenue": 201283
        },
        "2023-03": {
            "month": "2023-03",
            "price": "25.62",
            "revenue": 226123
        },
        "2023-04": {
            "month": "2023-04",
            "price": "24.98",
            "revenue": 198834
        },
        "2023-05": {
            "month": "2023-05",
            "price": "22.69",
            "revenue": 239715
        },
        "2023-06": {
            "month": "2023-06",
            "price": "23.90",
            "revenue": 231043
        },
        "2023-07": {
            "month": "2023-07",
            "price": "22.60",
            "revenue": 207747
        },
        "2023-08": {
            "month": "2023-08",
            "price": "21.15",
            "revenue": 240721
        },
        "2023-09": {
            "month": "2023-09",
            "price": "24.61",
            "revenue": 246511
        },
        "2023-10": {
            "month": "2023-10",
            "price": "27.56",
            "revenue": 230564
        },
        "2023-11": {
            "month": "2023-11",
            "price": "29.80",
            "revenue": 277176
        },
        "2023-12": {
            "month": "2023-12",
            "price": "33.65",
            "revenue": 251644
        }
    }
}
