{
    "summary": {
        "stock_name": "江申",
        "stock_id": "1525",
        "category": "汽車",
        "main_business": "底盤、沖壓零組件<br>車架、大樑<br>木床後車身、模治具",
        "website_url": "http://www.kian-shen.com/index.php",
        "ceo": "曾火冏誌",
        "pe_ratio": 22,
        "report_year_from": 2001,
        "report_year_to": 2023,
        "age": 22,
        "eps_negative_percentage": 0,
        "eps_growth_avg": {
            "last_all": 8.56,
            "last_2y": -1.83,
            "last_4y": -11.55,
            "last_8y": 0.39,
            "last_12y": 2.51,
            "last_16y": 4.83,
            "last_20y": 8.56,
            "at_2006_last_3y": -6.1,
            "at_2007_last_3y": -13.43,
            "at_2008_last_3y": -15.47,
            "at_2009_last_3y": 12.39,
            "at_2010_last_3y": 27.28,
            "at_2011_last_3y": 30.39,
            "at_2012_last_3y": 31.14,
            "at_2013_last_3y": 7.27,
            "at_2014_last_3y": -0.27,
            "at_2015_last_3y": 9.85,
            "at_2016_last_3y": 14.67,
            "at_2017_last_3y": 15.31,
            "at_2018_last_3y": 9.38,
            "at_2019_last_3y": -8.78,
            "at_2020_last_3y": -10.29,
            "at_2021_last_3y": -11.45,
            "at_2022_last_3y": -10.37,
            "at_2023_last_3y": -10.37,
            "at_2006_last_all": 15.12,
            "at_2007_last_all": 9.89,
            "at_2008_last_all": 7.86,
            "at_2009_last_all": 18.39,
            "at_2010_last_all": 20.53,
            "at_2011_last_all": 18.09,
            "at_2012_last_all": 16.32,
            "at_2013_last_all": 14.68,
            "at_2014_last_all": 14.13,
            "at_2015_last_all": 15.74,
            "at_2016_last_all": 15.88,
            "at_2017_last_all": 14.84,
            "at_2018_last_all": 13.01,
            "at_2019_last_all": 10.29,
            "at_2020_last_all": 10.37,
            "at_2021_last_all": 9.58,
            "at_2022_last_all": 8.56,
            "at_2023_last_all": 8.56
        },
        "latest_eps": 5.48,
        "latest_price": 118.5,
        "latest_roe": 8.48,
        "latest_gross_margin": 12.88,
        "latest_equity": 4833498,
        "latest_revenue": 455055,
        "latest_gross_profit": 58589,
        "latest_net_income": 192811,
        "latest_debt_ratio": 16.34,
        "latest_current_ratio": 343.28,
        "latest_account_receivable_turnover_ratio": 1.53,
        "latest_inventory_turnover_ratio": 1.26,
        "latest_reinvestment_rate": -46.71,
        "latest_research_to_sale_ratio": 1.38
    },
    "eps_dividends": {
        "1998": {
            "cash": 1,
            "stock": 2,
            "eps": 0
        },
        "1999": {
            "cash": 1,
            "stock": 1,
            "eps": 0
        },
        "2000": {
            "cash": 1.5,
            "stock": 0,
            "eps": 0
        },
        "2001": {
            "cash": 1.2,
            "stock": 0,
            "eps": 1.37
        },
        "2002": {
            "cash": 1,
            "stock": 0,
            "eps": 2.99
        },
        "2003": {
            "cash": 0.5,
            "stock": 1,
            "eps": 3.38
        },
        "2004": {
            "cash": 0.5,
            "stock": 1,
            "eps": 3.51
        },
        "2005": {
            "cash": 0.5,
            "stock": 1,
            "eps": 2.83
        },
        "2006": {
            "cash": 1,
            "stock": 0.5,
            "eps": 2.21
        },
        "2007": {
            "cash": 0.5,
            "stock": 0.5,
            "eps": 1.85
        },
        "2008": {
            "cash": 0.5,
            "stock": 0.5,
            "eps": 1.77
        },
        "2009": {
            "cash": 0.5,
            "stock": 0.3,
            "eps": 3.4
        },
        "2010": {
            "cash": 1.55,
            "stock": 0,
            "eps": 4.68
        },
        "2011": {
            "cash": 3.2,
            "stock": 0.5,
            "eps": 4.5
        },
        "2012": {
            "cash": 0,
            "stock": 0,
            "eps": 4.44
        },
        "2013": {
            "cash": 1.6,
            "stock": 0,
            "eps": 4.29
        },
        "2014": {
            "cash": 1.6,
            "stock": 0,
            "eps": 4.61
        },
        "2015": {
            "cash": 1.4,
            "stock": 0,
            "eps": 6.3
        },
        "2016": {
            "cash": 1.4,
            "stock": 0.6,
            "eps": 7.43
        },
        "2017": {
            "cash": 2.3,
            "stock": 0,
            "eps": 7.37
        },
        "2018": {
            "cash": 2.4,
            "stock": 0,
            "eps": 6.17
        },
        "2019": {
            "cash": 1.8,
            "stock": 0,
            "eps": 3.95
        },
        "2020": {
            "cash": 2,
            "stock": 0,
            "eps": 4.42
        },
        "2021": {
            "cash": 2.2,
            "stock": 0,
            "eps": 4.18
        },
        "2022": {
            "cash": 2.1,
            "stock": 0,
            "eps": 3.68
        },
        "2023": {
            "cash": 2.1,
            "stock": 0,
            "eps": 2.63
        }
    },
    "dividends": {
        "1998-05-20": {
            "cash": 1,
            "stock": 2
        },
        "1999-04-23": {
            "cash": 1,
            "stock": 1
        },
        "2000-06-03": {
            "cash": 1.5,
            "stock": 0
        },
        "2001-06-12": {
            "cash": 1.2,
            "stock": 0
        },
        "2002-06-20": {
            "cash": 1,
            "stock": 0
        },
        "2003-03-13": {
            "cash": 0.5,
            "stock": 1
        },
        "2004-03-10": {
            "cash": 0.5,
            "stock": 1
        },
        "2005-03-09": {
            "cash": 0.5,
            "stock": 1
        },
        "2006-03-09": {
            "cash": 1,
            "stock": 0.5
        },
        "2007-03-14": {
            "cash": 0.5,
            "stock": 0.5
        },
        "2008-03-26": {
            "cash": 0.5,
            "stock": 0.5
        },
        "2009-03-31": {
            "cash": 0.5,
            "stock": 0.3
        },
        "2010-03-30": {
            "cash": 1.55,
            "stock": 0
        },
        "2011-01-01": {
            "cash": 1.7,
            "stock": 0
        },
        "2011-03-16": {
            "cash": 1.5,
            "stock": 0.5
        },
        "2013-03-21": {
            "cash": 1.6,
            "stock": 0
        },
        "2014-09-16": {
            "cash": 1.6,
            "stock": 0
        },
        "2015-08-13": {
            "cash": 1.4,
            "stock": 0
        },
        "2016-08-19": {
            "cash": 1.4,
            "stock": 0.6
        },
        "2017-08-18": {
            "cash": 2.3,
            "stock": 0
        },
        "2018-08-28": {
            "cash": 2.4,
            "stock": 0
        },
        "2019-08-28": {
            "cash": 1.8,
            "stock": 0
        },
        "2020-08-21": {
            "cash": 2,
            "stock": 0
        },
        "2021-09-24": {
            "cash": 2.2,
            "stock": 0
        },
        "2022-08-26": {
            "cash": 2.1,
            "stock": 0
        },
        "2023-03-10": {
            "cash": 2.1,
            "stock": 0
        }
    },
    "prices": {
        "200101": "13.67",
        "200102": "14.66",
        "200103": "14.99",
        "200104": "14.55",
        "200105": "13.18",
        "200106": "12.86",
        "200107": "11.15",
        "200108": "11.49",
        "200109": "11.64",
        "200110": "11.46",
        "200111": "11.50",
        "200112": "11.25",
        "200201": "11.70",
        "200202": "13.19",
        "200203": "14.87",
        "200204": "15.59",
        "200205": "20.99",
        "200206": "25.53",
        "200207": "26.11",
        "200208": "25.74",
        "200209": "23.90",
        "200210": "23.30",
        "200211": "30.01",
        "200212": "31.28",
        "200301": "32.12",
        "200302": "31.73",
        "200303": "36.28",
        "200304": "35.55",
        "200305": "32.32",
        "200306": "34.11",
        "200307": "32.12",
        "200308": "37.17",
        "200309": "34.61",
        "200310": "34.51",
        "200311": "35.30",
        "200312": "34.10",
        "200401": "34.16",
        "200402": "36.26",
        "200403": "35.65",
        "200404": "33.32",
        "200405": "29.56",
        "200406": "29.02",
        "200407": "28.69",
        "200408": "27.36",
        "200409": "28.83",
        "200410": "28.36",
        "200411": "26.20",
        "200412": "25.30",
        "200501": "27.23",
        "200502": "33.75",
        "200503": "31.46",
        "200504": "28.96",
        "200505": "27.94",
        "200506": "28.07",
        "200507": "25.58",
        "200508": "24.27",
        "200509": "23.47",
        "200510": "22.84",
        "200511": "21.94",
        "200512": "22.18",
        "200601": "22.69",
        "200602": "22.22",
        "200603": "21.32",
        "200604": "24.52",
        "200605": "26.18",
        "200606": "23.07",
        "200607": "21.95",
        "200608": "22.03",
        "200609": "23.42",
        "200610": "24.78",
        "200611": "24.05",
        "200612": "24.84",
        "200701": "25.30",
        "200702": "25.04",
        "200703": "24.47",
        "200704": "24.90",
        "200705": "24.37",
        "200706": "23.93",
        "200707": "25.64",
        "200708": "23.73",
        "200709": "23.75",
        "200710": "23.15",
        "200711": "22.03",
        "200712": "21.06",
        "200801": "20.55",
        "200802": "20.10",
        "200803": "20.60",
        "200804": "21.48",
        "200805": "21.70",
        "200806": "20.31",
        "200807": "18.07",
        "200808": "16.73",
        "200809": "16.02",
        "200810": "12.59",
        "200811": "11.25",
        "200812": "11.68",
        "200901": "11.72",
        "200902": "12.23",
        "200903": "13.88",
        "200904": "15.90",
        "200905": "17.80",
        "200906": "17.97",
        "200907": "18.50",
        "200908": "19.42",
        "200909": "21.50",
        "200910": "23.34",
        "200911": "42.54",
        "200912": "54.77",
        "201001": "50.96",
        "201002": "42.16",
        "201003": "47.60",
        "201004": "59.95",
        "201005": "49.08",
        "201006": "44.15",
        "201007": "47.14",
        "201008": "55.76",
        "201009": "53.38",
        "201010": "57.34",
        "201011": "53.18",
        "201012": "57.00",
        "201101": "55.00",
        "201102": "53.19",
        "201103": "53.30",
        "201104": "55.73",
        "201105": "62.21",
        "201106": "59.69",
        "201107": "63.11",
        "201108": "51.19",
        "201109": "42.89",
        "201110": "42.55",
        "201111": "44.83",
        "201112": "38.57",
        "201201": "40.89",
        "201202": "47.99",
        "201203": "46.98",
        "201204": "41.95",
        "201205": "43.57",
        "201206": "44.50",
        "201207": "44.51",
        "201208": "47.35",
        "201209": "52.76",
        "201210": "49.67",
        "201211": "45.80",
        "201212": "46.12",
        "201301": "45.66",
        "201302": "46.75",
        "201303": "47.05",
        "201304": "44.78",
        "201305": "42.31",
        "201306": "39.02",
        "201307": "40.02",
        "201308": "40.79",
        "201309": "42.15",
        "201310": "49.58",
        "201311": "53.24",
        "201312": "77.59",
        "201401": "87.71",
        "201402": "85.48",
        "201403": "82.50",
        "201404": "75.58",
        "201405": "70.04",
        "201406": "78.02",
        "201407": "72.82",
        "201408": "67.65",
        "201409": "67.75",
        "201410": "59.84",
        "201411": "56.19",
        "201412": "65.49",
        "201501": "62.32",
        "201502": "60.86",
        "201503": "61.13",
        "201504": "70.30",
        "201505": "74.62",
        "201506": "84.26",
        "201507": "68.80",
        "201508": "64.36",
        "201509": "64.78",
        "201510": "80.02",
        "201511": "82.93",
        "201512": "83.54",
        "201601": "79.04",
        "201602": "85.03",
        "201603": "98.65",
        "201604": "123.00",
        "201605": "124.86",
        "201606": "127.17",
        "201607": "117.65",
        "201608": "134.35",
        "201609": "138.21",
        "201610": "122.05",
        "201611": "113.34",
        "201612": "114.70",
        "201701": "111.03",
        "201702": "106.75",
        "201703": "109.83",
        "201704": "108.00",
        "201705": "109.94",
        "201706": "116.80",
        "201707": "117.40",
        "201708": "110.63",
        "201709": "104.50",
        "201710": "103.07",
        "201711": "102.41",
        "201712": "93.98",
        "201801": "90.62",
        "201802": "84.01",
        "201803": "80.83",
        "201804": "82.71",
        "201805": "80.30",
        "201806": "75.04",
        "201807": "70.12",
        "201808": "69.10",
        "201809": "64.88",
        "201810": "55.54",
        "201811": "53.50",
        "201812": "56.77",
        "201901": "60.57",
        "201902": "62.24",
        "201903": "64.46",
        "201904": "69.30",
        "201905": "59.92",
        "201906": "56.15",
        "201907": "59.51",
        "201908": "53.79",
        "201909": "56.72",
        "201910": "54.88",
        "201911": "55.98",
        "201912": "55.31",
        "202001": "55.16",
        "202002": "49.97",
        "202003": "43.57",
        "202004": "42.48",
        "202005": "45.25",
        "202006": "48.81",
        "202007": "47.92",
        "202008": "54.65",
        "202009": "67.36",
        "202010": "66.27",
        "202011": "66.74",
        "202012": "66.10",
        "202101": "70.52",
        "202102": "68.05",
        "202103": "72.21",
        "202104": "78.75",
        "202105": "64.71",
        "202106": "69.79",
        "202107": "72.65",
        "202108": "66.15",
        "202109": "62.56",
        "202110": "62.00",
        "202111": "60.84",
        "202112": "60.00",
        "202201": "59.92",
        "202202": "59.43",
        "202203": "59.93",
        "202204": "59.28",
        "202205": "57.26",
        "202206": "58.89",
        "202207": "59.47",
        "202208": "61.82",
        "202209": "61.65",
        "202210": "55.23",
        "202211": "56.56",
        "202212": "58.22",
        "202301": "57.32",
        "202302": "60.42",
        "202303": "63.22",
        "202304": "68.22",
        "202305": "81.34",
        "202306": "111.60"
    },
    "quarters": {
        "20011": {
            "year_quarter": 20011,
            "year": 2001,
            "quarter": 1,
            "eps": 0.1,
            "eps_growth_year": -69.7,
            "eps_4q": 1.45,
            "eps_4q_growth_year": -18.68,
            "roe": 0.47,
            "roe_4q": 0.47,
            "gross_profit": 14267,
            "gross_margin": 8.8,
            "gross_margin_4q_avg": 8.8,
            "net_income": 3916,
            "revenue": 162033,
            "common_shares": 410571,
            "book_valuer_per_share": 20.26,
            "book_valuer_per_share_4q_avg": 20.26,
            "equity": 831896,
            "current_ratio": 426.84,
            "debt_ratio": 21.06,
            "inventory_turnover_ratio": 1.21,
            "account_receivable_turnover_ratio": null,
            "reinvestment_rate": null,
            "research_to_sale_ratio": null,
            "price_fair": 0,
            "eps_avg_yearly": 0,
            "eps_latest_yearly": 0,
            "eps_growth_yearly": 0
        },
        "20012": {
            "year_quarter": 20012,
            "year": 2001,
            "quarter": 2,
            "eps": 0.59,
            "eps_growth_year": -4.84,
            "eps_4q": 1.35,
            "eps_4q_growth_year": -21.45,
            "roe": 2.96,
            "roe_4q": 3.4299999999999997,
            "gross_profit": 34137,
            "gross_margin": 17.32,
            "gross_margin_4q_avg": 13.06,
            "net_income": 24258,
            "revenue": 197141,
            "common_shares": 410571,
            "book_valuer_per_share": 19.72,
            "book_valuer_per_share_4q_avg": 19.99,
            "equity": 809692,
            "current_ratio": 294.31,
            "debt_ratio": 27.32,
            "inventory_turnover_ratio": 1.44,
            "account_receivable_turnover_ratio": null,
            "reinvestment_rate": null,
            "research_to_sale_ratio": null,
            "price_fair": 0,
            "eps_avg_yearly": 0,
            "eps_latest_yearly": 0,
            "eps_growth_yearly": 0
        },
        "20013": {
            "year_quarter": 20013,
            "year": 2001,
            "quarter": 3,
            "eps": 0.04,
            "eps_growth_year": -85.71,
            "eps_4q": 1.21,
            "eps_4q_growth_year": -28.15,
            "roe": 0.19,
            "roe_4q": 3.62,
            "gross_profit": 21899,
            "gross_margin": 13.04,
            "gross_margin_4q_avg": 13.05,
            "net_income": 1508,
            "revenue": 167917,
            "common_shares": 410571,
            "book_valuer_per_share": 19.76,
            "book_valuer_per_share_4q_avg": 19.91,
            "equity": 811200,
            "current_ratio": 351.66,
            "debt_ratio": 24.33,
            "inventory_turnover_ratio": 1.28,
            "account_receivable_turnover_ratio": null,
            "reinvestment_rate": null,
            "research_to_sale_ratio": null,
            "price_fair": 0,
            "eps_avg_yearly": 0,
            "eps_latest_yearly": 0,
            "eps_growth_yearly": 0
        },
        "20014": {
            "year_quarter": 20014,
            "year": 2001,
            "quarter": 4,
            "eps": 0.64,
            "eps_growth_year": 68.42,
            "eps_4q": 1.37,
            "eps_4q_growth_year": -14.85,
            "roe": 3.18,
            "roe_4q": 6.8,
            "gross_profit": 33358,
            "gross_margin": 16.42,
            "gross_margin_4q_avg": 13.9,
            "net_income": 26186,
            "revenue": 203129,
            "common_shares": 410571,
            "book_valuer_per_share": 20.37,
            "book_valuer_per_share_4q_avg": 20.03,
            "equity": 836280,
            "current_ratio": 366.93,
            "debt_ratio": 23.76,
            "inventory_turnover_ratio": 1.58,
            "account_receivable_turnover_ratio": null,
            "reinvestment_rate": null,
            "research_to_sale_ratio": null,
            "price_fair": 0,
            "eps_avg_yearly": 0,
            "eps_latest_yearly": 0,
            "eps_growth_yearly": 0
        },
        "20021": {
            "year_quarter": 20021,
            "year": 2002,
            "quarter": 1,
            "eps": 0.52,
            "eps_growth_year": 420,
            "eps_4q": 1.79,
            "eps_4q_growth_year": 22.88,
            "roe": 2.52,
            "roe_4q": 8.850000000000001,
            "gross_profit": 38408,
            "gross_margin": 17.84,
            "gross_margin_4q_avg": 16.16,
            "net_income": 21335,
            "revenue": 215243,
            "common_shares": 410571,
            "book_valuer_per_share": 20.89,
            "book_valuer_per_share_4q_avg": 20.19,
            "equity": 857615,
            "current_ratio": 364.52,
            "debt_ratio": 24.5,
            "inventory_turnover_ratio": 1.7,
            "account_receivable_turnover_ratio": null,
            "reinvestment_rate": null,
            "research_to_sale_ratio": null,
            "price_fair": 6.24,
            "eps_avg_yearly": 2.08,
            "eps_latest_yearly": 2.08,
            "eps_growth_yearly": -75
        },
        "20022": {
            "year_quarter": 20022,
            "year": 2002,
            "quarter": 2,
            "eps": 0.82,
            "eps_growth_year": 38.98,
            "eps_4q": 2.01,
            "eps_4q_growth_year": 48.57,
            "roe": 3.96,
            "roe_4q": 9.85,
            "gross_profit": 39551,
            "gross_margin": 15.28,
            "gross_margin_4q_avg": 15.65,
            "net_income": 33845,
            "revenue": 258809,
            "common_shares": 410571,
            "book_valuer_per_share": 20.7,
            "book_valuer_per_share_4q_avg": 20.43,
            "equity": 849928,
            "current_ratio": 262.43,
            "debt_ratio": 31.13,
            "inventory_turnover_ratio": 2.19,
            "account_receivable_turnover_ratio": null,
            "reinvestment_rate": null,
            "research_to_sale_ratio": null,
            "price_fair": 93.8,
            "eps_avg_yearly": 2.68,
            "eps_latest_yearly": 3.28,
            "eps_growth_yearly": 77.88
        },
        "20023": {
            "year_quarter": 20023,
            "year": 2002,
            "quarter": 3,
            "eps": 0.23,
            "eps_growth_year": 475,
            "eps_4q": 2.18,
            "eps_4q_growth_year": 80.51,
            "roe": 1.12,
            "roe_4q": 10.78,
            "gross_profit": 30910,
            "gross_margin": 12.48,
            "gross_margin_4q_avg": 15.51,
            "net_income": 9613,
            "revenue": 247612,
            "common_shares": 410571,
            "book_valuer_per_share": 20.94,
            "book_valuer_per_share_4q_avg": 20.73,
            "equity": 859541,
            "current_ratio": 288.89,
            "debt_ratio": 29.29,
            "inventory_turnover_ratio": 2.41,
            "account_receivable_turnover_ratio": null,
            "reinvestment_rate": null,
            "research_to_sale_ratio": null,
            "price_fair": 6.28,
            "eps_avg_yearly": 2.09,
            "eps_latest_yearly": 0.92,
            "eps_growth_yearly": -44.01
        },
        "20024": {
            "year_quarter": 20024,
            "year": 2002,
            "quarter": 4,
            "eps": 1.42,
            "eps_growth_year": 121.88,
            "eps_4q": 3,
            "eps_4q_growth_year": 119.7,
            "roe": 6.54,
            "roe_4q": 14.14,
            "gross_profit": 54017,
            "gross_margin": 19.98,
            "gross_margin_4q_avg": 16.4,
            "net_income": 58235,
            "revenue": 270345,
            "common_shares": 410571,
            "book_valuer_per_share": 22.46,
            "book_valuer_per_share_4q_avg": 21.25,
            "equity": 922227,
            "current_ratio": 285.35,
            "debt_ratio": 27.84,
            "inventory_turnover_ratio": 2.35,
            "account_receivable_turnover_ratio": null,
            "reinvestment_rate": -24.47,
            "research_to_sale_ratio": null,
            "price_fair": 104.65,
            "eps_avg_yearly": 2.99,
            "eps_latest_yearly": 5.68,
            "eps_growth_yearly": 484.38
        },
        "20031": {
            "year_quarter": 20031,
            "year": 2003,
            "quarter": 1,
            "eps": 0.52,
            "eps_growth_year": 0,
            "eps_4q": 2.99,
            "eps_4q_growth_year": 67.11,
            "roe": 2.3,
            "roe_4q": 13.920000000000002,
            "gross_profit": 39374,
            "gross_margin": 14.76,
            "gross_margin_4q_avg": 15.63,
            "net_income": 21452,
            "revenue": 266754,
            "common_shares": 410571,
            "book_valuer_per_share": 22.98,
            "book_valuer_per_share_4q_avg": 21.77,
            "equity": 943642,
            "current_ratio": 295.6,
            "debt_ratio": 27.18,
            "inventory_turnover_ratio": 2.24,
            "account_receivable_turnover_ratio": null,
            "reinvestment_rate": -23.44,
            "research_to_sale_ratio": null,
            "price_fair": 98.28,
            "eps_avg_yearly": 2.81,
            "eps_latest_yearly": 2.08,
            "eps_growth_yearly": 336.8
        },
        "20032": {
            "year_quarter": 20032,
            "year": 2003,
            "quarter": 2,
            "eps": 1.47,
            "eps_growth_year": 79.27,
            "eps_4q": 3.42,
            "eps_4q_growth_year": 70.53,
            "roe": 6.96,
            "roe_4q": 16.92,
            "gross_profit": 57418,
            "gross_margin": 19.47,
            "gross_margin_4q_avg": 16.67,
            "net_income": 67182,
            "revenue": 294951,
            "common_shares": 410571,
            "book_valuer_per_share": 24.06,
            "book_valuer_per_share_4q_avg": 22.61,
            "equity": 987656,
            "current_ratio": 261.31,
            "debt_ratio": 28.55,
            "inventory_turnover_ratio": 2.15,
            "account_receivable_turnover_ratio": null,
            "reinvestment_rate": -20.19,
            "research_to_sale_ratio": null,
            "price_fair": 116.2,
            "eps_avg_yearly": 3.32,
            "eps_latest_yearly": 5.88,
            "eps_growth_yearly": 402.46
        },
        "20033": {
            "year_quarter": 20033,
            "year": 2003,
            "quarter": 3,
            "eps": 0.32,
            "eps_growth_year": 39.13,
            "eps_4q": 3.56,
            "eps_4q_growth_year": 63.57,
            "roe": 1.46,
            "roe_4q": 17.259999999999998,
            "gross_profit": 39722,
            "gross_margin": 16.6,
            "gross_margin_4q_avg": 17.7,
            "net_income": 14503,
            "revenue": 239334,
            "common_shares": 457100,
            "book_valuer_per_share": 21.76,
            "book_valuer_per_share_4q_avg": 22.82,
            "equity": 994667,
            "current_ratio": 288.9,
            "debt_ratio": 26.05,
            "inventory_turnover_ratio": 1.66,
            "account_receivable_turnover_ratio": null,
            "reinvestment_rate": -20.36,
            "research_to_sale_ratio": null,
            "price_fair": 106,
            "eps_avg_yearly": 3.03,
            "eps_latest_yearly": 1.28,
            "eps_growth_yearly": 300.26
        },
        "20034": {
            "year_quarter": 20034,
            "year": 2003,
            "quarter": 4,
            "eps": 1.07,
            "eps_growth_year": -24.65,
            "eps_4q": 3.32,
            "eps_4q_growth_year": 10.65,
            "roe": 4.63,
            "roe_4q": 15.350000000000001,
            "gross_profit": 49630,
            "gross_margin": 17.15,
            "gross_margin_4q_avg": 17,
            "net_income": 49058,
            "revenue": 289383,
            "common_shares": 457100,
            "book_valuer_per_share": 24.62,
            "book_valuer_per_share_4q_avg": 23.36,
            "equity": 1125372,
            "current_ratio": 241.52,
            "debt_ratio": 31.82,
            "inventory_turnover_ratio": 1.83,
            "account_receivable_turnover_ratio": null,
            "reinvestment_rate": 22.36,
            "research_to_sale_ratio": null,
            "price_fair": 111.48,
            "eps_avg_yearly": 3.19,
            "eps_latest_yearly": 4.28,
            "eps_growth_yearly": 379.92
        },
        "20041": {
            "year_quarter": 20041,
            "year": 2004,
            "quarter": 1,
            "eps": 0.7,
            "eps_growth_year": 34.62,
            "eps_4q": 3.57,
            "eps_4q_growth_year": 19.45,
            "roe": 2.81,
            "roe_4q": 15.86,
            "gross_profit": 58173,
            "gross_margin": 18.66,
            "gross_margin_4q_avg": 17.97,
            "net_income": 31938,
            "revenue": 311780,
            "common_shares": 457100,
            "book_valuer_per_share": 25.09,
            "book_valuer_per_share_4q_avg": 23.88,
            "equity": 1146875,
            "current_ratio": 250.31,
            "debt_ratio": 31.73,
            "inventory_turnover_ratio": 1.56,
            "account_receivable_turnover_ratio": null,
            "reinvestment_rate": 20.99,
            "research_to_sale_ratio": null,
            "price_fair": 109.98,
            "eps_avg_yearly": 3.14,
            "eps_latest_yearly": 2.8,
            "eps_growth_yearly": 322.34
        },
        "20042": {
            "year_quarter": 20042,
            "year": 2004,
            "quarter": 2,
            "eps": 1.45,
            "eps_growth_year": -1.36,
            "eps_4q": 3.35,
            "eps_4q_growth_year": -2.22,
            "roe": 6.23,
            "roe_4q": 15.130000000000003,
            "gross_profit": 85627,
            "gross_margin": 18.28,
            "gross_margin_4q_avg": 17.67,
            "net_income": 72961,
            "revenue": 468484,
            "common_shares": 457100,
            "book_valuer_per_share": 26.19,
            "book_valuer_per_share_4q_avg": 24.42,
            "equity": 1197202,
            "current_ratio": 203.53,
            "debt_ratio": 35.48,
            "inventory_turnover_ratio": 2.09,
            "account_receivable_turnover_ratio": null,
            "reinvestment_rate": 26.66,
            "research_to_sale_ratio": null,
            "price_fair": 119.28,
            "eps_avg_yearly": 3.41,
            "eps_latest_yearly": 5.8,
            "eps_growth_yearly": 332.96
        },
        "20043": {
            "year_quarter": 20043,
            "year": 2004,
            "quarter": 3,
            "eps": 0.48,
            "eps_growth_year": 50,
            "eps_4q": 3.51,
            "eps_4q_growth_year": -1.4,
            "roe": 2.01,
            "roe_4q": 15.68,
            "gross_profit": 50205,
            "gross_margin": 13.22,
            "gross_margin_4q_avg": 16.83,
            "net_income": 24384,
            "revenue": 379668,
            "common_shares": 502810,
            "book_valuer_per_share": 24.35,
            "book_valuer_per_share_4q_avg": 25.06,
            "equity": 1224165,
            "current_ratio": 216.84,
            "debt_ratio": 31.26,
            "inventory_turnover_ratio": 1.89,
            "account_receivable_turnover_ratio": null,
            "reinvestment_rate": 28.56,
            "research_to_sale_ratio": null,
            "price_fair": 114.55,
            "eps_avg_yearly": 3.27,
            "eps_latest_yearly": 1.92,
            "eps_growth_yearly": 278.37
        },
        "20044": {
            "year_quarter": 20044,
            "year": 2004,
            "quarter": 4,
            "eps": 0.88,
            "eps_growth_year": -17.76,
            "eps_4q": 3.46,
            "eps_4q_growth_year": 4.26,
            "roe": 3.58,
            "roe_4q": 14.63,
            "gross_profit": 61426,
            "gross_margin": 16.14,
            "gross_margin_4q_avg": 16.58,
            "net_income": 44081,
            "revenue": 380531,
            "common_shares": 502810,
            "book_valuer_per_share": 24.7,
            "book_valuer_per_share_4q_avg": 25.08,
            "equity": 1241723,
            "current_ratio": 233.96,
            "debt_ratio": 32.24,
            "inventory_turnover_ratio": 1.88,
            "account_receivable_turnover_ratio": null,
            "reinvestment_rate": 34.28,
            "research_to_sale_ratio": null,
            "price_fair": 115.27,
            "eps_avg_yearly": 3.29,
            "eps_latest_yearly": 3.52,
            "eps_growth_yearly": 282.95
        },
        "20051": {
            "year_quarter": 20051,
            "year": 2005,
            "quarter": 1,
            "eps": 0.42,
            "eps_growth_year": -40,
            "eps_4q": 3.22,
            "eps_4q_growth_year": -9.7,
            "roe": 1.66,
            "roe_4q": 13.48,
            "gross_profit": 47213,
            "gross_margin": 11.02,
            "gross_margin_4q_avg": 14.67,
            "net_income": 21217,
            "revenue": 428412,
            "common_shares": 502810,
            "book_valuer_per_share": 26.09,
            "book_valuer_per_share_4q_avg": 25.33,
            "equity": 1311640,
            "current_ratio": 208.89,
            "debt_ratio": 30.59,
            "inventory_turnover_ratio": 2.04,
            "account_receivable_turnover_ratio": null,
            "reinvestment_rate": 34.41,
            "research_to_sale_ratio": null,
            "price_fair": 110.92,
            "eps_avg_yearly": 3.17,
            "eps_latest_yearly": 1.68,
            "eps_growth_yearly": 245.1
        },
        "20052": {
            "year_quarter": 20052,
            "year": 2005,
            "quarter": 2,
            "eps": 0.74,
            "eps_growth_year": -48.97,
            "eps_4q": 2.35,
            "eps_4q_growth_year": -29.76,
            "roe": 3.13,
            "roe_4q": 10.38,
            "gross_profit": 55832,
            "gross_margin": 12.43,
            "gross_margin_4q_avg": 13.2,
            "net_income": 41184,
            "revenue": 449283,
            "common_shares": 502810,
            "book_valuer_per_share": 26.26,
            "book_valuer_per_share_4q_avg": 25.35,
            "equity": 1320323,
            "current_ratio": 199.02,
            "debt_ratio": 30.93,
            "inventory_turnover_ratio": 1.96,
            "account_receivable_turnover_ratio": null,
            "reinvestment_rate": 37.87,
            "research_to_sale_ratio": null,
            "price_fair": 110.4,
            "eps_avg_yearly": 3.15,
            "eps_latest_yearly": 2.96,
            "eps_growth_yearly": 249.36
        },
        "20053": {
            "year_quarter": 20053,
            "year": 2005,
            "quarter": 3,
            "eps": 0.33,
            "eps_growth_year": -31.25,
            "eps_4q": 2.23,
            "eps_4q_growth_year": -36.5,
            "roe": 1.38,
            "roe_4q": 9.75,
            "gross_profit": 40180,
            "gross_margin": 11.32,
            "gross_margin_4q_avg": 12.73,
            "net_income": 18503,
            "revenue": 354948,
            "common_shares": 553091,
            "book_valuer_per_share": 24.56,
            "book_valuer_per_share_4q_avg": 25.4,
            "equity": 1358508,
            "current_ratio": 206.44,
            "debt_ratio": 29.78,
            "inventory_turnover_ratio": 1.47,
            "account_receivable_turnover_ratio": null,
            "reinvestment_rate": 39.59,
            "research_to_sale_ratio": null,
            "price_fair": 106.12,
            "eps_avg_yearly": 3.03,
            "eps_latest_yearly": 1.32,
            "eps_growth_yearly": 217.96
        },
        "20054": {
            "year_quarter": 20054,
            "year": 2005,
            "quarter": 4,
            "eps": 1.34,
            "eps_growth_year": 52.27,
            "eps_4q": 2.8,
            "eps_4q_growth_year": -18.97,
            "roe": 5.29,
            "roe_4q": 11.46,
            "gross_profit": 57499,
            "gross_margin": 14.62,
            "gross_margin_4q_avg": 12.35,
            "net_income": 74027,
            "revenue": 393411,
            "common_shares": 553091,
            "book_valuer_per_share": 26.02,
            "book_valuer_per_share_4q_avg": 25.73,
            "equity": 1438986,
            "current_ratio": 209.43,
            "debt_ratio": 30.84,
            "inventory_turnover_ratio": 1.44,
            "account_receivable_turnover_ratio": null,
            "reinvestment_rate": 41.59,
            "research_to_sale_ratio": null,
            "price_fair": 111.21,
            "eps_avg_yearly": 3.18,
            "eps_latest_yearly": 5.36,
            "eps_growth_yearly": 280.85
        },
        "20061": {
            "year_quarter": 20061,
            "year": 2006,
            "quarter": 1,
            "eps": 0.65,
            "eps_growth_year": 54.76,
            "eps_4q": 3.09,
            "eps_4q_growth_year": -4.14,
            "roe": 2.45,
            "roe_4q": 12.25,
            "gross_profit": 54246,
            "gross_margin": 14.34,
            "gross_margin_4q_avg": 13.18,
            "net_income": 35675,
            "revenue": 378369,
            "common_shares": 553091,
            "book_valuer_per_share": 26.64,
            "book_valuer_per_share_4q_avg": 25.87,
            "equity": 1473465,
            "current_ratio": 224.07,
            "debt_ratio": 27.61,
            "inventory_turnover_ratio": 1.31,
            "account_receivable_turnover_ratio": null,
            "reinvestment_rate": 41.74,
            "research_to_sale_ratio": null,
            "price_fair": 112.35,
            "eps_avg_yearly": 3.21,
            "eps_latest_yearly": 2.6,
            "eps_growth_yearly": 272.67
        },
        "20062": {
            "year_quarter": 20062,
            "year": 2006,
            "quarter": 2,
            "eps": 1.06,
            "eps_growth_year": 43.24,
            "eps_4q": 3.28,
            "eps_4q_growth_year": 39.37,
            "roe": 4.16,
            "roe_4q": 13.280000000000001,
            "gross_profit": 43223,
            "gross_margin": 12.91,
            "gross_margin_4q_avg": 13.3,
            "net_income": 61296,
            "revenue": 334877,
            "common_shares": 553091,
            "book_valuer_per_share": 26.61,
            "book_valuer_per_share_4q_avg": 25.96,
            "equity": 1471891,
            "current_ratio": 196.24,
            "debt_ratio": 29.97,
            "inventory_turnover_ratio": 1.1,
            "account_receivable_turnover_ratio": null,
            "reinvestment_rate": 41.11,
            "research_to_sale_ratio": null,
            "price_fair": 114.45,
            "eps_avg_yearly": 3.27,
            "eps_latest_yearly": 4.24,
            "eps_growth_yearly": 274.01
        },
        "20063": {
            "year_quarter": 20063,
            "year": 2006,
            "quarter": 3,
            "eps": 0.1,
            "eps_growth_year": -69.7,
            "eps_4q": 2.92,
            "eps_4q_growth_year": 30.95,
            "roe": 0.41,
            "roe_4q": 12.31,
            "gross_profit": 26390,
            "gross_margin": 8.6,
            "gross_margin_4q_avg": 12.62,
            "net_income": 6066,
            "revenue": 306796,
            "common_shares": 580746,
            "book_valuer_per_share": 25.8,
            "book_valuer_per_share_4q_avg": 26.27,
            "equity": 1498175,
            "current_ratio": 203.57,
            "debt_ratio": 28.29,
            "inventory_turnover_ratio": 1,
            "account_receivable_turnover_ratio": null,
            "reinvestment_rate": 42.7,
            "research_to_sale_ratio": null,
            "price_fair": 113.31,
            "eps_avg_yearly": 3.24,
            "eps_latest_yearly": 0.4,
            "eps_growth_yearly": 269.36
        },
        "20064": {
            "year_quarter": 20064,
            "year": 2006,
            "quarter": 4,
            "eps": 0.4,
            "eps_growth_year": -70.15,
            "eps_4q": 2.18,
            "eps_4q_growth_year": -22.39,
            "roe": 1.54,
            "roe_4q": 8.56,
            "gross_profit": 26364,
            "gross_margin": 7.34,
            "gross_margin_4q_avg": 10.8,
            "net_income": 23201,
            "revenue": 359283,
            "common_shares": 580746,
            "book_valuer_per_share": 26.14,
            "book_valuer_per_share_4q_avg": 26.3,
            "equity": 1518034,
            "current_ratio": 191.24,
            "debt_ratio": 30.38,
            "inventory_turnover_ratio": 1.2,
            "account_receivable_turnover_ratio": null,
            "reinvestment_rate": 45.34,
            "research_to_sale_ratio": null,
            "price_fair": 104.39,
            "eps_avg_yearly": 2.98,
            "eps_latest_yearly": 1.6,
            "eps_growth_yearly": 215.01
        },
        "20071": {
            "year_quarter": 20071,
            "year": 2007,
            "quarter": 1,
            "eps": 0.32,
            "eps_growth_year": -50.77,
            "eps_4q": 1.89,
            "eps_4q_growth_year": -38.81,
            "roe": 1.2,
            "roe_4q": 7.3100000000000005,
            "gross_profit": 13495,
            "gross_margin": 5.98,
            "gross_margin_4q_avg": 8.71,
            "net_income": 18478,
            "revenue": 225752,
            "common_shares": 580746,
            "book_valuer_per_share": 26.75,
            "book_valuer_per_share_4q_avg": 26.33,
            "equity": 1553231,
            "current_ratio": 202.26,
            "debt_ratio": 27.36,
            "inventory_turnover_ratio": 0.75,
            "account_receivable_turnover_ratio": null,
            "reinvestment_rate": 46.28,
            "research_to_sale_ratio": null,
            "price_fair": 102.64,
            "eps_avg_yearly": 2.93,
            "eps_latest_yearly": 1.28,
            "eps_growth_yearly": 225.86
        },
        "20072": {
            "year_quarter": 20072,
            "year": 2007,
            "quarter": 2,
            "eps": 0.43,
            "eps_growth_year": -59.43,
            "eps_4q": 1.25,
            "eps_4q_growth_year": -61.97,
            "roe": 1.62,
            "roe_4q": 4.7700000000000005,
            "gross_profit": 23287,
            "gross_margin": 8.4,
            "gross_margin_4q_avg": 7.58,
            "net_income": 25151,
            "revenue": 277324,
            "common_shares": 580746,
            "book_valuer_per_share": 26.69,
            "book_valuer_per_share_4q_avg": 26.35,
            "equity": 1549928,
            "current_ratio": 191.95,
            "debt_ratio": 25.73,
            "inventory_turnover_ratio": 0.89,
            "account_receivable_turnover_ratio": null,
            "reinvestment_rate": 50.16,
            "research_to_sale_ratio": null,
            "price_fair": 93.54,
            "eps_avg_yearly": 2.67,
            "eps_latest_yearly": 1.72,
            "eps_growth_yearly": 188.78
        },
        "20073": {
            "year_quarter": 20073,
            "year": 2007,
            "quarter": 3,
            "eps": 0.39,
            "eps_growth_year": 290,
            "eps_4q": 1.49,
            "eps_4q_growth_year": -48.88,
            "roe": 1.51,
            "roe_4q": 5.87,
            "gross_profit": 22451,
            "gross_margin": 10.38,
            "gross_margin_4q_avg": 8.03,
            "net_income": 23646,
            "revenue": 216234,
            "common_shares": 609783,
            "book_valuer_per_share": 25.89,
            "book_valuer_per_share_4q_avg": 26.37,
            "equity": 1578686,
            "current_ratio": 197.75,
            "debt_ratio": 25.13,
            "inventory_turnover_ratio": 0.68,
            "account_receivable_turnover_ratio": null,
            "reinvestment_rate": 48.56,
            "research_to_sale_ratio": null,
            "price_fair": 94.15,
            "eps_avg_yearly": 2.69,
            "eps_latest_yearly": 1.56,
            "eps_growth_yearly": 206.01
        },
        "20074": {
            "year_quarter": 20074,
            "year": 2007,
            "quarter": 4,
            "eps": 0.71,
            "eps_growth_year": 77.5,
            "eps_4q": 1.82,
            "eps_4q_growth_year": -16.5,
            "roe": 2.68,
            "roe_4q": 7.010000000000001,
            "gross_profit": 43158,
            "gross_margin": 8.31,
            "gross_margin_4q_avg": 8.27,
            "net_income": 43134,
            "revenue": 519602,
            "common_shares": 609783,
            "book_valuer_per_share": 26.88,
            "book_valuer_per_share_4q_avg": 26.55,
            "equity": 1639012,
            "current_ratio": 203.91,
            "debt_ratio": 27.15,
            "inventory_turnover_ratio": 1.9,
            "account_receivable_turnover_ratio": null,
            "reinvestment_rate": 18.32,
            "research_to_sale_ratio": null,
            "price_fair": 91,
            "eps_avg_yearly": 2.6,
            "eps_latest_yearly": 2.84,
            "eps_growth_yearly": 167.93
        },
        "20081": {
            "year_quarter": 20081,
            "year": 2008,
            "quarter": 1,
            "eps": 0.28,
            "eps_growth_year": -12.5,
            "eps_4q": 1.79,
            "eps_4q_growth_year": -5.14,
            "roe": 1.04,
            "roe_4q": 6.8500000000000005,
            "gross_profit": 8532,
            "gross_margin": 3.71,
            "gross_margin_4q_avg": 7.7,
            "net_income": 17033,
            "revenue": 230173,
            "common_shares": 609783,
            "book_valuer_per_share": 26.81,
            "book_valuer_per_share_4q_avg": 26.57,
            "equity": 1634539,
            "current_ratio": 219,
            "debt_ratio": 25.61,
            "inventory_turnover_ratio": 1.03,
            "account_receivable_turnover_ratio": null,
            "reinvestment_rate": 16.9,
            "research_to_sale_ratio": null,
            "price_fair": 87.33,
            "eps_avg_yearly": 2.5,
            "eps_latest_yearly": 1.12,
            "eps_growth_yearly": 161.43
        },
        "20082": {
            "year_quarter": 20082,
            "year": 2008,
            "quarter": 2,
            "eps": 0.71,
            "eps_growth_year": 65.12,
            "eps_4q": 2.08,
            "eps_4q_growth_year": 67.11,
            "roe": 2.63,
            "roe_4q": 7.859999999999999,
            "gross_profit": 26396,
            "gross_margin": 9.01,
            "gross_margin_4q_avg": 7.85,
            "net_income": 43350,
            "revenue": 293113,
            "common_shares": 609783,
            "book_valuer_per_share": 27.2,
            "book_valuer_per_share_4q_avg": 26.7,
            "equity": 1658310,
            "current_ratio": 224.39,
            "debt_ratio": 24.6,
            "inventory_turnover_ratio": 1.2,
            "account_receivable_turnover_ratio": null,
            "reinvestment_rate": 8.72,
            "research_to_sale_ratio": null,
            "price_fair": 80.85,
            "eps_avg_yearly": 2.31,
            "eps_latest_yearly": 2.84,
            "eps_growth_yearly": 173.04
        },
        "20083": {
            "year_quarter": 20083,
            "year": 2008,
            "quarter": 3,
            "eps": 0.23,
            "eps_growth_year": -41.03,
            "eps_4q": 1.83,
            "eps_4q_growth_year": 22.7,
            "roe": 0.88,
            "roe_4q": 7.23,
            "gross_profit": -3706,
            "gross_margin": -1.99,
            "gross_margin_4q_avg": 4.76,
            "net_income": 14871,
            "revenue": 186568,
            "common_shares": 640272,
            "book_valuer_per_share": 26.99,
            "book_valuer_per_share_4q_avg": 26.97,
            "equity": 1727843,
            "current_ratio": 275.16,
            "debt_ratio": 20.41,
            "inventory_turnover_ratio": 0.86,
            "account_receivable_turnover_ratio": null,
            "reinvestment_rate": 4.71,
            "research_to_sale_ratio": null,
            "price_fair": 78.66,
            "eps_avg_yearly": 2.25,
            "eps_latest_yearly": 0.92,
            "eps_growth_yearly": 172.86
        },
        "20084": {
            "year_quarter": 20084,
            "year": 2008,
            "quarter": 4,
            "eps": 0.55,
            "eps_growth_year": -22.54,
            "eps_4q": 1.73,
            "eps_4q_growth_year": -4.83,
            "roe": 2,
            "roe_4q": 6.55,
            "gross_profit": 19616,
            "gross_margin": 8.36,
            "gross_margin_4q_avg": 4.77,
            "net_income": 35088,
            "revenue": 234755,
            "common_shares": 640272,
            "book_valuer_per_share": 27.84,
            "book_valuer_per_share_4q_avg": 27.21,
            "equity": 1782565,
            "current_ratio": 293.83,
            "debt_ratio": 19.6,
            "inventory_turnover_ratio": 0.99,
            "account_receivable_turnover_ratio": 3.54,
            "reinvestment_rate": -3.7,
            "research_to_sale_ratio": null,
            "price_fair": 75.78,
            "eps_avg_yearly": 2.17,
            "eps_latest_yearly": 2.2,
            "eps_growth_yearly": 186.81
        },
        "20091": {
            "year_quarter": 20091,
            "year": 2009,
            "quarter": 1,
            "eps": 0.22,
            "eps_growth_year": -21.43,
            "eps_4q": 1.65,
            "eps_4q_growth_year": -7.63,
            "roe": 0.79,
            "roe_4q": 6.3,
            "gross_profit": -9528,
            "gross_margin": -6.81,
            "gross_margin_4q_avg": 2.14,
            "net_income": 14309,
            "revenue": 139869,
            "common_shares": 640272,
            "book_valuer_per_share": 28.56,
            "book_valuer_per_share_4q_avg": 27.65,
            "equity": 1828569,
            "current_ratio": 306.06,
            "debt_ratio": 16.03,
            "inventory_turnover_ratio": 0.71,
            "account_receivable_turnover_ratio": 1.1,
            "reinvestment_rate": -5.3,
            "research_to_sale_ratio": null,
            "price_fair": 74.03,
            "eps_avg_yearly": 2.12,
            "eps_latest_yearly": 0.88,
            "eps_growth_yearly": 184.88
        },
        "20092": {
            "year_quarter": 20092,
            "year": 2009,
            "quarter": 2,
            "eps": 0.49,
            "eps_growth_year": -30.99,
            "eps_4q": 1.46,
            "eps_4q_growth_year": -29.8,
            "roe": 1.79,
            "roe_4q": 5.46,
            "gross_profit": 7744,
            "gross_margin": 3.79,
            "gross_margin_4q_avg": 0.84,
            "net_income": 32397,
            "revenue": 204325,
            "common_shares": 640272,
            "book_valuer_per_share": 28.03,
            "book_valuer_per_share_4q_avg": 27.86,
            "equity": 1794737,
            "current_ratio": 248.29,
            "debt_ratio": 19.74,
            "inventory_turnover_ratio": 0.96,
            "account_receivable_turnover_ratio": 1.23,
            "reinvestment_rate": -11.2,
            "research_to_sale_ratio": null,
            "price_fair": 71.84,
            "eps_avg_yearly": 2.05,
            "eps_latest_yearly": 1.96,
            "eps_growth_yearly": 196.51
        },
        "20093": {
            "year_quarter": 20093,
            "year": 2009,
            "quarter": 3,
            "eps": 1.1,
            "eps_growth_year": 378.26,
            "eps_4q": 2.34,
            "eps_4q_growth_year": 28,
            "roe": 3.98,
            "roe_4q": 8.559999999999999,
            "gross_profit": 31160,
            "gross_margin": 11.82,
            "gross_margin_4q_avg": 4.29,
            "net_income": 72344,
            "revenue": 263583,
            "common_shares": 659480,
            "book_valuer_per_share": 27.98,
            "book_valuer_per_share_4q_avg": 28.1,
            "equity": 1845167,
            "current_ratio": 254.75,
            "debt_ratio": 19.3,
            "inventory_turnover_ratio": 1.23,
            "account_receivable_turnover_ratio": 1.21,
            "reinvestment_rate": -14.57,
            "research_to_sale_ratio": null,
            "price_fair": 78.58,
            "eps_avg_yearly": 2.25,
            "eps_latest_yearly": 4.4,
            "eps_growth_yearly": 241.49
        },
        "20094": {
            "year_quarter": 20094,
            "year": 2009,
            "quarter": 4,
            "eps": 1.59,
            "eps_growth_year": 189.09,
            "eps_4q": 3.4,
            "eps_4q_growth_year": 96.44,
            "roe": 5.55,
            "roe_4q": 12.11,
            "gross_profit": 50883,
            "gross_margin": 15.89,
            "gross_margin_4q_avg": 6.17,
            "net_income": 105012,
            "revenue": 320130,
            "common_shares": 659480,
            "book_valuer_per_share": 29.45,
            "book_valuer_per_share_4q_avg": 28.51,
            "equity": 1942346,
            "current_ratio": 255.01,
            "debt_ratio": 19.6,
            "inventory_turnover_ratio": 1.61,
            "account_receivable_turnover_ratio": 2.72,
            "reinvestment_rate": 173.54,
            "research_to_sale_ratio": null,
            "price_fair": 80.76,
            "eps_avg_yearly": 2.31,
            "eps_latest_yearly": 6.36,
            "eps_growth_yearly": 176.11
        },
        "20101": {
            "year_quarter": 20101,
            "year": 2010,
            "quarter": 1,
            "eps": 1.11,
            "eps_growth_year": 404.55,
            "eps_4q": 4.29,
            "eps_4q_growth_year": 159.26,
            "roe": 3.7,
            "roe_4q": 15.02,
            "gross_profit": 19079,
            "gross_margin": 7.94,
            "gross_margin_4q_avg": 9.86,
            "net_income": 73150,
            "revenue": 240248,
            "common_shares": 659480,
            "book_valuer_per_share": 30.45,
            "book_valuer_per_share_4q_avg": 28.98,
            "equity": 2008375,
            "current_ratio": 265.15,
            "debt_ratio": 18.84,
            "inventory_turnover_ratio": 1.35,
            "account_receivable_turnover_ratio": 1.16,
            "reinvestment_rate": 186.77,
            "research_to_sale_ratio": 1.59,
            "price_fair": 84.79,
            "eps_avg_yearly": 2.42,
            "eps_latest_yearly": 4.44,
            "eps_growth_yearly": 181.44
        },
        "20102": {
            "year_quarter": 20102,
            "year": 2010,
            "quarter": 2,
            "eps": 1.3,
            "eps_growth_year": 164.92,
            "eps_4q": 5.1,
            "eps_4q_growth_year": 248.6,
            "roe": 4.26,
            "roe_4q": 17.49,
            "gross_profit": 41897,
            "gross_margin": 13.14,
            "gross_margin_4q_avg": 12.2,
            "net_income": 85607,
            "revenue": 318846,
            "common_shares": 659480,
            "book_valuer_per_share": 30.54,
            "book_valuer_per_share_4q_avg": 29.61,
            "equity": 2014011,
            "current_ratio": 208.17,
            "debt_ratio": 23.36,
            "inventory_turnover_ratio": 1.68,
            "account_receivable_turnover_ratio": 1.36,
            "reinvestment_rate": 170.01,
            "research_to_sale_ratio": 1.36,
            "price_fair": 86.89,
            "eps_avg_yearly": 2.48,
            "eps_latest_yearly": 5.2,
            "eps_growth_yearly": 169.95
        },
        "20103": {
            "year_quarter": 20103,
            "year": 2010,
            "quarter": 3,
            "eps": 1.12,
            "eps_growth_year": 1.51,
            "eps_4q": 5.12,
            "eps_4q_growth_year": 118.3,
            "roe": 3.61,
            "roe_4q": 17.12,
            "gross_profit": 43735,
            "gross_margin": 14.91,
            "gross_margin_4q_avg": 12.97,
            "net_income": 73641,
            "revenue": 293407,
            "common_shares": 659480,
            "book_valuer_per_share": 31.32,
            "book_valuer_per_share_4q_avg": 30.44,
            "equity": 2065386,
            "current_ratio": 259.15,
            "debt_ratio": 18.89,
            "inventory_turnover_ratio": 1.56,
            "account_receivable_turnover_ratio": 1.13,
            "reinvestment_rate": 158.61,
            "research_to_sale_ratio": 1.42,
            "price_fair": 95.81,
            "eps_avg_yearly": 2.74,
            "eps_latest_yearly": 4.48,
            "eps_growth_yearly": 189.13
        },
        "20104": {
            "year_quarter": 20104,
            "year": 2010,
            "quarter": 4,
            "eps": 1.15,
            "eps_growth_year": -27.4,
            "eps_4q": 4.68,
            "eps_4q_growth_year": 37.7,
            "roe": 3.69,
            "roe_4q": 15.259999999999998,
            "gross_profit": 36293,
            "gross_margin": 11.41,
            "gross_margin_4q_avg": 11.85,
            "net_income": 76127,
            "revenue": 318125,
            "common_shares": 659480,
            "book_valuer_per_share": 31.28,
            "book_valuer_per_share_4q_avg": 30.9,
            "equity": 2063052,
            "current_ratio": 231.22,
            "debt_ratio": 21.11,
            "inventory_turnover_ratio": 1.7,
            "account_receivable_turnover_ratio": 1.39,
            "reinvestment_rate": 146.85,
            "research_to_sale_ratio": 1.14,
            "price_fair": 102.38,
            "eps_avg_yearly": 2.93,
            "eps_latest_yearly": 4.6,
            "eps_growth_yearly": 114.8
        },
        "20111": {
            "year_quarter": 20111,
            "year": 2011,
            "quarter": 1,
            "eps": 1.13,
            "eps_growth_year": 1.8,
            "eps_4q": 4.7,
            "eps_4q_growth_year": 9.46,
            "roe": 3.52,
            "roe_4q": 15.08,
            "gross_profit": 48952,
            "gross_margin": 13.92,
            "gross_margin_4q_avg": 13.35,
            "net_income": 74278,
            "revenue": 351566,
            "common_shares": 659480,
            "book_valuer_per_share": 32.69,
            "book_valuer_per_share_4q_avg": 31.46,
            "equity": 2156060,
            "current_ratio": 234.08,
            "debt_ratio": 21.14,
            "inventory_turnover_ratio": 1.7,
            "account_receivable_turnover_ratio": 1.43,
            "reinvestment_rate": 160.72,
            "research_to_sale_ratio": 1.15,
            "price_fair": 109.46,
            "eps_avg_yearly": 3.13,
            "eps_latest_yearly": 4.52,
            "eps_growth_yearly": 119.36
        },
        "20112": {
            "year_quarter": 20112,
            "year": 2011,
            "quarter": 2,
            "eps": 0.7,
            "eps_growth_year": -46.42,
            "eps_4q": 3.93,
            "eps_4q_growth_year": -22.87,
            "roe": 2.27,
            "roe_4q": 13.09,
            "gross_profit": 35475,
            "gross_margin": 11.43,
            "gross_margin_4q_avg": 12.92,
            "net_income": 48160,
            "revenue": 310313,
            "common_shares": 659480,
            "book_valuer_per_share": 31.67,
            "book_valuer_per_share_4q_avg": 31.74,
            "equity": 2088593,
            "current_ratio": 172.8,
            "debt_ratio": 24.37,
            "inventory_turnover_ratio": 1.45,
            "account_receivable_turnover_ratio": 1.23,
            "reinvestment_rate": 152.55,
            "research_to_sale_ratio": 1.61,
            "price_fair": 111.83,
            "eps_avg_yearly": 3.2,
            "eps_latest_yearly": 2.8,
            "eps_growth_yearly": 101.25
        },
        "20113": {
            "year_quarter": 20113,
            "year": 2011,
            "quarter": 3,
            "eps": 1.21,
            "eps_growth_year": 8.22,
            "eps_4q": 4.08,
            "eps_4q_growth_year": -20.33,
            "roe": 3.82,
            "roe_4q": 13.299999999999999,
            "gross_profit": 39357,
            "gross_margin": 11.74,
            "gross_margin_4q_avg": 12.13,
            "net_income": 83677,
            "revenue": 335121,
            "common_shares": 692454,
            "book_valuer_per_share": 33.11,
            "book_valuer_per_share_4q_avg": 32.19,
            "equity": 2292992,
            "current_ratio": 192.3,
            "debt_ratio": 20.3,
            "inventory_turnover_ratio": 1.53,
            "account_receivable_turnover_ratio": 1.47,
            "reinvestment_rate": 165.19,
            "research_to_sale_ratio": 1.3,
            "price_fair": 119,
            "eps_avg_yearly": 3.4,
            "eps_latest_yearly": 4.84,
            "eps_growth_yearly": 121.79
        },
        "20114": {
            "year_quarter": 20114,
            "year": 2011,
            "quarter": 4,
            "eps": 1.46,
            "eps_growth_year": 26.68,
            "eps_4q": 4.44,
            "eps_4q_growth_year": -5.12,
            "roe": 4.32,
            "roe_4q": 13.93,
            "gross_profit": 33402,
            "gross_margin": 10.59,
            "gross_margin_4q_avg": 11.92,
            "net_income": 101259,
            "revenue": 315456,
            "common_shares": 692454,
            "book_valuer_per_share": 34.66,
            "book_valuer_per_share_4q_avg": 33.03,
            "equity": 2400139,
            "current_ratio": 209.99,
            "debt_ratio": 19.86,
            "inventory_turnover_ratio": 1.48,
            "account_receivable_turnover_ratio": 1.22,
            "reinvestment_rate": 159.3,
            "research_to_sale_ratio": 1.69,
            "price_fair": 125.56,
            "eps_avg_yearly": 3.59,
            "eps_latest_yearly": 5.84,
            "eps_growth_yearly": 106.45
        },
        "20121": {
            "year_quarter": 20121,
            "year": 2012,
            "quarter": 1,
            "eps": 1.22,
            "eps_growth_year": 7.96,
            "eps_4q": 4.59,
            "eps_4q_growth_year": -2.27,
            "roe": 3.5,
            "roe_4q": 13.91,
            "gross_profit": 43131,
            "gross_margin": 13.08,
            "gross_margin_4q_avg": 11.71,
            "net_income": 84658,
            "revenue": 329777,
            "common_shares": 692454,
            "book_valuer_per_share": 35.26,
            "book_valuer_per_share_4q_avg": 33.68,
            "equity": 2441778,
            "current_ratio": 213.75,
            "debt_ratio": 19.68,
            "inventory_turnover_ratio": 1.53,
            "account_receivable_turnover_ratio": 1.24,
            "reinvestment_rate": 152.59,
            "research_to_sale_ratio": 1.95,
            "price_fair": 133.79,
            "eps_avg_yearly": 3.82,
            "eps_latest_yearly": 4.88,
            "eps_growth_yearly": 117.48
        },
        "20122": {
            "year_quarter": 20122,
            "year": 2012,
            "quarter": 2,
            "eps": 1.32,
            "eps_growth_year": 89.82,
            "eps_4q": 5.21,
            "eps_4q_growth_year": 32.62,
            "roe": 3.75,
            "roe_4q": 15.39,
            "gross_profit": 67243,
            "gross_margin": 16.55,
            "gross_margin_4q_avg": 12.99,
            "net_income": 91419,
            "revenue": 406353,
            "common_shares": 692454,
            "book_valuer_per_share": 35.09,
            "book_valuer_per_share_4q_avg": 34.53,
            "equity": 2430046,
            "current_ratio": 168.29,
            "debt_ratio": 25.36,
            "inventory_turnover_ratio": 1.76,
            "account_receivable_turnover_ratio": 1.59,
            "reinvestment_rate": 150.5,
            "research_to_sale_ratio": 1.75,
            "price_fair": 139.13,
            "eps_avg_yearly": 3.98,
            "eps_latest_yearly": 5.28,
            "eps_growth_yearly": 81.13
        },
        "20123": {
            "year_quarter": 20123,
            "year": 2012,
            "quarter": 3,
            "eps": 0.95,
            "eps_growth_year": -21.6,
            "eps_4q": 4.95,
            "eps_4q_growth_year": 21.5,
            "roe": 2.69,
            "roe_4q": 14.26,
            "gross_profit": 48811,
            "gross_margin": 12.86,
            "gross_margin_4q_avg": 13.27,
            "net_income": 65602,
            "revenue": 379494,
            "common_shares": 692454,
            "book_valuer_per_share": 35.44,
            "book_valuer_per_share_4q_avg": 35.11,
            "equity": 2453729,
            "current_ratio": 180.01,
            "debt_ratio": 22.96,
            "inventory_turnover_ratio": 1.59,
            "account_receivable_turnover_ratio": 1.45,
            "reinvestment_rate": 146.87,
            "research_to_sale_ratio": 2.5,
            "price_fair": 145.43,
            "eps_avg_yearly": 4.16,
            "eps_latest_yearly": 3.8,
            "eps_growth_yearly": 91.03
        },
        "20124": {
            "year_quarter": 20124,
            "year": 2012,
            "quarter": 4,
            "eps": 0.95,
            "eps_growth_year": -35.33,
            "eps_4q": 4.44,
            "eps_4q_growth_year": -0.07,
            "roe": 2.63,
            "roe_4q": 12.57,
            "gross_profit": 36896,
            "gross_margin": 11.57,
            "gross_margin_4q_avg": 13.52,
            "net_income": 65485,
            "revenue": 319003,
            "common_shares": 692454,
            "book_valuer_per_share": 36.54,
            "book_valuer_per_share_4q_avg": 35.58,
            "equity": 2530376,
            "current_ratio": 185.36,
            "debt_ratio": 22.19,
            "inventory_turnover_ratio": 1.27,
            "account_receivable_turnover_ratio": 1.32,
            "reinvestment_rate": 150.13,
            "research_to_sale_ratio": 2.45,
            "price_fair": 148.93,
            "eps_avg_yearly": 4.26,
            "eps_latest_yearly": 3.8,
            "eps_growth_yearly": 56.24
        },
        "20131": {
            "year_quarter": 20131,
            "year": 2013,
            "quarter": 1,
            "eps": 0.71,
            "eps_growth_year": -41.8,
            "eps_4q": 3.92,
            "eps_4q_growth_year": -14.55,
            "roe": 1.91,
            "roe_4q": 10.98,
            "gross_profit": 15629,
            "gross_margin": 6.43,
            "gross_margin_4q_avg": 11.85,
            "net_income": 49001,
            "revenue": 243004,
            "common_shares": 692454,
            "book_valuer_per_share": 37.69,
            "book_valuer_per_share_4q_avg": 36.19,
            "equity": 2610131,
            "current_ratio": 198.96,
            "debt_ratio": 21.28,
            "inventory_turnover_ratio": 0.94,
            "account_receivable_turnover_ratio": 1.2,
            "reinvestment_rate": 154.6,
            "research_to_sale_ratio": 1.78,
            "price_fair": 153.21,
            "eps_avg_yearly": 4.38,
            "eps_latest_yearly": 2.84,
            "eps_growth_yearly": 64.93
        },
        "20132": {
            "year_quarter": 20132,
            "year": 2013,
            "quarter": 2,
            "eps": 0.94,
            "eps_growth_year": -28.8,
            "eps_4q": 3.54,
            "eps_4q_growth_year": -32.09,
            "roe": 2.5,
            "roe_4q": 9.73,
            "gross_profit": 33150,
            "gross_margin": 11.64,
            "gross_margin_4q_avg": 10.63,
            "net_income": 65081,
            "revenue": 284837,
            "common_shares": 692454,
            "book_valuer_per_share": 37.56,
            "book_valuer_per_share_4q_avg": 36.81,
            "equity": 2600624,
            "current_ratio": 158.1,
            "debt_ratio": 24.16,
            "inventory_turnover_ratio": 1.02,
            "account_receivable_turnover_ratio": 1.68,
            "reinvestment_rate": 161.22,
            "research_to_sale_ratio": 1.69,
            "price_fair": 157.15,
            "eps_avg_yearly": 4.49,
            "eps_latest_yearly": 3.76,
            "eps_growth_yearly": 42.35
        },
        "20133": {
            "year_quarter": 20133,
            "year": 2013,
            "quarter": 3,
            "eps": 1.41,
            "eps_growth_year": 48.83,
            "eps_4q": 4.01,
            "eps_4q_growth_year": -19.08,
            "roe": 3.71,
            "roe_4q": 10.75,
            "gross_profit": 36284,
            "gross_margin": 10.88,
            "gross_margin_4q_avg": 10.13,
            "net_income": 97943,
            "revenue": 333540,
            "common_shares": 692454,
            "book_valuer_per_share": 38.61,
            "book_valuer_per_share_4q_avg": 37.6,
            "equity": 2673859,
            "current_ratio": 191.3,
            "debt_ratio": 19.89,
            "inventory_turnover_ratio": 1.33,
            "account_receivable_turnover_ratio": 1.84,
            "reinvestment_rate": 161.57,
            "research_to_sale_ratio": 1.78,
            "price_fair": 154.03,
            "eps_avg_yearly": 4.57,
            "eps_latest_yearly": 5.64,
            "eps_growth_yearly": 23.72
        },
        "20134": {
            "year_quarter": 20134,
            "year": 2013,
            "quarter": 4,
            "eps": 1.23,
            "eps_growth_year": 30.44,
            "eps_4q": 4.3,
            "eps_4q_growth_year": -3.17,
            "roe": 3.12,
            "roe_4q": 11.24,
            "gross_profit": 42971,
            "gross_margin": 11.77,
            "gross_margin_4q_avg": 10.18,
            "net_income": 85416,
            "revenue": 364982,
            "common_shares": 692454,
            "book_valuer_per_share": 40.4,
            "book_valuer_per_share_4q_avg": 38.57,
            "equity": 2797744,
            "current_ratio": 269.17,
            "debt_ratio": 18.96,
            "inventory_turnover_ratio": 1.86,
            "account_receivable_turnover_ratio": 1.21,
            "reinvestment_rate": 64.17,
            "research_to_sale_ratio": 1.19,
            "price_fair": 86.84,
            "eps_avg_yearly": 4.48,
            "eps_latest_yearly": 4.92,
            "eps_growth_yearly": 9.4
        },
        "20141": {
            "year_quarter": 20141,
            "year": 2014,
            "quarter": 1,
            "eps": 1.05,
            "eps_growth_year": 47.89,
            "eps_4q": 4.64,
            "eps_4q_growth_year": 18.38,
            "roe": 2.58,
            "roe_4q": 11.91,
            "gross_profit": 16446,
            "gross_margin": 6.73,
            "gross_margin_4q_avg": 10.26,
            "net_income": 72957,
            "revenue": 244487,
            "common_shares": 692454,
            "book_valuer_per_share": 41.3,
            "book_valuer_per_share_4q_avg": 39.47,
            "equity": 2860023,
            "current_ratio": 219.34,
            "debt_ratio": 19.67,
            "inventory_turnover_ratio": 1.5,
            "account_receivable_turnover_ratio": 0.61,
            "reinvestment_rate": 68.59,
            "research_to_sale_ratio": 1.88,
            "price_fair": 103.9,
            "eps_avg_yearly": 4.46,
            "eps_latest_yearly": 4.2,
            "eps_growth_yearly": 13.28
        },
        "20142": {
            "year_quarter": 20142,
            "year": 2014,
            "quarter": 2,
            "eps": 1.1,
            "eps_growth_year": 17.02,
            "eps_4q": 4.8,
            "eps_4q_growth_year": 35.68,
            "roe": 2.7,
            "roe_4q": 12.11,
            "gross_profit": 31809,
            "gross_margin": 10.7,
            "gross_margin_4q_avg": 10.02,
            "net_income": 76321,
            "revenue": 297384,
            "common_shares": 692454,
            "book_valuer_per_share": 40.22,
            "book_valuer_per_share_4q_avg": 40.13,
            "equity": 2785067,
            "current_ratio": 190.13,
            "debt_ratio": 22.21,
            "inventory_turnover_ratio": 1.63,
            "account_receivable_turnover_ratio": 0.68,
            "reinvestment_rate": 71.63,
            "research_to_sale_ratio": 1.9,
            "price_fair": 89.11,
            "eps_avg_yearly": 4.41,
            "eps_latest_yearly": 4.4,
            "eps_growth_yearly": 10.19
        },
        "20143": {
            "year_quarter": 20143,
            "year": 2014,
            "quarter": 3,
            "eps": 1.21,
            "eps_growth_year": -14.18,
            "eps_4q": 4.6,
            "eps_4q_growth_year": 14.75,
            "roe": 2.93,
            "roe_4q": 11.330000000000002,
            "gross_profit": 38517,
            "gross_margin": 12.94,
            "gross_margin_4q_avg": 10.54,
            "net_income": 83745,
            "revenue": 297703,
            "common_shares": 692454,
            "book_valuer_per_share": 42.31,
            "book_valuer_per_share_4q_avg": 41.06,
            "equity": 2929480,
            "current_ratio": 170.97,
            "debt_ratio": 20.24,
            "inventory_turnover_ratio": 1.58,
            "account_receivable_turnover_ratio": 0.65,
            "reinvestment_rate": 89.65,
            "research_to_sale_ratio": 1.51,
            "price_fair": 116,
            "eps_avg_yearly": 4.44,
            "eps_latest_yearly": 4.84,
            "eps_growth_yearly": 16.16
        },
        "20144": {
            "year_quarter": 20144,
            "year": 2014,
            "quarter": 4,
            "eps": 1.25,
            "eps_growth_year": 1.35,
            "eps_4q": 4.62,
            "eps_4q_growth_year": 7.45,
            "roe": 2.87,
            "roe_4q": 11.08,
            "gross_profit": 46473,
            "gross_margin": 13.43,
            "gross_margin_4q_avg": 10.95,
            "net_income": 86567,
            "revenue": 346140,
            "common_shares": 692454,
            "book_valuer_per_share": 44.85,
            "book_valuer_per_share_4q_avg": 42.17,
            "equity": 3105320,
            "current_ratio": 152.48,
            "debt_ratio": 18.68,
            "inventory_turnover_ratio": 2,
            "account_receivable_turnover_ratio": 1.11,
            "reinvestment_rate": 110.88,
            "research_to_sale_ratio": 1.43,
            "price_fair": 117.36,
            "eps_avg_yearly": 4.46,
            "eps_latest_yearly": 5,
            "eps_growth_yearly": 16.31
        },
        "20151": {
            "year_quarter": 20151,
            "year": 2015,
            "quarter": 1,
            "eps": 1.31,
            "eps_growth_year": 24.76,
            "eps_4q": 4.87,
            "eps_4q_growth_year": 5.01,
            "roe": 2.9,
            "roe_4q": 11.399999999999999,
            "gross_profit": 29452,
            "gross_margin": 10.28,
            "gross_margin_4q_avg": 11.84,
            "net_income": 90863,
            "revenue": 286592,
            "common_shares": 692454,
            "book_valuer_per_share": 45.67,
            "book_valuer_per_share_4q_avg": 43.26,
            "equity": 3162397,
            "current_ratio": 161.83,
            "debt_ratio": 18.03,
            "inventory_turnover_ratio": 1.86,
            "account_receivable_turnover_ratio": 1.43,
            "reinvestment_rate": 95.84,
            "research_to_sale_ratio": 1.77,
            "price_fair": 125.91,
            "eps_avg_yearly": 4.51,
            "eps_latest_yearly": 5.24,
            "eps_growth_yearly": 17.95
        },
        "20152": {
            "year_quarter": 20152,
            "year": 2015,
            "quarter": 2,
            "eps": 1.24,
            "eps_growth_year": 12.73,
            "eps_4q": 5.01,
            "eps_4q_growth_year": 4.37,
            "roe": 2.74,
            "roe_4q": 11.440000000000001,
            "gross_profit": 38004,
            "gross_margin": 11.78,
            "gross_margin_4q_avg": 12.11,
            "net_income": 85993,
            "revenue": 322684,
            "common_shares": 692454,
            "book_valuer_per_share": 44.91,
            "book_valuer_per_share_4q_avg": 44.44,
            "equity": 3110019,
            "current_ratio": 126.6,
            "debt_ratio": 22.26,
            "inventory_turnover_ratio": 1.86,
            "account_receivable_turnover_ratio": 1.51,
            "reinvestment_rate": 99.4,
            "research_to_sale_ratio": 1.25,
            "price_fair": 162.4,
            "eps_avg_yearly": 4.64,
            "eps_latest_yearly": 4.96,
            "eps_growth_yearly": 26.13
        },
        "20153": {
            "year_quarter": 20153,
            "year": 2015,
            "quarter": 3,
            "eps": 1.36,
            "eps_growth_year": 12.4,
            "eps_4q": 5.17,
            "eps_4q_growth_year": 12.41,
            "roe": 2.93,
            "roe_4q": 11.440000000000001,
            "gross_profit": 29144,
            "gross_margin": 9.7,
            "gross_margin_4q_avg": 11.3,
            "net_income": 94519,
            "revenue": 300601,
            "common_shares": 692454,
            "book_valuer_per_share": 48.19,
            "book_valuer_per_share_4q_avg": 45.91,
            "equity": 3336897,
            "current_ratio": 136.51,
            "debt_ratio": 18.91,
            "inventory_turnover_ratio": 1.79,
            "account_receivable_turnover_ratio": 1.48,
            "reinvestment_rate": 100.02,
            "research_to_sale_ratio": 1.34,
            "price_fair": 95.1,
            "eps_avg_yearly": 4.68,
            "eps_latest_yearly": 5.44,
            "eps_growth_yearly": 10.33
        },
        "20154": {
            "year_quarter": 20154,
            "year": 2015,
            "quarter": 4,
            "eps": 2.39,
            "eps_growth_year": 91.58,
            "eps_4q": 6.31,
            "eps_4q_growth_year": 36.81,
            "roe": 4.93,
            "roe_4q": 13.5,
            "gross_profit": 34051,
            "gross_margin": 11.67,
            "gross_margin_4q_avg": 10.86,
            "net_income": 165841,
            "revenue": 291752,
            "common_shares": 692454,
            "book_valuer_per_share": 48.91,
            "book_valuer_per_share_4q_avg": 46.92,
            "equity": 3387054,
            "current_ratio": 156.6,
            "debt_ratio": 19.11,
            "inventory_turnover_ratio": 1.93,
            "account_receivable_turnover_ratio": 1.58,
            "reinvestment_rate": 88.91,
            "research_to_sale_ratio": 1.32,
            "price_fair": 167.43,
            "eps_avg_yearly": 4.91,
            "eps_latest_yearly": 9.56,
            "eps_growth_yearly": 24.1
        },
        "20161": {
            "year_quarter": 20161,
            "year": 2016,
            "quarter": 1,
            "eps": 1.9,
            "eps_growth_year": 45.04,
            "eps_4q": 6.9,
            "eps_4q_growth_year": 41.52,
            "roe": 3.81,
            "roe_4q": 14.41,
            "gross_profit": 27075,
            "gross_margin": 10.34,
            "gross_margin_4q_avg": 10.87,
            "net_income": 131280,
            "revenue": 261807,
            "common_shares": 692454,
            "book_valuer_per_share": 50.57,
            "book_valuer_per_share_4q_avg": 48.15,
            "equity": 3501934,
            "current_ratio": 146.74,
            "debt_ratio": 18.21,
            "inventory_turnover_ratio": 1.76,
            "account_receivable_turnover_ratio": 1.35,
            "reinvestment_rate": 91.32,
            "research_to_sale_ratio": 1.27,
            "price_fair": 168.06,
            "eps_avg_yearly": 5.08,
            "eps_latest_yearly": 7.6,
            "eps_growth_yearly": 23.08
        },
        "20162": {
            "year_quarter": 20162,
            "year": 2016,
            "quarter": 2,
            "eps": 1.83,
            "eps_growth_year": 47.58,
            "eps_4q": 7.06,
            "eps_4q_growth_year": 40.79,
            "roe": 3.64,
            "roe_4q": 15.309999999999999,
            "gross_profit": 36908,
            "gross_margin": 11.22,
            "gross_margin_4q_avg": 10.73,
            "net_income": 126467,
            "revenue": 328848,
            "common_shares": 692454,
            "book_valuer_per_share": 49.75,
            "book_valuer_per_share_4q_avg": 49.36,
            "equity": 3445228,
            "current_ratio": 122.22,
            "debt_ratio": 21.46,
            "inventory_turnover_ratio": 2.16,
            "account_receivable_turnover_ratio": 1.52,
            "reinvestment_rate": 89.71,
            "research_to_sale_ratio": 1.14,
            "price_fair": 156.81,
            "eps_avg_yearly": 5.21,
            "eps_latest_yearly": 7.32,
            "eps_growth_yearly": 20.11
        },
        "20163": {
            "year_quarter": 20163,
            "year": 2016,
            "quarter": 3,
            "eps": 1.78,
            "eps_growth_year": 30.88,
            "eps_4q": 7.55,
            "eps_4q_growth_year": 46.15,
            "roe": 3.79,
            "roe_4q": 16.17,
            "gross_profit": 26636,
            "gross_margin": 9.09,
            "gross_margin_4q_avg": 10.58,
            "net_income": 130914,
            "revenue": 293138,
            "common_shares": 734001,
            "book_valuer_per_share": 47.29,
            "book_valuer_per_share_4q_avg": 49.13,
            "equity": 3470887,
            "current_ratio": 126.59,
            "debt_ratio": 19.39,
            "inventory_turnover_ratio": 2,
            "account_receivable_turnover_ratio": 1.34,
            "reinvestment_rate": 83.29,
            "research_to_sale_ratio": 1.04,
            "price_fair": 189.53,
            "eps_avg_yearly": 5.42,
            "eps_latest_yearly": 7.12,
            "eps_growth_yearly": 26.44
        },
        "20164": {
            "year_quarter": 20164,
            "year": 2016,
            "quarter": 4,
            "eps": 1.92,
            "eps_growth_year": -19.93,
            "eps_4q": 7.21,
            "eps_4q_growth_year": 14.23,
            "roe": 4.01,
            "roe_4q": 15.25,
            "gross_profit": 24990,
            "gross_margin": 8.05,
            "gross_margin_4q_avg": 9.68,
            "net_income": 140751,
            "revenue": 310606,
            "common_shares": 734001,
            "book_valuer_per_share": 48.39,
            "book_valuer_per_share_4q_avg": 49,
            "equity": 3552190,
            "current_ratio": 142.02,
            "debt_ratio": 19.07,
            "inventory_turnover_ratio": 2.29,
            "account_receivable_turnover_ratio": 1.89,
            "reinvestment_rate": 77.29,
            "research_to_sale_ratio": 1.08,
            "price_fair": 198.01,
            "eps_avg_yearly": 5.66,
            "eps_latest_yearly": 7.68,
            "eps_growth_yearly": 28.4
        },
        "20171": {
            "year_quarter": 20171,
            "year": 2017,
            "quarter": 1,
            "eps": 1.82,
            "eps_growth_year": -4.21,
            "eps_4q": 7.24,
            "eps_4q_growth_year": 4.96,
            "roe": 3.77,
            "roe_4q": 15.21,
            "gross_profit": 25281,
            "gross_margin": 9.48,
            "gross_margin_4q_avg": 9.46,
            "net_income": 133258,
            "revenue": 266807,
            "common_shares": 734001,
            "book_valuer_per_share": 48.04,
            "book_valuer_per_share_4q_avg": 48.37,
            "equity": 3525831,
            "current_ratio": 129.08,
            "debt_ratio": 19.55,
            "inventory_turnover_ratio": 1.96,
            "account_receivable_turnover_ratio": 1.79,
            "reinvestment_rate": 69.69,
            "research_to_sale_ratio": 1.23,
            "price_fair": 207.73,
            "eps_avg_yearly": 5.94,
            "eps_latest_yearly": 7.28,
            "eps_growth_yearly": 33.42
        },
        "20172": {
            "year_quarter": 20172,
            "year": 2017,
            "quarter": 2,
            "eps": 1.88,
            "eps_growth_year": 2.73,
            "eps_4q": 7.4,
            "eps_4q_growth_year": 4.84,
            "roe": 3.9,
            "roe_4q": 15.469999999999999,
            "gross_profit": 28171,
            "gross_margin": 8.57,
            "gross_margin_4q_avg": 8.8,
            "net_income": 138259,
            "revenue": 328848,
            "common_shares": 734001,
            "book_valuer_per_share": 48.46,
            "book_valuer_per_share_4q_avg": 48.05,
            "equity": 3556675,
            "current_ratio": 101.17,
            "debt_ratio": 22.59,
            "inventory_turnover_ratio": 2.18,
            "account_receivable_turnover_ratio": 1.97,
            "reinvestment_rate": 72.7,
            "research_to_sale_ratio": 1.09,
            "price_fair": 215.95,
            "eps_avg_yearly": 6.17,
            "eps_latest_yearly": 7.52,
            "eps_growth_yearly": 26.14
        },
        "20173": {
            "year_quarter": 20173,
            "year": 2017,
            "quarter": 3,
            "eps": 1.97,
            "eps_growth_year": 10.67,
            "eps_4q": 7.58,
            "eps_4q_growth_year": 0.38,
            "roe": 3.95,
            "roe_4q": 15.629999999999999,
            "gross_profit": 19482,
            "gross_margin": 7.16,
            "gross_margin_4q_avg": 8.32,
            "net_income": 144365,
            "revenue": 271944,
            "common_shares": 734001,
            "book_valuer_per_share": 51.12,
            "book_valuer_per_share_4q_avg": 49,
            "equity": 3752482,
            "current_ratio": 107.68,
            "debt_ratio": 18.92,
            "inventory_turnover_ratio": 1.7,
            "account_receivable_turnover_ratio": 1.7,
            "reinvestment_rate": 77.76,
            "research_to_sale_ratio": 1.15,
            "price_fair": 156.74,
            "eps_avg_yearly": 6.31,
            "eps_latest_yearly": 7.88,
            "eps_growth_yearly": 14.84
        },
        "20174": {
            "year_quarter": 20174,
            "year": 2017,
            "quarter": 4,
            "eps": 1.7,
            "eps_growth_year": -11.4,
            "eps_4q": 7.36,
            "eps_4q_growth_year": 2.11,
            "roe": 3.26,
            "roe_4q": 14.879999999999999,
            "gross_profit": 31943,
            "gross_margin": 10.59,
            "gross_margin_4q_avg": 8.95,
            "net_income": 124702,
            "revenue": 301501,
            "common_shares": 734001,
            "book_valuer_per_share": 52.96,
            "book_valuer_per_share_4q_avg": 50.15,
            "equity": 3887089,
            "current_ratio": 119.72,
            "debt_ratio": 18.99,
            "inventory_turnover_ratio": 1.73,
            "account_receivable_turnover_ratio": 1.95,
            "reinvestment_rate": 82.49,
            "research_to_sale_ratio": 1.1,
            "price_fair": 158.15,
            "eps_avg_yearly": 6.43,
            "eps_latest_yearly": 6.8,
            "eps_growth_yearly": 14.6
        },
        "20181": {
            "year_quarter": 20181,
            "year": 2018,
            "quarter": 1,
            "eps": 1.43,
            "eps_growth_year": -21.43,
            "eps_4q": 6.98,
            "eps_4q_growth_year": -3.64,
            "roe": 2.61,
            "roe_4q": 13.72,
            "gross_profit": 27276,
            "gross_margin": 9.8,
            "gross_margin_4q_avg": 9.03,
            "net_income": 104726,
            "revenue": 278426,
            "common_shares": 734001,
            "book_valuer_per_share": 56.3,
            "book_valuer_per_share_4q_avg": 52.21,
            "equity": 4132587,
            "current_ratio": 127.22,
            "debt_ratio": 17.43,
            "inventory_turnover_ratio": 1.5,
            "account_receivable_turnover_ratio": 1.52,
            "reinvestment_rate": 76.54,
            "research_to_sale_ratio": 1.36,
            "price_fair": 158.45,
            "eps_avg_yearly": 6.52,
            "eps_latest_yearly": 5.72,
            "eps_growth_yearly": 14.29
        },
        "20182": {
            "year_quarter": 20182,
            "year": 2018,
            "quarter": 2,
            "eps": 1.32,
            "eps_growth_year": -29.79,
            "eps_4q": 6.42,
            "eps_4q_growth_year": -13.31,
            "roe": 2.39,
            "roe_4q": 12.21,
            "gross_profit": 36747,
            "gross_margin": 10.51,
            "gross_margin_4q_avg": 9.52,
            "net_income": 97072,
            "revenue": 349725,
            "common_shares": 734001,
            "book_valuer_per_share": 54.42,
            "book_valuer_per_share_4q_avg": 53.7,
            "equity": 3994398,
            "current_ratio": 100.87,
            "debt_ratio": 20.33,
            "inventory_turnover_ratio": 1.78,
            "account_receivable_turnover_ratio": 1.69,
            "reinvestment_rate": 81.32,
            "research_to_sale_ratio": 1.37,
            "price_fair": 139.31,
            "eps_avg_yearly": 6.58,
            "eps_latest_yearly": 5.28,
            "eps_growth_yearly": 11.18
        },
        "20183": {
            "year_quarter": 20183,
            "year": 2018,
            "quarter": 3,
            "eps": 1.3,
            "eps_growth_year": -34.01,
            "eps_4q": 5.75,
            "eps_4q_growth_year": -24.18,
            "roe": 2.41,
            "roe_4q": 10.67,
            "gross_profit": 26037,
            "gross_margin": 8.61,
            "gross_margin_4q_avg": 9.88,
            "net_income": 95546,
            "revenue": 302450,
            "common_shares": 734001,
            "book_valuer_per_share": 53.71,
            "book_valuer_per_share_4q_avg": 54.35,
            "equity": 3942667,
            "current_ratio": 99.99,
            "debt_ratio": 18.29,
            "inventory_turnover_ratio": 1.48,
            "account_receivable_turnover_ratio": 1.66,
            "reinvestment_rate": 65.56,
            "research_to_sale_ratio": 1.52,
            "price_fair": 120.78,
            "eps_avg_yearly": 6.6,
            "eps_latest_yearly": 5.2,
            "eps_growth_yearly": 8.3
        },
        "20184": {
            "year_quarter": 20184,
            "year": 2018,
            "quarter": 4,
            "eps": 2.12,
            "eps_growth_year": 24.98,
            "eps_4q": 6.17,
            "eps_4q_growth_year": -16.17,
            "roe": 3.87,
            "roe_4q": 11.28,
            "gross_profit": 45867,
            "gross_margin": 11.27,
            "gross_margin_4q_avg": 10.05,
            "net_income": 155852,
            "revenue": 407154,
            "common_shares": 734001,
            "book_valuer_per_share": 56.04,
            "book_valuer_per_share_4q_avg": 55.12,
            "equity": 4113138,
            "current_ratio": 122.02,
            "debt_ratio": 17.37,
            "inventory_turnover_ratio": 1.98,
            "account_receivable_turnover_ratio": 2.42,
            "reinvestment_rate": 51.14,
            "research_to_sale_ratio": 1.24,
            "price_fair": 226.64,
            "eps_avg_yearly": 6.82,
            "eps_latest_yearly": 8.48,
            "eps_growth_yearly": 23.24
        },
        "20191": {
            "year_quarter": 20191,
            "year": 2019,
            "quarter": 1,
            "eps": 1.43,
            "eps_growth_year": 0,
            "eps_4q": 6.18,
            "eps_4q_growth_year": -11.45,
            "roe": 2.49,
            "roe_4q": 11.16,
            "gross_profit": 38614,
            "gross_margin": 10.96,
            "gross_margin_4q_avg": 10.34,
            "net_income": 104951,
            "revenue": 352327,
            "common_shares": 734001,
            "book_valuer_per_share": 58.76,
            "book_valuer_per_share_4q_avg": 55.73,
            "equity": 4313143,
            "current_ratio": 129.38,
            "debt_ratio": 17.55,
            "inventory_turnover_ratio": 1.68,
            "account_receivable_turnover_ratio": 1.66,
            "reinvestment_rate": 57.14,
            "research_to_sale_ratio": 1.6,
            "price_fair": 163.7,
            "eps_avg_yearly": 6.85,
            "eps_latest_yearly": 5.72,
            "eps_growth_yearly": 13.91
        },
        "20192": {
            "year_quarter": 20192,
            "year": 2019,
            "quarter": 2,
            "eps": 0.21,
            "eps_growth_year": -84.09,
            "eps_4q": 5.07,
            "eps_4q_growth_year": -21.01,
            "roe": 0.37,
            "roe_4q": 9.14,
            "gross_profit": 39403,
            "gross_margin": 11.88,
            "gross_margin_4q_avg": 10.68,
            "net_income": 15589,
            "revenue": 331612,
            "common_shares": 734001,
            "book_valuer_per_share": 56.37,
            "book_valuer_per_share_4q_avg": 56.22,
            "equity": 4137791,
            "current_ratio": 159.23,
            "debt_ratio": 19.67,
            "inventory_turnover_ratio": 1.46,
            "account_receivable_turnover_ratio": 0.81,
            "reinvestment_rate": 39.26,
            "research_to_sale_ratio": 1.64,
            "price_fair": 19.77,
            "eps_avg_yearly": 6.59,
            "eps_latest_yearly": 0.84,
            "eps_growth_yearly": -6.09
        },
        "20193": {
            "year_quarter": 20193,
            "year": 2019,
            "quarter": 3,
            "eps": 1.06,
            "eps_growth_year": -18.46,
            "eps_4q": 4.83,
            "eps_4q_growth_year": -16.04,
            "roe": 1.9,
            "roe_4q": 8.629999999999999,
            "gross_profit": 9520,
            "gross_margin": 4.24,
            "gross_margin_4q_avg": 9.59,
            "net_income": 77967,
            "revenue": 224789,
            "common_shares": 734001,
            "book_valuer_per_share": 55.33,
            "book_valuer_per_share_4q_avg": 56.63,
            "equity": 4061204,
            "current_ratio": 178.4,
            "debt_ratio": 17.24,
            "inventory_turnover_ratio": 1.08,
            "account_receivable_turnover_ratio": 0.42,
            "reinvestment_rate": 26.62,
            "research_to_sale_ratio": 1.91,
            "price_fair": 228.03,
            "eps_avg_yearly": 6.52,
            "eps_latest_yearly": 4.24,
            "eps_growth_yearly": 92.68
        },
        "20194": {
            "year_quarter": 20194,
            "year": 2019,
            "quarter": 4,
            "eps": 1.25,
            "eps_growth_year": -41.33,
            "eps_4q": 3.95,
            "eps_4q_growth_year": -36.02,
            "roe": 2.24,
            "roe_4q": 7.000000000000001,
            "gross_profit": 33669,
            "gross_margin": 10.1,
            "gross_margin_4q_avg": 9.3,
            "net_income": 91435,
            "revenue": 333392,
            "common_shares": 734001,
            "book_valuer_per_share": 55.98,
            "book_valuer_per_share_4q_avg": 56.61,
            "equity": 4108736,
            "current_ratio": 175.83,
            "debt_ratio": 18.48,
            "inventory_turnover_ratio": 1.61,
            "account_receivable_turnover_ratio": 0.68,
            "reinvestment_rate": 35.34,
            "research_to_sale_ratio": 1.74,
            "price_fair": 218.05,
            "eps_avg_yearly": 6.23,
            "eps_latest_yearly": 5,
            "eps_growth_yearly": 78.23
        },
        "20201": {
            "year_quarter": 20201,
            "year": 2020,
            "quarter": 1,
            "eps": 0.21,
            "eps_growth_year": -85.31,
            "eps_4q": 2.73,
            "eps_4q_growth_year": -55.86,
            "roe": 0.37,
            "roe_4q": 4.88,
            "gross_profit": 13678,
            "gross_margin": 6.59,
            "gross_margin_4q_avg": 8.2,
            "net_income": 15148,
            "revenue": 207671,
            "common_shares": 734001,
            "book_valuer_per_share": 55.51,
            "book_valuer_per_share_4q_avg": 55.8,
            "equity": 4074800,
            "current_ratio": 178.28,
            "debt_ratio": 16.96,
            "inventory_turnover_ratio": 1.11,
            "account_receivable_turnover_ratio": 0.7,
            "reinvestment_rate": 31.25,
            "research_to_sale_ratio": 2.19,
            "price_fair": 203.26,
            "eps_avg_yearly": 5.81,
            "eps_latest_yearly": 0.84,
            "eps_growth_yearly": 62.56
        },
        "20202": {
            "year_quarter": 20202,
            "year": 2020,
            "quarter": 2,
            "eps": 1.25,
            "eps_growth_year": 495.24,
            "eps_4q": 3.77,
            "eps_4q_growth_year": -25.63,
            "roe": 2.29,
            "roe_4q": 6.800000000000001,
            "gross_profit": 23895,
            "gross_margin": 9.51,
            "gross_margin_4q_avg": 7.61,
            "net_income": 92070,
            "revenue": 251134,
            "common_shares": 734001,
            "book_valuer_per_share": 54.01,
            "book_valuer_per_share_4q_avg": 55.21,
            "equity": 3964424,
            "current_ratio": 149.43,
            "debt_ratio": 20.06,
            "inventory_turnover_ratio": 1.22,
            "account_receivable_turnover_ratio": 1.85,
            "reinvestment_rate": 31.61,
            "research_to_sale_ratio": 1.66,
            "price_fair": 198.19,
            "eps_avg_yearly": 5.66,
            "eps_latest_yearly": 5,
            "eps_growth_yearly": 187.29
        },
        "20203": {
            "year_quarter": 20203,
            "year": 2020,
            "quarter": 3,
            "eps": 1.28,
            "eps_growth_year": 20.75,
            "eps_4q": 3.98,
            "eps_4q_growth_year": -17.5,
            "roe": 2.32,
            "roe_4q": 7.22,
            "gross_profit": 22170,
            "gross_margin": 8.26,
            "gross_margin_4q_avg": 8.62,
            "net_income": 93704,
            "revenue": 268562,
            "common_shares": 734001,
            "book_valuer_per_share": 56.28,
            "book_valuer_per_share_4q_avg": 55.45,
            "equity": 4130948,
            "current_ratio": 157.38,
            "debt_ratio": 18.12,
            "inventory_turnover_ratio": 1.23,
            "account_receivable_turnover_ratio": 1.55,
            "reinvestment_rate": 42.32,
            "research_to_sale_ratio": 1.43,
            "price_fair": 193.81,
            "eps_avg_yearly": 5.54,
            "eps_latest_yearly": 5.12,
            "eps_growth_yearly": 188.57
        },
        "20204": {
            "year_quarter": 20204,
            "year": 2020,
            "quarter": 4,
            "eps": 1.68,
            "eps_growth_year": 34.66,
            "eps_4q": 4.41,
            "eps_4q_growth_year": 11.76,
            "roe": 2.91,
            "roe_4q": 7.890000000000001,
            "gross_profit": 32498,
            "gross_margin": 9.98,
            "gross_margin_4q_avg": 8.59,
            "net_income": 123123,
            "revenue": 325624,
            "common_shares": 734001,
            "book_valuer_per_share": 58.91,
            "book_valuer_per_share_4q_avg": 56.18,
            "equity": 4323976,
            "current_ratio": 216.81,
            "debt_ratio": 18.18,
            "inventory_turnover_ratio": 1.45,
            "account_receivable_turnover_ratio": 1.53,
            "reinvestment_rate": 33.97,
            "research_to_sale_ratio": 1.44,
            "price_fair": 191.71,
            "eps_avg_yearly": 5.48,
            "eps_latest_yearly": 6.72,
            "eps_growth_yearly": 194.42
        },
        "20211": {
            "year_quarter": 20211,
            "year": 2021,
            "quarter": 1,
            "eps": 1.18,
            "eps_growth_year": 461.9,
            "eps_4q": 5.39,
            "eps_4q_growth_year": 97.8,
            "roe": 2,
            "roe_4q": 9.52,
            "gross_profit": 35533,
            "gross_margin": 11.19,
            "gross_margin_4q_avg": 9.74,
            "net_income": 86971,
            "revenue": 317524,
            "common_shares": 734001,
            "book_valuer_per_share": 59.7,
            "book_valuer_per_share_4q_avg": 57.23,
            "equity": 4382260,
            "current_ratio": 209.06,
            "debt_ratio": 17.07,
            "inventory_turnover_ratio": 1.36,
            "account_receivable_turnover_ratio": 1.38,
            "reinvestment_rate": 37.26,
            "research_to_sale_ratio": 1.78,
            "price_fair": 186.11,
            "eps_avg_yearly": 5.32,
            "eps_latest_yearly": 4.72,
            "eps_growth_yearly": 188.28
        },
        "20212": {
            "year_quarter": 20212,
            "year": 2021,
            "quarter": 2,
            "eps": 0.94,
            "eps_growth_year": -24.8,
            "eps_4q": 5.08,
            "eps_4q_growth_year": 34.71,
            "roe": 1.59,
            "roe_4q": 8.82,
            "gross_profit": 37739,
            "gross_margin": 10.13,
            "gross_margin_4q_avg": 9.89,
            "net_income": 68850,
            "revenue": 372689,
            "common_shares": 734001,
            "book_valuer_per_share": 58.01,
            "book_valuer_per_share_4q_avg": 58.23,
            "equity": 4257652,
            "current_ratio": 167.46,
            "debt_ratio": 19.54,
            "inventory_turnover_ratio": 1.52,
            "account_receivable_turnover_ratio": 1.46,
            "reinvestment_rate": 24.78,
            "research_to_sale_ratio": 1.85,
            "price_fair": 177.89,
            "eps_avg_yearly": 5.08,
            "eps_latest_yearly": 3.76,
            "eps_growth_yearly": 182.37
        },
        "20213": {
            "year_quarter": 20213,
            "year": 2021,
            "quarter": 3,
            "eps": 0.69,
            "eps_growth_year": -46.09,
            "eps_4q": 4.49,
            "eps_4q_growth_year": 12.75,
            "roe": 1.18,
            "roe_4q": 7.68,
            "gross_profit": 10042,
            "gross_margin": 3.28,
            "gross_margin_4q_avg": 8.65,
            "net_income": 50692,
            "revenue": 306465,
            "common_shares": 734001,
            "book_valuer_per_share": 58.65,
            "book_valuer_per_share_4q_avg": 58.82,
            "equity": 4304935,
            "current_ratio": 192.29,
            "debt_ratio": 17.28,
            "inventory_turnover_ratio": 1.37,
            "account_receivable_turnover_ratio": 1.31,
            "reinvestment_rate": 21.17,
            "research_to_sale_ratio": 1.98,
            "price_fair": 166.69,
            "eps_avg_yearly": 4.76,
            "eps_latest_yearly": 2.76,
            "eps_growth_yearly": 174.52
        },
        "20214": {
            "year_quarter": 20214,
            "year": 2021,
            "quarter": 4,
            "eps": 1.37,
            "eps_growth_year": -18.57,
            "eps_4q": 4.18,
            "eps_4q_growth_year": -5.33,
            "roe": 2.29,
            "roe_4q": 7.06,
            "gross_profit": 20580,
            "gross_margin": 7.38,
            "gross_margin_4q_avg": 8,
            "net_income": 100254,
            "revenue": 278930,
            "common_shares": 734001,
            "book_valuer_per_share": 60.48,
            "book_valuer_per_share_4q_avg": 59.21,
            "equity": 4438921,
            "current_ratio": 268.22,
            "debt_ratio": 16.62,
            "inventory_turnover_ratio": 1.22,
            "account_receivable_turnover_ratio": 1.53,
            "reinvestment_rate": 8.24,
            "research_to_sale_ratio": 1.73,
            "price_fair": 163.8,
            "eps_avg_yearly": 4.68,
            "eps_latest_yearly": 5.48,
            "eps_growth_yearly": 202.59
        },
        "20221": {
            "year_quarter": 20221,
            "year": 2022,
            "quarter": 1,
            "eps": 0.83,
            "eps_growth_year": -29.66,
            "eps_4q": 3.82,
            "eps_4q_growth_year": -29.14,
            "roe": 1.34,
            "roe_4q": 6.3999999999999995,
            "gross_profit": 27540,
            "gross_margin": 9.05,
            "gross_margin_4q_avg": 7.46,
            "net_income": 60704,
            "revenue": 304240,
            "common_shares": 734001,
            "book_valuer_per_share": 63.3,
            "book_valuer_per_share_4q_avg": 60.11,
            "equity": 4646175,
            "current_ratio": 258.76,
            "debt_ratio": 15.64,
            "inventory_turnover_ratio": 1.27,
            "account_receivable_turnover_ratio": 1.54,
            "reinvestment_rate": 13.83,
            "research_to_sale_ratio": 1.69,
            "price_fair": 158.55,
            "eps_avg_yearly": 4.53,
            "eps_latest_yearly": 3.32,
            "eps_growth_yearly": 196.71
        },
        "20222": {
            "year_quarter": 20222,
            "year": 2022,
            "quarter": 2,
            "eps": 0.91,
            "eps_growth_year": -3.19,
            "eps_4q": 3.79,
            "eps_4q_growth_year": -25.28,
            "roe": 1.46,
            "roe_4q": 6.27,
            "gross_profit": 36991,
            "gross_margin": 10.23,
            "gross_margin_4q_avg": 7.49,
            "net_income": 66795,
            "revenue": 361746,
            "common_shares": 734001,
            "book_valuer_per_share": 61.28,
            "book_valuer_per_share_4q_avg": 60.93,
            "equity": 4497750,
            "current_ratio": 188.76,
            "debt_ratio": 19.46,
            "inventory_turnover_ratio": 1.35,
            "account_receivable_turnover_ratio": 1.56,
            "reinvestment_rate": 8.43,
            "research_to_sale_ratio": 1.9,
            "price_fair": 154.96,
            "eps_avg_yearly": 4.43,
            "eps_latest_yearly": 3.64,
            "eps_growth_yearly": 201.04
        },
        "20223": {
            "year_quarter": 20223,
            "year": 2022,
            "quarter": 3,
            "eps": 1.29,
            "eps_growth_year": 86.96,
            "eps_4q": 4.4,
            "eps_4q_growth_year": -2.11,
            "roe": 2.08,
            "roe_4q": 7.17,
            "gross_profit": 39475,
            "gross_margin": 9.44,
            "gross_margin_4q_avg": 9.03,
            "net_income": 94920,
            "revenue": 418201,
            "common_shares": 734001,
            "book_valuer_per_share": 63.01,
            "book_valuer_per_share_4q_avg": 62.02,
            "equity": 4624968,
            "current_ratio": 231.66,
            "debt_ratio": 17.33,
            "inventory_turnover_ratio": 1.48,
            "account_receivable_turnover_ratio": 1.31,
            "reinvestment_rate": 12.21,
            "research_to_sale_ratio": 1.36,
            "price_fair": 154.88,
            "eps_avg_yearly": 4.43,
            "eps_latest_yearly": 5.16,
            "eps_growth_yearly": 211.86
        },
        "20224": {
            "year_quarter": 20224,
            "year": 2022,
            "quarter": 4,
            "eps": 0.65,
            "eps_growth_year": -52.72,
            "eps_4q": 3.68,
            "eps_4q_growth_year": -12.04,
            "roe": 1.03,
            "roe_4q": 5.91,
            "gross_profit": 43495,
            "gross_margin": 10.45,
            "gross_margin_4q_avg": 9.79,
            "net_income": 47399,
            "revenue": 416078,
            "common_shares": 734001,
            "book_valuer_per_share": 62.94,
            "book_valuer_per_share_4q_avg": 62.63,
            "equity": 4619811,
            "current_ratio": 312.47,
            "debt_ratio": 17.64,
            "inventory_turnover_ratio": 1.27,
            "account_receivable_turnover_ratio": 1.22,
            "reinvestment_rate": -48.5,
            "research_to_sale_ratio": 1.36,
            "price_fair": 142.01,
            "eps_avg_yearly": 4.06,
            "eps_latest_yearly": 2.6,
            "eps_growth_yearly": 183.68
        },
        "20231": {
            "year_quarter": 20231,
            "year": 2023,
            "quarter": 1,
            "eps": 2.63,
            "eps_growth_year": 216.87,
            "eps_4q": 5.48,
            "eps_4q_growth_year": 43.29,
            "roe": 4.08,
            "roe_4q": 8.65,
            "gross_profit": 58589,
            "gross_margin": 12.88,
            "gross_margin_4q_avg": 10.75,
            "net_income": 192811,
            "revenue": 455055,
            "common_shares": 734001,
            "book_valuer_per_share": 65.85,
            "book_valuer_per_share_4q_avg": 63.27,
            "equity": 4833498,
            "current_ratio": 343.28,
            "debt_ratio": 16.34,
            "inventory_turnover_ratio": 1.26,
            "account_receivable_turnover_ratio": 1.53,
            "reinvestment_rate": -46.71,
            "research_to_sale_ratio": 1.38,
            "price_fair": 152.51,
            "eps_avg_yearly": 4.36,
            "eps_latest_yearly": 10.52,
            "eps_growth_yearly": 267.97
        }
    },
    "months": {
        "2001-06": {
            "month": "2001-06",
            "price": "12.86",
            "revenue": 56671
        },
        "2001-07": {
            "month": "2001-07",
            "price": "11.15",
            "revenue": 64184
        },
        "2001-08": {
            "month": "2001-08",
            "price": "11.49",
            "revenue": 53709
        },
        "2001-09": {
            "month": "2001-09",
            "price": "11.64",
            "revenue": 50023
        },
        "2001-10": {
            "month": "2001-10",
            "price": "11.46",
            "revenue": 71056
        },
        "2001-11": {
            "month": "2001-11",
            "price": "11.50",
            "revenue": 66857
        },
        "2001-12": {
            "month": "2001-12",
            "price": "11.25",
            "revenue": 65216
        },
        "2002-01": {
            "month": "2002-01",
            "price": "11.70",
            "revenue": 78088
        },
        "2002-02": {
            "month": "2002-02",
            "price": "13.19",
            "revenue": 65396
        },
        "2002-03": {
            "month": "2002-03",
            "price": "14.87",
            "revenue": 71760
        },
        "2002-04": {
            "month": "2002-04",
            "price": "15.59",
            "revenue": 72039
        },
        "2002-05": {
            "month": "2002-05",
            "price": "20.99",
            "revenue": 94868
        },
        "2002-06": {
            "month": "2002-06",
            "price": "25.53",
            "revenue": 91902
        },
        "2002-07": {
            "month": "2002-07",
            "price": "26.11",
            "revenue": 108497
        },
        "2002-08": {
            "month": "2002-08",
            "price": "25.74",
            "revenue": 64436
        },
        "2002-09": {
            "month": "2002-09",
            "price": "23.90",
            "revenue": 74679
        },
        "2002-10": {
            "month": "2002-10",
            "price": "23.30",
            "revenue": 83709
        },
        "2002-11": {
            "month": "2002-11",
            "price": "30.01",
            "revenue": 89738
        },
        "2002-12": {
            "month": "2002-12",
            "price": "31.28",
            "revenue": 96899
        },
        "2003-01": {
            "month": "2003-01",
            "price": "32.12",
            "revenue": 111736
        },
        "2003-02": {
            "month": "2003-02",
            "price": "31.73",
            "revenue": 63967
        },
        "2003-03": {
            "month": "2003-03",
            "price": "36.28",
            "revenue": 91051
        },
        "2003-04": {
            "month": "2003-04",
            "price": "35.55",
            "revenue": 95682
        },
        "2003-05": {
            "month": "2003-05",
            "price": "32.32",
            "revenue": 107522
        },
        "2003-06": {
            "month": "2003-06",
            "price": "34.11",
            "revenue": 91747
        },
        "2003-07": {
            "month": "2003-07",
            "price": "32.12",
            "revenue": 100530
        },
        "2003-08": {
            "month": "2003-08",
            "price": "37.17",
            "revenue": 57215
        },
        "2003-09": {
            "month": "2003-09",
            "price": "34.61",
            "revenue": 81590
        },
        "2003-10": {
            "month": "2003-10",
            "price": "34.51",
            "revenue": 98553
        },
        "2003-11": {
            "month": "2003-11",
            "price": "35.30",
            "revenue": 93271
        },
        "2003-12": {
            "month": "2003-12",
            "price": "34.10",
            "revenue": 97560
        },
        "2004-01": {
            "month": "2004-01",
            "price": "34.16",
            "revenue": 83939
        },
        "2004-02": {
            "month": "2004-02",
            "price": "36.26",
            "revenue": 96003
        },
        "2004-03": {
            "month": "2004-03",
            "price": "35.65",
            "revenue": 131839
        },
        "2004-04": {
            "month": "2004-04",
            "price": "33.32",
            "revenue": 137932
        },
        "2004-05": {
            "month": "2004-05",
            "price": "29.56",
            "revenue": 162904
        },
        "2004-06": {
            "month": "2004-06",
            "price": "29.02",
            "revenue": 167648
        },
        "2004-07": {
            "month": "2004-07",
            "price": "28.69",
            "revenue": 147805
        },
        "2004-08": {
            "month": "2004-08",
            "price": "27.36",
            "revenue": 85650
        },
        "2004-09": {
            "month": "2004-09",
            "price": "28.83",
            "revenue": 146214
        },
        "2004-10": {
            "month": "2004-10",
            "price": "28.36",
            "revenue": 134217
        },
        "2004-11": {
            "month": "2004-11",
            "price": "26.20",
            "revenue": 118681
        },
        "2004-12": {
            "month": "2004-12",
            "price": "25.30",
            "revenue": 127633
        },
        "2005-01": {
            "month": "2005-01",
            "price": "27.23",
            "revenue": 159764
        },
        "2005-02": {
            "month": "2005-02",
            "price": "33.75",
            "revenue": 98009
        },
        "2005-03": {
            "month": "2005-03",
            "price": "31.46",
            "revenue": 170639
        },
        "2005-04": {
            "month": "2005-04",
            "price": "28.96",
            "revenue": 161705
        },
        "2005-05": {
            "month": "2005-05",
            "price": "27.94",
            "revenue": 160539
        },
        "2005-06": {
            "month": "2005-06",
            "price": "28.07",
            "revenue": 127039
        },
        "2005-07": {
            "month": "2005-07",
            "price": "25.58",
            "revenue": 127384
        },
        "2005-08": {
            "month": "2005-08",
            "price": "24.27",
            "revenue": 102706
        },
        "2005-09": {
            "month": "2005-09",
            "price": "23.47",
            "revenue": 124857
        },
        "2005-10": {
            "month": "2005-10",
            "price": "22.84",
            "revenue": 150253
        },
        "2005-11": {
            "month": "2005-11",
            "price": "21.94",
            "revenue": 116757
        },
        "2005-12": {
            "month": "2005-12",
            "price": "22.18",
            "revenue": 126401
        },
        "2006-01": {
            "month": "2006-01",
            "price": "22.69",
            "revenue": 130009
        },
        "2006-02": {
            "month": "2006-02",
            "price": "22.22",
            "revenue": 109246
        },
        "2006-03": {
            "month": "2006-03",
            "price": "21.32",
            "revenue": 139114
        },
        "2006-04": {
            "month": "2006-04",
            "price": "24.52",
            "revenue": 101795
        },
        "2006-05": {
            "month": "2006-05",
            "price": "26.18",
            "revenue": 114457
        },
        "2006-06": {
            "month": "2006-06",
            "price": "23.07",
            "revenue": 118624
        },
        "2006-07": {
            "month": "2006-07",
            "price": "21.95",
            "revenue": 112733
        },
        "2006-08": {
            "month": "2006-08",
            "price": "22.03",
            "revenue": 68262
        },
        "2006-09": {
            "month": "2006-09",
            "price": "23.42",
            "revenue": 125801
        },
        "2006-10": {
            "month": "2006-10",
            "price": "24.78",
            "revenue": 77438
        },
        "2006-11": {
            "month": "2006-11",
            "price": "24.05",
            "revenue": 118225
        },
        "2006-12": {
            "month": "2006-12",
            "price": "24.84",
            "revenue": 163619
        },
        "2007-01": {
            "month": "2007-01",
            "price": "25.30",
            "revenue": 60658
        },
        "2007-02": {
            "month": "2007-02",
            "price": "25.04",
            "revenue": 47916
        },
        "2007-03": {
            "month": "2007-03",
            "price": "24.47",
            "revenue": 117179
        },
        "2007-04": {
            "month": "2007-04",
            "price": "24.90",
            "revenue": 79263
        },
        "2007-05": {
            "month": "2007-05",
            "price": "24.37",
            "revenue": 84953
        },
        "2007-06": {
            "month": "2007-06",
            "price": "23.93",
            "revenue": 113108
        },
        "2007-07": {
            "month": "2007-07",
            "price": "25.64",
            "revenue": 69255
        },
        "2007-08": {
            "month": "2007-08",
            "price": "23.73",
            "revenue": 61328
        },
        "2007-09": {
            "month": "2007-09",
            "price": "23.75",
            "revenue": 84746
        },
        "2007-10": {
            "month": "2007-10",
            "price": "23.15",
            "revenue": 146098
        },
        "2007-11": {
            "month": "2007-11",
            "price": "22.03",
            "revenue": 90777
        },
        "2007-12": {
            "month": "2007-12",
            "price": "21.06",
            "revenue": 283630
        },
        "2008-01": {
            "month": "2008-01",
            "price": "20.55",
            "revenue": 93337
        },
        "2008-02": {
            "month": "2008-02",
            "price": "20.10",
            "revenue": 44851
        },
        "2008-03": {
            "month": "2008-03",
            "price": "20.60",
            "revenue": 91986
        },
        "2008-04": {
            "month": "2008-04",
            "price": "21.48",
            "revenue": 98191
        },
        "2008-05": {
            "month": "2008-05",
            "price": "21.70",
            "revenue": 89806
        },
        "2008-06": {
            "month": "2008-06",
            "price": "20.31",
            "revenue": 105116
        },
        "2008-07": {
            "month": "2008-07",
            "price": "18.07",
            "revenue": 87979
        },
        "2008-08": {
            "month": "2008-08",
            "price": "16.73",
            "revenue": 36729
        },
        "2008-09": {
            "month": "2008-09",
            "price": "16.02",
            "revenue": 61859
        },
        "2008-10": {
            "month": "2008-10",
            "price": "12.59",
            "revenue": 67857
        },
        "2008-11": {
            "month": "2008-11",
            "price": "11.25",
            "revenue": 70178
        },
        "2008-12": {
            "month": "2008-12",
            "price": "11.68",
            "revenue": 96720
        },
        "2009-01": {
            "month": "2009-01",
            "price": "11.72",
            "revenue": 32787
        },
        "2009-02": {
            "month": "2009-02",
            "price": "12.23",
            "revenue": 52447
        },
        "2009-03": {
            "month": "2009-03",
            "price": "13.88",
            "revenue": 54635
        },
        "2009-04": {
            "month": "2009-04",
            "price": "15.90",
            "revenue": 59747
        },
        "2009-05": {
            "month": "2009-05",
            "price": "17.80",
            "revenue": 59472
        },
        "2009-06": {
            "month": "2009-06",
            "price": "17.97",
            "revenue": 85106
        },
        "2009-07": {
            "month": "2009-07",
            "price": "18.50",
            "revenue": 98891
        },
        "2009-08": {
            "month": "2009-08",
            "price": "19.42",
            "revenue": 72209
        },
        "2009-09": {
            "month": "2009-09",
            "price": "21.50",
            "revenue": 92483
        },
        "2009-10": {
            "month": "2009-10",
            "price": "23.34",
            "revenue": 94522
        },
        "2009-11": {
            "month": "2009-11",
            "price": "42.54",
            "revenue": 98648
        },
        "2009-12": {
            "month": "2009-12",
            "price": "54.77",
            "revenue": 126961
        },
        "2010-01": {
            "month": "2010-01",
            "price": "50.96",
            "revenue": 82025
        },
        "2010-02": {
            "month": "2010-02",
            "price": "42.16",
            "revenue": 57950
        },
        "2010-03": {
            "month": "2010-03",
            "price": "47.60",
            "revenue": 100273
        },
        "2010-04": {
            "month": "2010-04",
            "price": "59.95",
            "revenue": 93638
        },
        "2010-05": {
            "month": "2010-05",
            "price": "49.08",
            "revenue": 109338
        },
        "2010-06": {
            "month": "2010-06",
            "price": "44.15",
            "revenue": 115869
        },
        "2010-07": {
            "month": "2010-07",
            "price": "47.14",
            "revenue": 102342
        },
        "2010-08": {
            "month": "2010-08",
            "price": "55.76",
            "revenue": 105586
        },
        "2010-09": {
            "month": "2010-09",
            "price": "53.38",
            "revenue": 85478
        },
        "2010-10": {
            "month": "2010-10",
            "price": "57.34",
            "revenue": 104217
        },
        "2010-11": {
            "month": "2010-11",
            "price": "53.18",
            "revenue": 107627
        },
        "2010-12": {
            "month": "2010-12",
            "price": "57.00",
            "revenue": 106281
        },
        "2011-01": {
            "month": "2011-01",
            "price": "55.00",
            "revenue": 106945
        },
        "2011-02": {
            "month": "2011-02",
            "price": "53.19",
            "revenue": 103523
        },
        "2011-03": {
            "month": "2011-03",
            "price": "53.30",
            "revenue": 140963
        },
        "2011-04": {
            "month": "2011-04",
            "price": "55.73",
            "revenue": 88458
        },
        "2011-05": {
            "month": "2011-05",
            "price": "62.21",
            "revenue": 105084
        },
        "2011-06": {
            "month": "2011-06",
            "price": "59.69",
            "revenue": 116798
        },
        "2011-07": {
            "month": "2011-07",
            "price": "63.11",
            "revenue": 133944
        },
        "2011-08": {
            "month": "2011-08",
            "price": "51.19",
            "revenue": 95848
        },
        "2011-09": {
            "month": "2011-09",
            "price": "42.89",
            "revenue": 101834
        },
        "2011-10": {
            "month": "2011-10",
            "price": "42.55",
            "revenue": 86760
        },
        "2011-11": {
            "month": "2011-11",
            "price": "44.83",
            "revenue": 107658
        },
        "2011-12": {
            "month": "2011-12",
            "price": "38.57",
            "revenue": 118040
        },
        "2012-01": {
            "month": "2012-01",
            "price": "40.89",
            "revenue": 90935
        },
        "2012-02": {
            "month": "2012-02",
            "price": "47.99",
            "revenue": 99585
        },
        "2012-03": {
            "month": "2012-03",
            "price": "46.98",
            "revenue": 139256
        },
        "2012-04": {
            "month": "2012-04",
            "price": "41.95",
            "revenue": 122676
        },
        "2012-05": {
            "month": "2012-05",
            "price": "43.57",
            "revenue": 142171
        },
        "2012-06": {
            "month": "2012-06",
            "price": "44.50",
            "revenue": 126750
        },
        "2012-07": {
            "month": "2012-07",
            "price": "44.51",
            "revenue": 142745
        },
        "2012-08": {
            "month": "2012-08",
            "price": "47.35",
            "revenue": 110144
        },
        "2012-09": {
            "month": "2012-09",
            "price": "52.76",
            "revenue": 126577
        },
        "2012-10": {
            "month": "2012-10",
            "price": "49.67",
            "revenue": 115335
        },
        "2012-11": {
            "month": "2012-11",
            "price": "45.80",
            "revenue": 116865
        },
        "2012-12": {
            "month": "2012-12",
            "price": "46.12",
            "revenue": 86702
        },
        "2013-01": {
            "month": "2013-01",
            "price": "45.66",
            "revenue": 84127
        },
        "2013-02": {
            "month": "2013-02",
            "price": "46.75",
            "revenue": 70168
        },
        "2013-03": {
            "month": "2013-03",
            "price": "47.05",
            "revenue": 88709
        },
        "2013-04": {
            "month": "2013-04",
            "price": "44.78",
            "revenue": 70198
        },
        "2013-05": {
            "month": "2013-05",
            "price": "42.31",
            "revenue": 113542
        },
        "2013-06": {
            "month": "2013-06",
            "price": "39.02",
            "revenue": 101096
        },
        "2013-07": {
            "month": "2013-07",
            "price": "40.02",
            "revenue": 101343
        },
        "2013-08": {
            "month": "2013-08",
            "price": "40.79",
            "revenue": 88677
        },
        "2013-09": {
            "month": "2013-09",
            "price": "42.15",
            "revenue": 143521
        },
        "2013-10": {
            "month": "2013-10",
            "price": "49.58",
            "revenue": 106311
        },
        "2013-11": {
            "month": "2013-11",
            "price": "53.24",
            "revenue": 104579
        },
        "2013-12": {
            "month": "2013-12",
            "price": "77.59",
            "revenue": 154092
        },
        "2014-01": {
            "month": "2014-01",
            "price": "87.71",
            "revenue": 88262
        },
        "2014-02": {
            "month": "2014-02",
            "price": "85.48",
            "revenue": 64595
        },
        "2014-03": {
            "month": "2014-03",
            "price": "82.50",
            "revenue": 91629
        },
        "2014-04": {
            "month": "2014-04",
            "price": "75.58",
            "revenue": 85216
        },
        "2014-05": {
            "month": "2014-05",
            "price": "70.04",
            "revenue": 107829
        },
        "2014-06": {
            "month": "2014-06",
            "price": "78.02",
            "revenue": 104339
        },
        "2014-07": {
            "month": "2014-07",
            "price": "72.82",
            "revenue": 110417
        },
        "2014-08": {
            "month": "2014-08",
            "price": "67.65",
            "revenue": 81732
        },
        "2014-09": {
            "month": "2014-09",
            "price": "67.75",
            "revenue": 105554
        },
        "2014-10": {
            "month": "2014-10",
            "price": "59.84",
            "revenue": 114190
        },
        "2014-11": {
            "month": "2014-11",
            "price": "56.19",
            "revenue": 109582
        },
        "2014-12": {
            "month": "2014-12",
            "price": "65.49",
            "revenue": 122369
        },
        "2015-01": {
            "month": "2015-01",
            "price": "62.32",
            "revenue": 102595
        },
        "2015-02": {
            "month": "2015-02",
            "price": "60.86",
            "revenue": 66521
        },
        "2015-03": {
            "month": "2015-03",
            "price": "61.13",
            "revenue": 117476
        },
        "2015-04": {
            "month": "2015-04",
            "price": "70.30",
            "revenue": 96766
        },
        "2015-05": {
            "month": "2015-05",
            "price": "74.62",
            "revenue": 110826
        },
        "2015-06": {
            "month": "2015-06",
            "price": "84.26",
            "revenue": 115092
        },
        "2015-07": {
            "month": "2015-07",
            "price": "68.80",
            "revenue": 118991
        },
        "2015-08": {
            "month": "2015-08",
            "price": "64.36",
            "revenue": 73713
        },
        "2015-09": {
            "month": "2015-09",
            "price": "64.78",
            "revenue": 107897
        },
        "2015-10": {
            "month": "2015-10",
            "price": "80.02",
            "revenue": 96313
        },
        "2015-11": {
            "month": "2015-11",
            "price": "82.93",
            "revenue": 100512
        },
        "2015-12": {
            "month": "2015-12",
            "price": "83.54",
            "revenue": 94927
        },
        "2016-01": {
            "month": "2016-01",
            "price": "79.04",
            "revenue": 84438
        },
        "2016-02": {
            "month": "2016-02",
            "price": "85.03",
            "revenue": 65528
        },
        "2016-03": {
            "month": "2016-03",
            "price": "98.65",
            "revenue": 111841
        },
        "2016-04": {
            "month": "2016-04",
            "price": "123.00",
            "revenue": 98105
        },
        "2016-05": {
            "month": "2016-05",
            "price": "124.86",
            "revenue": 112588
        },
        "2016-06": {
            "month": "2016-06",
            "price": "127.17",
            "revenue": 118156
        },
        "2016-07": {
            "month": "2016-07",
            "price": "117.65",
            "revenue": 115595
        },
        "2016-08": {
            "month": "2016-08",
            "price": "134.35",
            "revenue": 89518
        },
        "2016-09": {
            "month": "2016-09",
            "price": "138.21",
            "revenue": 88025
        },
        "2016-10": {
            "month": "2016-10",
            "price": "122.05",
            "revenue": 89497
        },
        "2016-11": {
            "month": "2016-11",
            "price": "113.34",
            "revenue": 92042
        },
        "2016-12": {
            "month": "2016-12",
            "price": "114.70",
            "revenue": 129067
        },
        "2017-01": {
            "month": "2017-01",
            "price": "111.03",
            "revenue": 77032
        },
        "2017-02": {
            "month": "2017-02",
            "price": "106.75",
            "revenue": 75650
        },
        "2017-03": {
            "month": "2017-03",
            "price": "109.83",
            "revenue": 114125
        },
        "2017-04": {
            "month": "2017-04",
            "price": "108.00",
            "revenue": 107443
        },
        "2017-05": {
            "month": "2017-05",
            "price": "109.94",
            "revenue": 108910
        },
        "2017-06": {
            "month": "2017-06",
            "price": "116.80",
            "revenue": 112495
        },
        "2017-07": {
            "month": "2017-07",
            "price": "117.40",
            "revenue": 104426
        },
        "2017-08": {
            "month": "2017-08",
            "price": "110.63",
            "revenue": 86052
        },
        "2017-09": {
            "month": "2017-09",
            "price": "104.50",
            "revenue": 81466
        },
        "2017-10": {
            "month": "2017-10",
            "price": "103.07",
            "revenue": 93434
        },
        "2017-11": {
            "month": "2017-11",
            "price": "102.41",
            "revenue": 105327
        },
        "2017-12": {
            "month": "2017-12",
            "price": "93.98",
            "revenue": 102739
        },
        "2018-01": {
            "month": "2018-01",
            "price": "90.62",
            "revenue": 104272
        },
        "2018-02": {
            "month": "2018-02",
            "price": "84.01",
            "revenue": 56724
        },
        "2018-03": {
            "month": "2018-03",
            "price": "80.83",
            "revenue": 117430
        },
        "2018-04": {
            "month": "2018-04",
            "price": "82.71",
            "revenue": 93020
        },
        "2018-05": {
            "month": "2018-05",
            "price": "80.30",
            "revenue": 142309
        },
        "2018-06": {
            "month": "2018-06",
            "price": "75.04",
            "revenue": 114395
        },
        "2018-07": {
            "month": "2018-07",
            "price": "70.12",
            "revenue": 115602
        },
        "2018-08": {
            "month": "2018-08",
            "price": "69.10",
            "revenue": 85732
        },
        "2018-09": {
            "month": "2018-09",
            "price": "64.88",
            "revenue": 101116
        },
        "2018-10": {
            "month": "2018-10",
            "price": "55.54",
            "revenue": 124312
        },
        "2018-11": {
            "month": "2018-11",
            "price": "53.50",
            "revenue": 117912
        },
        "2018-12": {
            "month": "2018-12",
            "price": "56.77",
            "revenue": 164930
        },
        "2019-01": {
            "month": "2019-01",
            "price": "60.57",
            "revenue": 99329
        },
        "2019-02": {
            "month": "2019-02",
            "price": "62.24",
            "revenue": 117145
        },
        "2019-03": {
            "month": "2019-03",
            "price": "64.46",
            "revenue": 135852
        },
        "2019-04": {
            "month": "2019-04",
            "price": "69.30",
            "revenue": 122784
        },
        "2019-05": {
            "month": "2019-05",
            "price": "59.92",
            "revenue": 112504
        },
        "2019-06": {
            "month": "2019-06",
            "price": "56.15",
            "revenue": 96324
        },
        "2019-07": {
            "month": "2019-07",
            "price": "59.51",
            "revenue": 96430
        },
        "2019-08": {
            "month": "2019-08",
            "price": "53.79",
            "revenue": 53706
        },
        "2019-09": {
            "month": "2019-09",
            "price": "56.72",
            "revenue": 74654
        },
        "2019-10": {
            "month": "2019-10",
            "price": "54.88",
            "revenue": 118935
        },
        "2019-11": {
            "month": "2019-11",
            "price": "55.98",
            "revenue": 118360
        },
        "2019-12": {
            "month": "2019-12",
            "price": "55.31",
            "revenue": 96098
        },
        "2020-01": {
            "month": "2020-01",
            "price": "55.16",
            "revenue": 71484
        },
        "2020-02": {
            "month": "2020-02",
            "price": "49.97",
            "revenue": 43827
        },
        "2020-03": {
            "month": "2020-03",
            "price": "43.57",
            "revenue": 92360
        },
        "2020-04": {
            "month": "2020-04",
            "price": "42.48",
            "revenue": 97211
        },
        "2020-05": {
            "month": "2020-05",
            "price": "45.25",
            "revenue": 75070
        },
        "2020-06": {
            "month": "2020-06",
            "price": "48.81",
            "revenue": 78853
        },
        "2020-07": {
            "month": "2020-07",
            "price": "47.92",
            "revenue": 104552
        },
        "2020-08": {
            "month": "2020-08",
            "price": "54.65",
            "revenue": 81583
        },
        "2020-09": {
            "month": "2020-09",
            "price": "67.36",
            "revenue": 82427
        },
        "2020-10": {
            "month": "2020-10",
            "price": "66.27",
            "revenue": 93931
        },
        "2020-11": {
            "month": "2020-11",
            "price": "66.74",
            "revenue": 102809
        },
        "2020-12": {
            "month": "2020-12",
            "price": "66.10",
            "revenue": 128884
        },
        "2021-01": {
            "month": "2021-01",
            "price": "70.52",
            "revenue": 104028
        },
        "2021-02": {
            "month": "2021-02",
            "price": "68.05",
            "revenue": 92003
        },
        "2021-03": {
            "month": "2021-03",
            "price": "72.21",
            "revenue": 121493
        },
        "2021-04": {
            "month": "2021-04",
            "price": "78.75",
            "revenue": 116157
        },
        "2021-05": {
            "month": "2021-05",
            "price": "64.71",
            "revenue": 123191
        },
        "2021-06": {
            "month": "2021-06",
            "price": "69.79",
            "revenue": 133340
        },
        "2021-07": {
            "month": "2021-07",
            "price": "72.65",
            "revenue": 120926
        },
        "2021-08": {
            "month": "2021-08",
            "price": "66.15",
            "revenue": 91644
        },
        "2021-09": {
            "month": "2021-09",
            "price": "62.56",
            "revenue": 93896
        },
        "2021-10": {
            "month": "2021-10",
            "price": "62.00",
            "revenue": 74829
        },
        "2021-11": {
            "month": "2021-11",
            "price": "60.84",
            "revenue": 101964
        },
        "2021-12": {
            "month": "2021-12",
            "price": "60.00",
            "revenue": 102137
        },
        "2022-01": {
            "month": "2022-01",
            "price": "59.92",
            "revenue": 80122
        },
        "2022-02": {
            "month": "2022-02",
            "price": "59.43",
            "revenue": 96630
        },
        "2022-03": {
            "month": "2022-03",
            "price": "59.93",
            "revenue": 127488
        },
        "2022-04": {
            "month": "2022-04",
            "price": "59.28",
            "revenue": 116158
        },
        "2022-05": {
            "month": "2022-05",
            "price": "57.26",
            "revenue": 113414
        },
        "2022-06": {
            "month": "2022-06",
            "price": "58.89",
            "revenue": 132173
        },
        "2022-07": {
            "month": "2022-07",
            "price": "59.47",
            "revenue": 152879
        },
        "2022-08": {
            "month": "2022-08",
            "price": "61.82",
            "revenue": 120687
        },
        "2022-09": {
            "month": "2022-09",
            "price": "61.65",
            "revenue": 144636
        },
        "2022-10": {
            "month": "2022-10",
            "price": "55.23",
            "revenue": 137069
        },
        "2022-11": {
            "month": "2022-11",
            "price": "56.56",
            "revenue": 148237
        },
        "2022-12": {
            "month": "2022-12",
            "price": "58.22",
            "revenue": 130771
        },
        "2023-01": {
            "month": "2023-01",
            "price": "57.32",
            "revenue": 126038
        },
        "2023-02": {
            "month": "2023-02",
            "price": "60.42",
            "revenue": 141810
        },
        "2023-03": {
            "month": "2023-03",
            "price": "63.22",
            "revenue": 187207
        },
        "2023-04": {
            "month": "2023-04",
            "price": "68.22",
            "revenue": 140008
        },
        "2023-05": {
            "month": "2023-05",
            "price": "81.34",
            "revenue": 155138
        }
    }
}
