{
    "summary": {
        "stock_name": "日馳",
        "stock_id": "1526",
        "category": "電機機械",
        "main_business": "各種腳踏車之零件機械五金之加工製造買賣業務",
        "website_url": "http://www.sunrace.com",
        "ceo": "徐義雄",
        "pe_ratio": 7,
        "report_year_from": 2001,
        "report_year_to": 2023,
        "age": 22,
        "eps_negative_percentage": 39,
        "eps_growth_avg": {
            "last_all": 21.56,
            "last_2y": 64.84,
            "last_4y": 28.32,
            "last_8y": 33.88,
            "last_12y": 32.61,
            "last_16y": 21.56,
            "last_20y": 21.56,
            "at_2006_last_3y": null,
            "at_2007_last_3y": null,
            "at_2008_last_3y": null,
            "at_2009_last_3y": -100,
            "at_2010_last_3y": -100,
            "at_2011_last_3y": -100,
            "at_2012_last_3y": -73.08,
            "at_2013_last_3y": 26.92,
            "at_2014_last_3y": 36.04,
            "at_2015_last_3y": 35.83,
            "at_2016_last_3y": 53.19,
            "at_2017_last_3y": 40.83,
            "at_2018_last_3y": 26.24,
            "at_2019_last_3y": 5.23,
            "at_2020_last_3y": 24.41,
            "at_2021_last_3y": 23.64,
            "at_2022_last_3y": 36.42,
            "at_2023_last_3y": 36.42,
            "at_2006_last_all": null,
            "at_2007_last_all": null,
            "at_2008_last_all": null,
            "at_2009_last_all": -100,
            "at_2010_last_all": -100,
            "at_2011_last_all": -100,
            "at_2012_last_all": -73.08,
            "at_2013_last_all": -15.38,
            "at_2014_last_all": 2.03,
            "at_2015_last_all": 8.66,
            "at_2016_last_all": 11.1,
            "at_2017_last_all": 16.74,
            "at_2018_last_all": 14.14,
            "at_2019_last_all": 7.14,
            "at_2020_last_all": 16.43,
            "at_2021_last_all": 19.25,
            "at_2022_last_all": 21.56,
            "at_2023_last_all": 21.56
        },
        "latest_eps": 5.68,
        "latest_price": 40.85,
        "latest_roe": 23.77,
        "latest_gross_margin": 32.69,
        "latest_equity": 1480046,
        "latest_revenue": 348215,
        "latest_gross_profit": 113842,
        "latest_net_income": 45346,
        "latest_debt_ratio": 47.29,
        "latest_current_ratio": 218.56,
        "latest_account_receivable_turnover_ratio": 2.72,
        "latest_inventory_turnover_ratio": 0.17,
        "latest_reinvestment_rate": 21.38,
        "latest_research_to_sale_ratio": 1.55
    },
    "eps_dividends": {
        "1998": {
            "cash": 0,
            "stock": 1.2,
            "eps": 0
        },
        "1999": {
            "cash": 0,
            "stock": 2,
            "eps": 0
        },
        "2000": {
            "cash": 0,
            "stock": 1.5,
            "eps": 0
        },
        "2001": {
            "cash": 0,
            "stock": 0,
            "eps": -1.44
        },
        "2002": {
            "cash": 0,
            "stock": 0,
            "eps": -1.72
        },
        "2003": {
            "cash": 0,
            "stock": 0,
            "eps": -0.29
        },
        "2004": {
            "cash": 0,
            "stock": 0,
            "eps": -1.12
        },
        "2005": {
            "cash": 0,
            "stock": 0,
            "eps": -2.23
        },
        "2006": {
            "cash": 0,
            "stock": 0,
            "eps": -0.94
        },
        "2007": {
            "cash": 0,
            "stock": 0,
            "eps": -0.42
        },
        "2008": {
            "cash": 0,
            "stock": 0,
            "eps": 0.2
        },
        "2009": {
            "cash": 0,
            "stock": 0,
            "eps": -0.32
        },
        "2010": {
            "cash": 0,
            "stock": 0,
            "eps": -0.01
        },
        "2011": {
            "cash": 0,
            "stock": 0,
            "eps": 0.52
        },
        "2012": {
            "cash": 0,
            "stock": 0,
            "eps": 0.28
        },
        "2013": {
            "cash": 0,
            "stock": 0,
            "eps": 0.7
        },
        "2014": {
            "cash": 0,
            "stock": 0,
            "eps": 1.08
        },
        "2015": {
            "cash": 0,
            "stock": 0,
            "eps": 1.46
        },
        "2016": {
            "cash": 0.4,
            "stock": 0,
            "eps": 1.8
        },
        "2017": {
            "cash": 0.8,
            "stock": 0,
            "eps": 2.71
        },
        "2018": {
            "cash": 1,
            "stock": 0,
            "eps": 2.6
        },
        "2019": {
            "cash": 1,
            "stock": 0,
            "eps": 1.33
        },
        "2020": {
            "cash": 0.8,
            "stock": 0,
            "eps": 2.97
        },
        "2021": {
            "cash": 1.8,
            "stock": 0,
            "eps": 4.38
        },
        "2022": {
            "cash": 4.4,
            "stock": 0,
            "eps": 6.44
        },
        "2023": {
            "cash": 1.6,
            "stock": 0,
            "eps": 0.76
        }
    },
    "dividends": {
        "1998-05-20": {
            "cash": 0,
            "stock": 1.2
        },
        "1999-05-25": {
            "cash": 0,
            "stock": 2
        },
        "2000-03-24": {
            "cash": 0,
            "stock": 1.5
        },
        "2016-08-17": {
            "cash": 0.4,
            "stock": 0
        },
        "2017-08-17": {
            "cash": 0.8,
            "stock": 0
        },
        "2018-09-27": {
            "cash": 1,
            "stock": 0
        },
        "2019-09-25": {
            "cash": 1,
            "stock": 0
        },
        "2020-09-23": {
            "cash": 0.8,
            "stock": 0
        },
        "2021-10-27": {
            "cash": 1.8,
            "stock": 0
        },
        "2022-08-12": {
            "cash": 2.6,
            "stock": 0
        },
        "2022-12-20": {
            "cash": 1.8,
            "stock": 0
        },
        "2023-07-20": {
            "cash": 1.6,
            "stock": 0
        }
    },
    "prices": {
        "200101": "7.52",
        "200102": "9.06",
        "200103": "9.38",
        "200104": "8.52",
        "200105": "6.95",
        "200106": "6.58",
        "200107": "6.34",
        "200108": "6.48",
        "200109": "5.22",
        "200110": "4.75",
        "200111": "4.70",
        "200112": "5.82",
        "200201": "12.06",
        "200202": "15.42",
        "200203": "15.42",
        "200204": "15.76",
        "200205": "11.62",
        "200206": "10.76",
        "200207": "9.15",
        "200208": "8.35",
        "200209": "8.27",
        "200210": "8.63",
        "200211": "14.02",
        "200212": "15.71",
        "200301": "12.46",
        "200302": "10.09",
        "200303": "10.17",
        "200304": "10.18",
        "200305": "8.53",
        "200306": "9.29",
        "200307": "8.98",
        "200308": "8.31",
        "200309": "8.17",
        "200310": "8.71",
        "200311": "10.38",
        "200312": "13.95",
        "200401": "13.08",
        "200402": "12.92",
        "200403": "11.53",
        "200404": "10.52",
        "200405": "8.75",
        "200406": "8.34",
        "200407": "7.88",
        "200408": "7.92",
        "200409": "9.26",
        "200410": "11.00",
        "200411": "10.61",
        "200412": "8.97",
        "200501": "8.08",
        "200502": "7.48",
        "200503": "6.57",
        "200504": "5.06",
        "200505": "4.49",
        "200506": "4.66",
        "200507": "4.64",
        "200508": "4.39",
        "200509": "3.86",
        "200510": "3.22",
        "200511": "3.13",
        "200512": "3.33",
        "200601": "3.32",
        "200602": "4.04",
        "200603": "3.91",
        "200604": "4.01",
        "200605": "4.17",
        "200606": "3.96",
        "200607": "3.91",
        "200608": "3.69",
        "200609": "3.54",
        "200610": "3.79",
        "200611": "3.95",
        "200612": "5.76",
        "200701": "5.02",
        "200702": "4.54",
        "200703": "4.77",
        "200704": "6.47",
        "200705": "5.47",
        "200706": "5.52",
        "200707": "9.30",
        "200708": "8.23",
        "200709": "10.68",
        "200710": "8.79",
        "200711": "7.46",
        "200712": "6.42",
        "200801": "5.87",
        "200802": "5.94",
        "200803": "7.05",
        "200804": "7.09",
        "200805": "8.63",
        "200806": "9.71",
        "200807": "7.50",
        "200808": "6.61",
        "200809": "5.76",
        "200810": "5.53",
        "200811": "5.36",
        "200812": "5.15",
        "200901": "5.43",
        "200902": "5.49",
        "200903": "5.79",
        "200904": "6.47",
        "200905": "5.96",
        "200906": "5.74",
        "200907": "5.79",
        "200908": "5.74",
        "200909": "5.62",
        "200910": "5.90",
        "200911": "5.93",
        "200912": "6.13",
        "201001": "6.88",
        "201002": "6.28",
        "201003": "6.35",
        "201004": "6.84",
        "201005": "6.98",
        "201006": "7.03",
        "201007": "7.08",
        "201008": "7.31",
        "201009": "6.75",
        "201010": "7.91",
        "201011": "7.46",
        "201012": "7.50",
        "201101": "7.56",
        "201102": "7.37",
        "201103": "7.16",
        "201104": "7.10",
        "201105": "7.84",
        "201106": "7.55",
        "201107": "7.55",
        "201108": "7.08",
        "201109": "7.16",
        "201110": "7.08",
        "201111": "7.73",
        "201112": "7.40",
        "201201": "7.29",
        "201202": "8.49",
        "201203": "9.29",
        "201204": "8.45",
        "201205": "8.26",
        "201206": "8.06",
        "201207": "8.06",
        "201208": "7.80",
        "201209": "7.50",
        "201210": "7.12",
        "201211": "6.76",
        "201212": "7.00",
        "201301": "6.93",
        "201302": "7.02",
        "201303": "7.14",
        "201304": "7.97",
        "201305": "8.24",
        "201306": "8.01",
        "201307": "8.07",
        "201308": "8.17",
        "201309": "8.20",
        "201310": "9.20",
        "201311": "8.87",
        "201312": "8.99",
        "201401": "10.70",
        "201402": "11.26",
        "201403": "10.94",
        "201404": "10.66",
        "201405": "10.98",
        "201406": "11.44",
        "201407": "11.30",
        "201408": "13.83",
        "201409": "13.94",
        "201410": "12.52",
        "201411": "12.05",
        "201412": "12.79",
        "201501": "14.18",
        "201502": "13.88",
        "201503": "14.21",
        "201504": "15.86",
        "201505": "14.87",
        "201506": "13.49",
        "201507": "13.70",
        "201508": "13.32",
        "201509": "12.91",
        "201510": "13.25",
        "201511": "14.07",
        "201512": "14.42",
        "201601": "13.37",
        "201602": "13.38",
        "201603": "13.91",
        "201604": "12.79",
        "201605": "12.19",
        "201606": "12.58",
        "201607": "13.06",
        "201608": "14.76",
        "201609": "15.02",
        "201610": "14.40",
        "201611": "13.33",
        "201612": "14.25",
        "201701": "14.97",
        "201702": "14.88",
        "201703": "15.23",
        "201704": "17.67",
        "201705": "17.00",
        "201706": "18.15",
        "201707": "18.51",
        "201708": "26.88",
        "201709": "34.19",
        "201710": "43.45",
        "201711": "46.76",
        "201712": "53.54",
        "201801": "83.38",
        "201802": "79.20",
        "201803": "78.77",
        "201804": "63.24",
        "201805": "49.59",
        "201806": "42.51",
        "201807": "40.88",
        "201808": "34.21",
        "201809": "28.32",
        "201810": "20.10",
        "201811": "30.54",
        "201812": "33.04",
        "201901": "33.01",
        "201902": "34.98",
        "201903": "35.96",
        "201904": "36.09",
        "201905": "29.49",
        "201906": "29.54",
        "201907": "30.84",
        "201908": "29.50",
        "201909": "29.18",
        "201910": "26.24",
        "201911": "25.07",
        "201912": "24.11",
        "202001": "23.63",
        "202002": "20.73",
        "202003": "16.81",
        "202004": "17.83",
        "202005": "23.65",
        "202006": "32.30",
        "202007": "33.43",
        "202008": "43.67",
        "202009": "47.69",
        "202010": "52.17",
        "202011": "50.42",
        "202012": "48.66",
        "202101": "43.24",
        "202102": "42.54",
        "202103": "44.28",
        "202104": "55.18",
        "202105": "47.09",
        "202106": "50.77",
        "202107": "56.89",
        "202108": "50.81",
        "202109": "50.34",
        "202110": "45.38",
        "202111": "48.88",
        "202112": "48.64",
        "202201": "50.21",
        "202202": "48.98",
        "202203": "47.66",
        "202204": "46.57",
        "202205": "47.34",
        "202206": "47.67",
        "202207": "42.17",
        "202208": "51.35",
        "202209": "55.55",
        "202210": "47.29",
        "202211": "45.73",
        "202212": "43.25",
        "202301": "40.72",
        "202302": "41.81",
        "202303": "42.53",
        "202304": "41.32",
        "202305": "40.32"
    },
    "quarters": {
        "20011": {
            "year_quarter": 20011,
            "year": 2001,
            "quarter": 1,
            "eps": -0.3,
            "eps_growth_year": -475,
            "eps_4q": -0.6,
            "eps_4q_growth_year": -154.29,
            "roe": -2.6,
            "roe_4q": -2.6,
            "gross_profit": 15837,
            "gross_margin": 9.93,
            "gross_margin_4q_avg": 9.93,
            "net_income": -23748,
            "revenue": 159411,
            "common_shares": 787971,
            "book_valuer_per_share": 11.47,
            "book_valuer_per_share_4q_avg": 11.47,
            "equity": 903511,
            "current_ratio": 108.68,
            "debt_ratio": 40.04,
            "inventory_turnover_ratio": 0.86,
            "account_receivable_turnover_ratio": null,
            "reinvestment_rate": null,
            "research_to_sale_ratio": null,
            "price_fair": 0,
            "eps_avg_yearly": 0,
            "eps_latest_yearly": 0,
            "eps_growth_yearly": 0
        },
        "20012": {
            "year_quarter": 20012,
            "year": 2001,
            "quarter": 2,
            "eps": -0.31,
            "eps_growth_year": null,
            "eps_4q": -0.73,
            "eps_4q_growth_year": -199.6,
            "roe": -2.72,
            "roe_4q": -5.32,
            "gross_profit": 21496,
            "gross_margin": 13.18,
            "gross_margin_4q_avg": 11.56,
            "net_income": -24276,
            "revenue": 163084,
            "common_shares": 787971,
            "book_valuer_per_share": 11.17,
            "book_valuer_per_share_4q_avg": 11.32,
            "equity": 880124,
            "current_ratio": 102.49,
            "debt_ratio": 43.66,
            "inventory_turnover_ratio": 0.76,
            "account_receivable_turnover_ratio": null,
            "reinvestment_rate": null,
            "research_to_sale_ratio": null,
            "price_fair": 0,
            "eps_avg_yearly": 0,
            "eps_latest_yearly": 0,
            "eps_growth_yearly": 0
        },
        "20013": {
            "year_quarter": 20013,
            "year": 2001,
            "quarter": 3,
            "eps": -0.5,
            "eps_growth_year": null,
            "eps_4q": -1.13,
            "eps_4q_growth_year": -4597.61,
            "roe": -4.61,
            "roe_4q": -9.93,
            "gross_profit": 10204,
            "gross_margin": 6.4,
            "gross_margin_4q_avg": 9.84,
            "net_income": -39661,
            "revenue": 159351,
            "common_shares": 787971,
            "book_valuer_per_share": 10.67,
            "book_valuer_per_share_4q_avg": 11.1,
            "equity": 840874,
            "current_ratio": 96.22,
            "debt_ratio": 46.46,
            "inventory_turnover_ratio": 0.72,
            "account_receivable_turnover_ratio": null,
            "reinvestment_rate": null,
            "research_to_sale_ratio": null,
            "price_fair": 0,
            "eps_avg_yearly": 0,
            "eps_latest_yearly": 0,
            "eps_growth_yearly": 0
        },
        "20014": {
            "year_quarter": 20014,
            "year": 2001,
            "quarter": 4,
            "eps": -0.33,
            "eps_growth_year": null,
            "eps_4q": -1.44,
            "eps_4q_growth_year": null,
            "roe": -3.11,
            "roe_4q": -13.040000000000001,
            "gross_profit": 14915,
            "gross_margin": 8.8,
            "gross_margin_4q_avg": 9.58,
            "net_income": -25779,
            "revenue": 169463,
            "common_shares": 787971,
            "book_valuer_per_share": 10.35,
            "book_valuer_per_share_4q_avg": 10.92,
            "equity": 815702,
            "current_ratio": 92.23,
            "debt_ratio": 50.38,
            "inventory_turnover_ratio": 0.72,
            "account_receivable_turnover_ratio": null,
            "reinvestment_rate": null,
            "research_to_sale_ratio": null,
            "price_fair": 0,
            "eps_avg_yearly": 0,
            "eps_latest_yearly": 0,
            "eps_growth_yearly": 0
        },
        "20021": {
            "year_quarter": 20021,
            "year": 2002,
            "quarter": 1,
            "eps": -0.43,
            "eps_growth_year": null,
            "eps_4q": -1.56,
            "eps_4q_growth_year": null,
            "roe": -4.27,
            "roe_4q": -14.709999999999999,
            "gross_profit": 13872,
            "gross_margin": 9.72,
            "gross_margin_4q_avg": 9.53,
            "net_income": -34126,
            "revenue": 142773,
            "common_shares": 787971,
            "book_valuer_per_share": 9.92,
            "book_valuer_per_share_4q_avg": 10.53,
            "equity": 781679,
            "current_ratio": 106,
            "debt_ratio": 49.31,
            "inventory_turnover_ratio": 0.57,
            "account_receivable_turnover_ratio": null,
            "reinvestment_rate": null,
            "research_to_sale_ratio": null,
            "price_fair": 0,
            "eps_avg_yearly": 0,
            "eps_latest_yearly": 0,
            "eps_growth_yearly": 0
        },
        "20022": {
            "year_quarter": 20022,
            "year": 2002,
            "quarter": 2,
            "eps": -0.26,
            "eps_growth_year": null,
            "eps_4q": -1.53,
            "eps_4q_growth_year": null,
            "roe": -2.71,
            "roe_4q": -14.7,
            "gross_profit": 10978,
            "gross_margin": 6.32,
            "gross_margin_4q_avg": 7.81,
            "net_income": -20839,
            "revenue": 173616,
            "common_shares": 787971,
            "book_valuer_per_share": 9.63,
            "book_valuer_per_share_4q_avg": 10.14,
            "equity": 758473,
            "current_ratio": 94.04,
            "debt_ratio": 50.09,
            "inventory_turnover_ratio": 0.72,
            "account_receivable_turnover_ratio": null,
            "reinvestment_rate": null,
            "research_to_sale_ratio": null,
            "price_fair": 0,
            "eps_avg_yearly": 0,
            "eps_latest_yearly": 0,
            "eps_growth_yearly": 0
        },
        "20023": {
            "year_quarter": 20023,
            "year": 2002,
            "quarter": 3,
            "eps": -0.58,
            "eps_growth_year": null,
            "eps_4q": -1.61,
            "eps_4q_growth_year": null,
            "roe": -6.21,
            "roe_4q": -16.3,
            "gross_profit": 14787,
            "gross_margin": 9.36,
            "gross_margin_4q_avg": 8.55,
            "net_income": -45786,
            "revenue": 157996,
            "common_shares": 787971,
            "book_valuer_per_share": 9.08,
            "book_valuer_per_share_4q_avg": 9.75,
            "equity": 715317,
            "current_ratio": 86.79,
            "debt_ratio": 52.69,
            "inventory_turnover_ratio": 0.64,
            "account_receivable_turnover_ratio": null,
            "reinvestment_rate": null,
            "research_to_sale_ratio": null,
            "price_fair": 0,
            "eps_avg_yearly": 0,
            "eps_latest_yearly": 0,
            "eps_growth_yearly": 0
        },
        "20024": {
            "year_quarter": 20024,
            "year": 2002,
            "quarter": 4,
            "eps": -0.45,
            "eps_growth_year": null,
            "eps_4q": -1.73,
            "eps_4q_growth_year": null,
            "roe": -5.14,
            "roe_4q": -18.33,
            "gross_profit": 3382,
            "gross_margin": 3.54,
            "gross_margin_4q_avg": 7.24,
            "net_income": -35807,
            "revenue": 95652,
            "common_shares": 787971,
            "book_valuer_per_share": 8.62,
            "book_valuer_per_share_4q_avg": 9.31,
            "equity": 679227,
            "current_ratio": 98.41,
            "debt_ratio": 52.58,
            "inventory_turnover_ratio": 0.41,
            "account_receivable_turnover_ratio": null,
            "reinvestment_rate": null,
            "research_to_sale_ratio": null,
            "price_fair": 0,
            "eps_avg_yearly": 0,
            "eps_latest_yearly": 0,
            "eps_growth_yearly": 0
        },
        "20031": {
            "year_quarter": 20031,
            "year": 2003,
            "quarter": 1,
            "eps": -0.31,
            "eps_growth_year": null,
            "eps_4q": -1.6,
            "eps_4q_growth_year": null,
            "roe": -3.7,
            "roe_4q": -17.76,
            "gross_profit": 10400,
            "gross_margin": 10.12,
            "gross_margin_4q_avg": 7.34,
            "net_income": -24693,
            "revenue": 102735,
            "common_shares": 787971,
            "book_valuer_per_share": 8.31,
            "book_valuer_per_share_4q_avg": 8.91,
            "equity": 654516,
            "current_ratio": 99.55,
            "debt_ratio": 53.34,
            "inventory_turnover_ratio": 0.43,
            "account_receivable_turnover_ratio": null,
            "reinvestment_rate": null,
            "research_to_sale_ratio": null,
            "price_fair": 0,
            "eps_avg_yearly": 0,
            "eps_latest_yearly": 0,
            "eps_growth_yearly": 0
        },
        "20032": {
            "year_quarter": 20032,
            "year": 2003,
            "quarter": 2,
            "eps": -0.05,
            "eps_growth_year": null,
            "eps_4q": -1.4,
            "eps_4q_growth_year": null,
            "roe": -0.64,
            "roe_4q": -15.690000000000001,
            "gross_profit": 31385,
            "gross_margin": 19.89,
            "gross_margin_4q_avg": 10.73,
            "net_income": -4147,
            "revenue": 157772,
            "common_shares": 787971,
            "book_valuer_per_share": 8.25,
            "book_valuer_per_share_4q_avg": 8.57,
            "equity": 650173,
            "current_ratio": 98.96,
            "debt_ratio": 53.86,
            "inventory_turnover_ratio": 0.62,
            "account_receivable_turnover_ratio": null,
            "reinvestment_rate": null,
            "research_to_sale_ratio": null,
            "price_fair": 0,
            "eps_avg_yearly": 0,
            "eps_latest_yearly": 0,
            "eps_growth_yearly": 0
        },
        "20033": {
            "year_quarter": 20033,
            "year": 2003,
            "quarter": 3,
            "eps": -0.03,
            "eps_growth_year": null,
            "eps_4q": -0.85,
            "eps_4q_growth_year": null,
            "roe": -0.39,
            "roe_4q": -9.870000000000001,
            "gross_profit": 38662,
            "gross_margin": 20.4,
            "gross_margin_4q_avg": 13.49,
            "net_income": -2553,
            "revenue": 189500,
            "common_shares": 787971,
            "book_valuer_per_share": 8.2,
            "book_valuer_per_share_4q_avg": 8.35,
            "equity": 646390,
            "current_ratio": 99.4,
            "debt_ratio": 55.18,
            "inventory_turnover_ratio": 0.78,
            "account_receivable_turnover_ratio": null,
            "reinvestment_rate": null,
            "research_to_sale_ratio": null,
            "price_fair": 0,
            "eps_avg_yearly": 0,
            "eps_latest_yearly": 0,
            "eps_growth_yearly": 0
        },
        "20034": {
            "year_quarter": 20034,
            "year": 2003,
            "quarter": 4,
            "eps": 0.1,
            "eps_growth_year": null,
            "eps_4q": -0.29,
            "eps_4q_growth_year": null,
            "roe": 1.25,
            "roe_4q": -3.4800000000000004,
            "gross_profit": 32496,
            "gross_margin": 19.2,
            "gross_margin_4q_avg": 17.4,
            "net_income": 8128,
            "revenue": 169222,
            "common_shares": 787971,
            "book_valuer_per_share": 8.31,
            "book_valuer_per_share_4q_avg": 8.27,
            "equity": 654759,
            "current_ratio": 118.41,
            "debt_ratio": 56.95,
            "inventory_turnover_ratio": 0.72,
            "account_receivable_turnover_ratio": null,
            "reinvestment_rate": null,
            "research_to_sale_ratio": null,
            "price_fair": 0,
            "eps_avg_yearly": 0,
            "eps_latest_yearly": 0,
            "eps_growth_yearly": 0
        },
        "20041": {
            "year_quarter": 20041,
            "year": 2004,
            "quarter": 1,
            "eps": -0.38,
            "eps_growth_year": null,
            "eps_4q": -0.36,
            "eps_4q_growth_year": null,
            "roe": -4.64,
            "roe_4q": -4.42,
            "gross_profit": 6578,
            "gross_margin": 6.96,
            "gross_margin_4q_avg": 16.61,
            "net_income": -29651,
            "revenue": 94476,
            "common_shares": 787971,
            "book_valuer_per_share": 7.92,
            "book_valuer_per_share_4q_avg": 8.17,
            "equity": 623730,
            "current_ratio": 134.98,
            "debt_ratio": 52.58,
            "inventory_turnover_ratio": 0.47,
            "account_receivable_turnover_ratio": null,
            "reinvestment_rate": null,
            "research_to_sale_ratio": null,
            "price_fair": 0,
            "eps_avg_yearly": 0,
            "eps_latest_yearly": 0,
            "eps_growth_yearly": 0
        },
        "20042": {
            "year_quarter": 20042,
            "year": 2004,
            "quarter": 2,
            "eps": -0.26,
            "eps_growth_year": null,
            "eps_4q": -0.56,
            "eps_4q_growth_year": null,
            "roe": -3.28,
            "roe_4q": -7.06,
            "gross_profit": 27981,
            "gross_margin": 15.52,
            "gross_margin_4q_avg": 15.52,
            "net_income": -20149,
            "revenue": 180293,
            "common_shares": 787971,
            "book_valuer_per_share": 7.67,
            "book_valuer_per_share_4q_avg": 8.03,
            "equity": 604445,
            "current_ratio": 117.16,
            "debt_ratio": 54.53,
            "inventory_turnover_ratio": 0.79,
            "account_receivable_turnover_ratio": null,
            "reinvestment_rate": null,
            "research_to_sale_ratio": null,
            "price_fair": 0,
            "eps_avg_yearly": 0,
            "eps_latest_yearly": 0,
            "eps_growth_yearly": 0
        },
        "20043": {
            "year_quarter": 20043,
            "year": 2004,
            "quarter": 3,
            "eps": -0.05,
            "eps_growth_year": null,
            "eps_4q": -0.58,
            "eps_4q_growth_year": null,
            "roe": -0.68,
            "roe_4q": -7.35,
            "gross_profit": 23155,
            "gross_margin": 14.78,
            "gross_margin_4q_avg": 14.12,
            "net_income": -4078,
            "revenue": 156684,
            "common_shares": 787971,
            "book_valuer_per_share": 7.63,
            "book_valuer_per_share_4q_avg": 7.88,
            "equity": 601156,
            "current_ratio": 95.43,
            "debt_ratio": 52.79,
            "inventory_turnover_ratio": 0.62,
            "account_receivable_turnover_ratio": null,
            "reinvestment_rate": null,
            "research_to_sale_ratio": null,
            "price_fair": 0,
            "eps_avg_yearly": 0,
            "eps_latest_yearly": 0,
            "eps_growth_yearly": 0
        },
        "20044": {
            "year_quarter": 20044,
            "year": 2004,
            "quarter": 4,
            "eps": -0.43,
            "eps_growth_year": -530,
            "eps_4q": -1.12,
            "eps_4q_growth_year": null,
            "roe": -5.83,
            "roe_4q": -14.43,
            "gross_profit": 3149,
            "gross_margin": 3.09,
            "gross_margin_4q_avg": 10.09,
            "net_income": -33981,
            "revenue": 101851,
            "common_shares": 787971,
            "book_valuer_per_share": 7.17,
            "book_valuer_per_share_4q_avg": 7.6,
            "equity": 564799,
            "current_ratio": 91.36,
            "debt_ratio": 53.02,
            "inventory_turnover_ratio": 0.41,
            "account_receivable_turnover_ratio": null,
            "reinvestment_rate": null,
            "research_to_sale_ratio": null,
            "price_fair": 0,
            "eps_avg_yearly": 0,
            "eps_latest_yearly": 0,
            "eps_growth_yearly": 0
        },
        "20051": {
            "year_quarter": 20051,
            "year": 2005,
            "quarter": 1,
            "eps": -0.59,
            "eps_growth_year": null,
            "eps_4q": -1.33,
            "eps_4q_growth_year": null,
            "roe": -8.52,
            "roe_4q": -18.31,
            "gross_profit": 938,
            "gross_margin": 0.91,
            "gross_margin_4q_avg": 8.58,
            "net_income": -46161,
            "revenue": 103490,
            "common_shares": 787971,
            "book_valuer_per_share": 6.58,
            "book_valuer_per_share_4q_avg": 7.26,
            "equity": 518479,
            "current_ratio": 100.39,
            "debt_ratio": 54.3,
            "inventory_turnover_ratio": 0.44,
            "account_receivable_turnover_ratio": null,
            "reinvestment_rate": null,
            "research_to_sale_ratio": null,
            "price_fair": 0,
            "eps_avg_yearly": 0,
            "eps_latest_yearly": 0,
            "eps_growth_yearly": 0
        },
        "20052": {
            "year_quarter": 20052,
            "year": 2005,
            "quarter": 2,
            "eps": -0.57,
            "eps_growth_year": null,
            "eps_4q": -1.64,
            "eps_4q_growth_year": null,
            "roe": -9.04,
            "roe_4q": -24.07,
            "gross_profit": -1172,
            "gross_margin": -1.07,
            "gross_margin_4q_avg": 4.43,
            "net_income": -44830,
            "revenue": 109280,
            "common_shares": 787971,
            "book_valuer_per_share": 6.01,
            "book_valuer_per_share_4q_avg": 6.85,
            "equity": 473714,
            "current_ratio": 77.35,
            "debt_ratio": 56.13,
            "inventory_turnover_ratio": 0.53,
            "account_receivable_turnover_ratio": null,
            "reinvestment_rate": null,
            "research_to_sale_ratio": null,
            "price_fair": 0,
            "eps_avg_yearly": 0,
            "eps_latest_yearly": 0,
            "eps_growth_yearly": 0
        },
        "20053": {
            "year_quarter": 20053,
            "year": 2005,
            "quarter": 3,
            "eps": -0.45,
            "eps_growth_year": null,
            "eps_4q": -2.03,
            "eps_4q_growth_year": null,
            "roe": -7.71,
            "roe_4q": -31.1,
            "gross_profit": 2431,
            "gross_margin": 2.66,
            "gross_margin_4q_avg": 1.4,
            "net_income": -35242,
            "revenue": 91365,
            "common_shares": 787971,
            "book_valuer_per_share": 5.58,
            "book_valuer_per_share_4q_avg": 6.34,
            "equity": 439892,
            "current_ratio": 74.35,
            "debt_ratio": 57.62,
            "inventory_turnover_ratio": 0.44,
            "account_receivable_turnover_ratio": null,
            "reinvestment_rate": null,
            "research_to_sale_ratio": null,
            "price_fair": 0,
            "eps_avg_yearly": 0,
            "eps_latest_yearly": 0,
            "eps_growth_yearly": 0
        },
        "20054": {
            "year_quarter": 20054,
            "year": 2005,
            "quarter": 4,
            "eps": -0.62,
            "eps_growth_year": null,
            "eps_4q": -2.87,
            "eps_4q_growth_year": null,
            "roe": -8.28,
            "roe_4q": -33.55,
            "gross_profit": -3628,
            "gross_margin": -4.91,
            "gross_margin_4q_avg": -0.6,
            "net_income": -34959,
            "revenue": 73851,
            "common_shares": 561270,
            "book_valuer_per_share": 7.21,
            "book_valuer_per_share_4q_avg": 6.35,
            "equity": 404719,
            "current_ratio": 72.91,
            "debt_ratio": 59.4,
            "inventory_turnover_ratio": 0.39,
            "account_receivable_turnover_ratio": null,
            "reinvestment_rate": null,
            "research_to_sale_ratio": null,
            "price_fair": 0,
            "eps_avg_yearly": 0,
            "eps_latest_yearly": 0,
            "eps_growth_yearly": 0
        },
        "20061": {
            "year_quarter": 20061,
            "year": 2006,
            "quarter": 1,
            "eps": -0.39,
            "eps_growth_year": null,
            "eps_4q": -2.46,
            "eps_4q_growth_year": null,
            "roe": -5.51,
            "roe_4q": -30.54,
            "gross_profit": -7015,
            "gross_margin": -7.16,
            "gross_margin_4q_avg": -2.62,
            "net_income": -21682,
            "revenue": 97910,
            "common_shares": 561270,
            "book_valuer_per_share": 6.82,
            "book_valuer_per_share_4q_avg": 6.41,
            "equity": 382733,
            "current_ratio": 63.21,
            "debt_ratio": 61.12,
            "inventory_turnover_ratio": 0.57,
            "account_receivable_turnover_ratio": null,
            "reinvestment_rate": null,
            "research_to_sale_ratio": null,
            "price_fair": 0,
            "eps_avg_yearly": 0,
            "eps_latest_yearly": 0,
            "eps_growth_yearly": 0
        },
        "20062": {
            "year_quarter": 20062,
            "year": 2006,
            "quarter": 2,
            "eps": -0.21,
            "eps_growth_year": null,
            "eps_4q": -1.85,
            "eps_4q_growth_year": null,
            "roe": -3.2,
            "roe_4q": -24.700000000000003,
            "gross_profit": 559,
            "gross_margin": 0.47,
            "gross_margin_4q_avg": -2.24,
            "net_income": -11992,
            "revenue": 120130,
            "common_shares": 561270,
            "book_valuer_per_share": 6.54,
            "book_valuer_per_share_4q_avg": 6.54,
            "equity": 367347,
            "current_ratio": 62.68,
            "debt_ratio": 62.35,
            "inventory_turnover_ratio": 0.72,
            "account_receivable_turnover_ratio": null,
            "reinvestment_rate": null,
            "research_to_sale_ratio": null,
            "price_fair": 0,
            "eps_avg_yearly": 0,
            "eps_latest_yearly": 0,
            "eps_growth_yearly": 0
        },
        "20063": {
            "year_quarter": 20063,
            "year": 2006,
            "quarter": 3,
            "eps": -0.22,
            "eps_growth_year": null,
            "eps_4q": -1.44,
            "eps_4q_growth_year": null,
            "roe": -3.36,
            "roe_4q": -20.35,
            "gross_profit": 14224,
            "gross_margin": 12.1,
            "gross_margin_4q_avg": 0.13,
            "net_income": -12160,
            "revenue": 117516,
            "common_shares": 561270,
            "book_valuer_per_share": 6.34,
            "book_valuer_per_share_4q_avg": 6.73,
            "equity": 355703,
            "current_ratio": 62.84,
            "debt_ratio": 63.23,
            "inventory_turnover_ratio": 0.64,
            "account_receivable_turnover_ratio": null,
            "reinvestment_rate": null,
            "research_to_sale_ratio": null,
            "price_fair": 0,
            "eps_avg_yearly": 0,
            "eps_latest_yearly": 0,
            "eps_growth_yearly": 0
        },
        "20064": {
            "year_quarter": 20064,
            "year": 2006,
            "quarter": 4,
            "eps": -0.12,
            "eps_growth_year": null,
            "eps_4q": -0.91,
            "eps_4q_growth_year": null,
            "roe": -1.81,
            "roe_4q": -13.88,
            "gross_profit": 15243,
            "gross_margin": 14.02,
            "gross_margin_4q_avg": 4.86,
            "net_income": -7141,
            "revenue": 108714,
            "common_shares": 790000,
            "book_valuer_per_share": 5.51,
            "book_valuer_per_share_4q_avg": 6.3,
            "equity": 435150,
            "current_ratio": 81.92,
            "debt_ratio": 55.35,
            "inventory_turnover_ratio": 0.55,
            "account_receivable_turnover_ratio": null,
            "reinvestment_rate": null,
            "research_to_sale_ratio": null,
            "price_fair": 0,
            "eps_avg_yearly": 0,
            "eps_latest_yearly": 0,
            "eps_growth_yearly": 0
        },
        "20071": {
            "year_quarter": 20071,
            "year": 2007,
            "quarter": 1,
            "eps": -0.28,
            "eps_growth_year": null,
            "eps_4q": -0.68,
            "eps_4q_growth_year": null,
            "roe": -5.18,
            "roe_4q": -13.55,
            "gross_profit": 11063,
            "gross_margin": 9.14,
            "gross_margin_4q_avg": 8.93,
            "net_income": -21985,
            "revenue": 121020,
            "common_shares": 790000,
            "book_valuer_per_share": 5.23,
            "book_valuer_per_share_4q_avg": 5.91,
            "equity": 412928,
            "current_ratio": 79.77,
            "debt_ratio": 55.86,
            "inventory_turnover_ratio": 0.68,
            "account_receivable_turnover_ratio": null,
            "reinvestment_rate": null,
            "research_to_sale_ratio": null,
            "price_fair": 0,
            "eps_avg_yearly": 0,
            "eps_latest_yearly": 0,
            "eps_growth_yearly": 0
        },
        "20072": {
            "year_quarter": 20072,
            "year": 2007,
            "quarter": 2,
            "eps": -0.41,
            "eps_growth_year": null,
            "eps_4q": -1.07,
            "eps_4q_growth_year": null,
            "roe": -6.5,
            "roe_4q": -16.85,
            "gross_profit": 17303,
            "gross_margin": 14.66,
            "gross_margin_4q_avg": 12.48,
            "net_income": -26006,
            "revenue": 118040,
            "common_shares": 628970,
            "book_valuer_per_share": 6.15,
            "book_valuer_per_share_4q_avg": 5.81,
            "equity": 386792,
            "current_ratio": 75.45,
            "debt_ratio": 58.01,
            "inventory_turnover_ratio": 0.67,
            "account_receivable_turnover_ratio": null,
            "reinvestment_rate": null,
            "research_to_sale_ratio": null,
            "price_fair": 0,
            "eps_avg_yearly": 0,
            "eps_latest_yearly": 0,
            "eps_growth_yearly": 0
        },
        "20073": {
            "year_quarter": 20073,
            "year": 2007,
            "quarter": 3,
            "eps": 0.05,
            "eps_growth_year": null,
            "eps_4q": -0.81,
            "eps_4q_growth_year": null,
            "roe": 0.83,
            "roe_4q": -12.66,
            "gross_profit": 27837,
            "gross_margin": 23.35,
            "gross_margin_4q_avg": 15.29,
            "net_income": 3212,
            "revenue": 119228,
            "common_shares": 628970,
            "book_valuer_per_share": 6.2,
            "book_valuer_per_share_4q_avg": 5.77,
            "equity": 389956,
            "current_ratio": 75.23,
            "debt_ratio": 56.42,
            "inventory_turnover_ratio": 0.58,
            "account_receivable_turnover_ratio": null,
            "reinvestment_rate": null,
            "research_to_sale_ratio": null,
            "price_fair": 0,
            "eps_avg_yearly": 0,
            "eps_latest_yearly": 0,
            "eps_growth_yearly": 0
        },
        "20074": {
            "year_quarter": 20074,
            "year": 2007,
            "quarter": 4,
            "eps": 0.22,
            "eps_growth_year": null,
            "eps_4q": -0.5,
            "eps_4q_growth_year": null,
            "roe": 3.47,
            "roe_4q": -7.38,
            "gross_profit": 18561,
            "gross_margin": 16.25,
            "gross_margin_4q_avg": 15.85,
            "net_income": 13761,
            "revenue": 114251,
            "common_shares": 628970,
            "book_valuer_per_share": 6.42,
            "book_valuer_per_share_4q_avg": 6,
            "equity": 403590,
            "current_ratio": 103.7,
            "debt_ratio": 55.98,
            "inventory_turnover_ratio": 0.58,
            "account_receivable_turnover_ratio": null,
            "reinvestment_rate": null,
            "research_to_sale_ratio": null,
            "price_fair": 30.8,
            "eps_avg_yearly": 0.88,
            "eps_latest_yearly": 0.88,
            "eps_growth_yearly": 1360
        },
        "20081": {
            "year_quarter": 20081,
            "year": 2008,
            "quarter": 1,
            "eps": 0.02,
            "eps_growth_year": null,
            "eps_4q": -0.1,
            "eps_4q_growth_year": null,
            "roe": 0.36,
            "roe_4q": -1.8399999999999999,
            "gross_profit": 26912,
            "gross_margin": 15.5,
            "gross_margin_4q_avg": 17.44,
            "net_income": 1453,
            "revenue": 173667,
            "common_shares": 628970,
            "book_valuer_per_share": 6.42,
            "book_valuer_per_share_4q_avg": 6.3,
            "equity": 403965,
            "current_ratio": 95.55,
            "debt_ratio": 55.47,
            "inventory_turnover_ratio": 0.84,
            "account_receivable_turnover_ratio": null,
            "reinvestment_rate": null,
            "research_to_sale_ratio": null,
            "price_fair": 16.8,
            "eps_avg_yearly": 0.48,
            "eps_latest_yearly": 0.08,
            "eps_growth_yearly": 498.18
        },
        "20082": {
            "year_quarter": 20082,
            "year": 2008,
            "quarter": 2,
            "eps": 0.11,
            "eps_growth_year": null,
            "eps_4q": 0.39,
            "eps_4q_growth_year": null,
            "roe": 1.76,
            "roe_4q": 6.42,
            "gross_profit": 23593,
            "gross_margin": 16.49,
            "gross_margin_4q_avg": 17.9,
            "net_income": 7169,
            "revenue": 143104,
            "common_shares": 628970,
            "book_valuer_per_share": 6.54,
            "book_valuer_per_share_4q_avg": 6.4,
            "equity": 411119,
            "current_ratio": 95.18,
            "debt_ratio": 55.23,
            "inventory_turnover_ratio": 0.62,
            "account_receivable_turnover_ratio": null,
            "reinvestment_rate": null,
            "research_to_sale_ratio": null,
            "price_fair": 16.33,
            "eps_avg_yearly": 0.47,
            "eps_latest_yearly": 0.44,
            "eps_growth_yearly": 932.12
        },
        "20083": {
            "year_quarter": 20083,
            "year": 2008,
            "quarter": 3,
            "eps": 0.07,
            "eps_growth_year": 40,
            "eps_4q": 0.41,
            "eps_4q_growth_year": null,
            "roe": 1.13,
            "roe_4q": 6.72,
            "gross_profit": 31746,
            "gross_margin": 18.74,
            "gross_margin_4q_avg": 16.75,
            "net_income": 4676,
            "revenue": 169359,
            "common_shares": 628970,
            "book_valuer_per_share": 6.63,
            "book_valuer_per_share_4q_avg": 6.5,
            "equity": 416928,
            "current_ratio": 138.4,
            "debt_ratio": 57.48,
            "inventory_turnover_ratio": 0.64,
            "account_receivable_turnover_ratio": null,
            "reinvestment_rate": null,
            "research_to_sale_ratio": null,
            "price_fair": 14.7,
            "eps_avg_yearly": 0.42,
            "eps_latest_yearly": 0.28,
            "eps_growth_yearly": 662.73
        },
        "20084": {
            "year_quarter": 20084,
            "year": 2008,
            "quarter": 4,
            "eps": 0,
            "eps_growth_year": -100,
            "eps_4q": 0.22,
            "eps_4q_growth_year": null,
            "roe": 0.08,
            "roe_4q": 3.3299999999999996,
            "gross_profit": 22859,
            "gross_margin": 14.05,
            "gross_margin_4q_avg": 16.2,
            "net_income": 313,
            "revenue": 162711,
            "common_shares": 628970,
            "book_valuer_per_share": 6.64,
            "book_valuer_per_share_4q_avg": 6.56,
            "equity": 417568,
            "current_ratio": 157.72,
            "debt_ratio": 55.47,
            "inventory_turnover_ratio": 0.6,
            "account_receivable_turnover_ratio": null,
            "reinvestment_rate": null,
            "research_to_sale_ratio": null,
            "price_fair": 14.7,
            "eps_avg_yearly": 0.42,
            "eps_latest_yearly": 0.28,
            "eps_growth_yearly": 662.73
        },
        "20091": {
            "year_quarter": 20091,
            "year": 2009,
            "quarter": 1,
            "eps": -0.14,
            "eps_growth_year": -800,
            "eps_4q": 0.05,
            "eps_4q_growth_year": null,
            "roe": -2.12,
            "roe_4q": 0.8499999999999999,
            "gross_profit": 15230,
            "gross_margin": 11.29,
            "gross_margin_4q_avg": 15.14,
            "net_income": -8784,
            "revenue": 134851,
            "common_shares": 628970,
            "book_valuer_per_share": 6.51,
            "book_valuer_per_share_4q_avg": 6.58,
            "equity": 409381,
            "current_ratio": 159.04,
            "debt_ratio": 54.54,
            "inventory_turnover_ratio": 0.53,
            "account_receivable_turnover_ratio": null,
            "reinvestment_rate": null,
            "research_to_sale_ratio": null,
            "price_fair": 14.7,
            "eps_avg_yearly": 0.42,
            "eps_latest_yearly": 0.28,
            "eps_growth_yearly": 662.73
        },
        "20092": {
            "year_quarter": 20092,
            "year": 2009,
            "quarter": 2,
            "eps": -0.19,
            "eps_growth_year": -272.73,
            "eps_4q": -0.25,
            "eps_4q_growth_year": -162.87,
            "roe": -2.91,
            "roe_4q": -3.8200000000000003,
            "gross_profit": 16789,
            "gross_margin": 14.08,
            "gross_margin_4q_avg": 14.54,
            "net_income": -11734,
            "revenue": 119265,
            "common_shares": 628970,
            "book_valuer_per_share": 6.31,
            "book_valuer_per_share_4q_avg": 6.52,
            "equity": 397051,
            "current_ratio": 162.65,
            "debt_ratio": 53.79,
            "inventory_turnover_ratio": 0.48,
            "account_receivable_turnover_ratio": 2.43,
            "reinvestment_rate": null,
            "research_to_sale_ratio": null,
            "price_fair": 14.7,
            "eps_avg_yearly": 0.42,
            "eps_latest_yearly": 0.28,
            "eps_growth_yearly": 662.73
        },
        "20093": {
            "year_quarter": 20093,
            "year": 2009,
            "quarter": 3,
            "eps": -0.08,
            "eps_growth_year": -214.29,
            "eps_4q": -0.4,
            "eps_4q_growth_year": -198.67,
            "roe": -1.25,
            "roe_4q": -6.2,
            "gross_profit": 18499,
            "gross_margin": 16.56,
            "gross_margin_4q_avg": 14,
            "net_income": -4934,
            "revenue": 111738,
            "common_shares": 628970,
            "book_valuer_per_share": 6.23,
            "book_valuer_per_share_4q_avg": 6.42,
            "equity": 391727,
            "current_ratio": 145.78,
            "debt_ratio": 52.81,
            "inventory_turnover_ratio": 0.44,
            "account_receivable_turnover_ratio": 1.35,
            "reinvestment_rate": null,
            "research_to_sale_ratio": null,
            "price_fair": 14.7,
            "eps_avg_yearly": 0.42,
            "eps_latest_yearly": 0.28,
            "eps_growth_yearly": 662.73
        },
        "20094": {
            "year_quarter": 20094,
            "year": 2009,
            "quarter": 4,
            "eps": 0.09,
            "eps_growth_year": null,
            "eps_4q": -0.33,
            "eps_4q_growth_year": -251.06,
            "roe": 1.38,
            "roe_4q": -4.9,
            "gross_profit": 32634,
            "gross_margin": 23.49,
            "gross_margin_4q_avg": 16.36,
            "net_income": 5424,
            "revenue": 138927,
            "common_shares": 628970,
            "book_valuer_per_share": 6.31,
            "book_valuer_per_share_4q_avg": 6.34,
            "equity": 397092,
            "current_ratio": 147.35,
            "debt_ratio": 52.67,
            "inventory_turnover_ratio": 0.52,
            "account_receivable_turnover_ratio": 1.69,
            "reinvestment_rate": null,
            "research_to_sale_ratio": null,
            "price_fair": 14.7,
            "eps_avg_yearly": 0.42,
            "eps_latest_yearly": 0.28,
            "eps_growth_yearly": 662.73
        },
        "20101": {
            "year_quarter": 20101,
            "year": 2010,
            "quarter": 1,
            "eps": null,
            "eps_growth_year": null,
            "eps_4q": null,
            "eps_4q_growth_year": null,
            "roe": null,
            "roe_4q": -2.7800000000000002,
            "gross_profit": 31576,
            "gross_margin": null,
            "gross_margin_4q_avg": 13.53,
            "net_income": 4675,
            "revenue": 148668,
            "common_shares": 628970,
            "book_valuer_per_share": 6.39,
            "book_valuer_per_share_4q_avg": 6.31,
            "equity": 401685,
            "current_ratio": 146.53,
            "debt_ratio": 52.7,
            "inventory_turnover_ratio": null,
            "account_receivable_turnover_ratio": null,
            "reinvestment_rate": null,
            "research_to_sale_ratio": null,
            "price_fair": 14.7,
            "eps_avg_yearly": 0.42,
            "eps_latest_yearly": 0.28,
            "eps_growth_yearly": 662.73
        },
        "20102": {
            "year_quarter": 20102,
            "year": 2010,
            "quarter": 2,
            "eps": -0.01,
            "eps_growth_year": null,
            "eps_4q": -0.01,
            "eps_4q_growth_year": null,
            "roe": -0.2,
            "roe_4q": -0.07000000000000006,
            "gross_profit": 36784,
            "gross_margin": 20.67,
            "gross_margin_4q_avg": 15.18,
            "net_income": -821,
            "revenue": 177945,
            "common_shares": 628970,
            "book_valuer_per_share": 6.38,
            "book_valuer_per_share_4q_avg": 6.33,
            "equity": 401044,
            "current_ratio": 148.92,
            "debt_ratio": 54.02,
            "inventory_turnover_ratio": 0.71,
            "account_receivable_turnover_ratio": 3.29,
            "reinvestment_rate": null,
            "research_to_sale_ratio": null,
            "price_fair": 14.7,
            "eps_avg_yearly": 0.42,
            "eps_latest_yearly": 0.28,
            "eps_growth_yearly": 662.73
        },
        "20103": {
            "year_quarter": 20103,
            "year": 2010,
            "quarter": 3,
            "eps": 0.08,
            "eps_growth_year": null,
            "eps_4q": 0.17,
            "eps_4q_growth_year": null,
            "roe": 1.01,
            "roe_4q": 2.19,
            "gross_profit": 26009,
            "gross_margin": 17.81,
            "gross_margin_4q_avg": 15.49,
            "net_income": 4064,
            "revenue": 146054,
            "common_shares": 500000,
            "book_valuer_per_share": 8.09,
            "book_valuer_per_share_4q_avg": 6.79,
            "equity": 404727,
            "current_ratio": 144.25,
            "debt_ratio": 54.3,
            "inventory_turnover_ratio": 0.55,
            "account_receivable_turnover_ratio": 1.34,
            "reinvestment_rate": null,
            "research_to_sale_ratio": 2.93,
            "price_fair": 14.7,
            "eps_avg_yearly": 0.42,
            "eps_latest_yearly": 0.28,
            "eps_growth_yearly": 662.73
        },
        "20104": {
            "year_quarter": 20104,
            "year": 2010,
            "quarter": 4,
            "eps": -0.08,
            "eps_growth_year": -184.49,
            "eps_4q": -0.01,
            "eps_4q_growth_year": null,
            "roe": -0.94,
            "roe_4q": -0.12999999999999995,
            "gross_profit": 27962,
            "gross_margin": 17.63,
            "gross_margin_4q_avg": 14.03,
            "net_income": -3802,
            "revenue": 158630,
            "common_shares": 500000,
            "book_valuer_per_share": 8,
            "book_valuer_per_share_4q_avg": 7.22,
            "equity": 399984,
            "current_ratio": 146.14,
            "debt_ratio": 55.12,
            "inventory_turnover_ratio": 0.57,
            "account_receivable_turnover_ratio": 1.42,
            "reinvestment_rate": null,
            "research_to_sale_ratio": 2.09,
            "price_fair": 14.7,
            "eps_avg_yearly": 0.42,
            "eps_latest_yearly": 0.28,
            "eps_growth_yearly": 662.73
        },
        "20111": {
            "year_quarter": 20111,
            "year": 2011,
            "quarter": 1,
            "eps": 0.1,
            "eps_growth_year": null,
            "eps_4q": 0.09,
            "eps_4q_growth_year": null,
            "roe": 1.22,
            "roe_4q": 1.09,
            "gross_profit": 24609,
            "gross_margin": 17.3,
            "gross_margin_4q_avg": 18.35,
            "net_income": 4935,
            "revenue": 142224,
            "common_shares": 500000,
            "book_valuer_per_share": 8.12,
            "book_valuer_per_share_4q_avg": 7.65,
            "equity": 405754,
            "current_ratio": 165.89,
            "debt_ratio": 55.48,
            "inventory_turnover_ratio": 0.5,
            "account_receivable_turnover_ratio": 1.14,
            "reinvestment_rate": null,
            "research_to_sale_ratio": 2.24,
            "price_fair": 14.7,
            "eps_avg_yearly": 0.42,
            "eps_latest_yearly": 0.28,
            "eps_growth_yearly": 662.73
        },
        "20112": {
            "year_quarter": 20112,
            "year": 2011,
            "quarter": 2,
            "eps": 0.32,
            "eps_growth_year": null,
            "eps_4q": 0.42,
            "eps_4q_growth_year": null,
            "roe": 3.87,
            "roe_4q": 5.16,
            "gross_profit": 39725,
            "gross_margin": 20.73,
            "gross_margin_4q_avg": 18.37,
            "net_income": 15986,
            "revenue": 191596,
            "common_shares": 500000,
            "book_valuer_per_share": 8.42,
            "book_valuer_per_share_4q_avg": 8.16,
            "equity": 421064,
            "current_ratio": 166.2,
            "debt_ratio": 53.47,
            "inventory_turnover_ratio": 0.64,
            "account_receivable_turnover_ratio": 1.52,
            "reinvestment_rate": 107.59,
            "research_to_sale_ratio": 1.96,
            "price_fair": 20.72,
            "eps_avg_yearly": 0.59,
            "eps_latest_yearly": 1.28,
            "eps_growth_yearly": 706.18
        },
        "20113": {
            "year_quarter": 20113,
            "year": 2011,
            "quarter": 3,
            "eps": 0.34,
            "eps_growth_year": 317.25,
            "eps_4q": 0.68,
            "eps_4q_growth_year": 293.17,
            "roe": 3.94,
            "roe_4q": 8.090000000000002,
            "gross_profit": 40990,
            "gross_margin": 24.41,
            "gross_margin_4q_avg": 20.02,
            "net_income": 16957,
            "revenue": 167946,
            "common_shares": 500000,
            "book_valuer_per_share": 8.8,
            "book_valuer_per_share_4q_avg": 8.34,
            "equity": 439989,
            "current_ratio": 180.1,
            "debt_ratio": 52.58,
            "inventory_turnover_ratio": 0.5,
            "account_receivable_turnover_ratio": 1.42,
            "reinvestment_rate": 102.59,
            "research_to_sale_ratio": 1.78,
            "price_fair": 25.2,
            "eps_avg_yearly": 0.72,
            "eps_latest_yearly": 1.36,
            "eps_growth_yearly": 592.65
        },
        "20114": {
            "year_quarter": 20114,
            "year": 2011,
            "quarter": 4,
            "eps": -0.24,
            "eps_growth_year": null,
            "eps_4q": 0.52,
            "eps_4q_growth_year": null,
            "roe": -2.77,
            "roe_4q": 6.26,
            "gross_profit": 22310,
            "gross_margin": 14,
            "gross_margin_4q_avg": 19.11,
            "net_income": -12028,
            "revenue": 159330,
            "common_shares": 500000,
            "book_valuer_per_share": 8.55,
            "book_valuer_per_share_4q_avg": 8.47,
            "equity": 427672,
            "current_ratio": 201.83,
            "debt_ratio": 54.96,
            "inventory_turnover_ratio": 0.51,
            "account_receivable_turnover_ratio": 1.35,
            "reinvestment_rate": -13.9,
            "research_to_sale_ratio": 2.18,
            "price_fair": 24.08,
            "eps_avg_yearly": 0.69,
            "eps_latest_yearly": 1.36,
            "eps_growth_yearly": 439.18
        },
        "20121": {
            "year_quarter": 20121,
            "year": 2012,
            "quarter": 1,
            "eps": 0.01,
            "eps_growth_year": -90,
            "eps_4q": 0.43,
            "eps_4q_growth_year": 393.24,
            "roe": 0.16,
            "roe_4q": 5.2,
            "gross_profit": 25764,
            "gross_margin": 17.49,
            "gross_margin_4q_avg": 19.16,
            "net_income": 669,
            "revenue": 147299,
            "common_shares": 500000,
            "book_valuer_per_share": 8.55,
            "book_valuer_per_share_4q_avg": 8.58,
            "equity": 427567,
            "current_ratio": 191.99,
            "debt_ratio": 55.66,
            "inventory_turnover_ratio": 0.44,
            "account_receivable_turnover_ratio": 1.18,
            "reinvestment_rate": -4.18,
            "research_to_sale_ratio": 2.06,
            "price_fair": 29.4,
            "eps_avg_yearly": 0.84,
            "eps_latest_yearly": 1.36,
            "eps_growth_yearly": 639.89
        },
        "20122": {
            "year_quarter": 20122,
            "year": 2012,
            "quarter": 2,
            "eps": 0.08,
            "eps_growth_year": -73.83,
            "eps_4q": 0.2,
            "eps_4q_growth_year": -53.82,
            "roe": 0.97,
            "roe_4q": 2.3,
            "gross_profit": 32455,
            "gross_margin": 19.02,
            "gross_margin_4q_avg": 18.73,
            "net_income": 4184,
            "revenue": 170596,
            "common_shares": 500000,
            "book_valuer_per_share": 8.64,
            "book_valuer_per_share_4q_avg": 8.64,
            "equity": 432194,
            "current_ratio": 165.94,
            "debt_ratio": 56.59,
            "inventory_turnover_ratio": 0.49,
            "account_receivable_turnover_ratio": 1.32,
            "reinvestment_rate": -18.49,
            "research_to_sale_ratio": 2.08,
            "price_fair": 28.35,
            "eps_avg_yearly": 0.81,
            "eps_latest_yearly": 0.32,
            "eps_growth_yearly": 889.89
        },
        "20123": {
            "year_quarter": 20123,
            "year": 2012,
            "quarter": 3,
            "eps": 0.09,
            "eps_growth_year": -74.92,
            "eps_4q": -0.06,
            "eps_4q_growth_year": -108.58,
            "roe": 0.98,
            "roe_4q": -0.6600000000000001,
            "gross_profit": 31786,
            "gross_margin": 19.8,
            "gross_margin_4q_avg": 17.58,
            "net_income": 4252,
            "revenue": 160567,
            "common_shares": 500000,
            "book_valuer_per_share": 8.72,
            "book_valuer_per_share_4q_avg": 8.62,
            "equity": 435989,
            "current_ratio": 169.21,
            "debt_ratio": 55.34,
            "inventory_turnover_ratio": 0.44,
            "account_receivable_turnover_ratio": 1.29,
            "reinvestment_rate": -17.03,
            "research_to_sale_ratio": 2.6,
            "price_fair": 29.05,
            "eps_avg_yearly": 0.83,
            "eps_latest_yearly": 0.36,
            "eps_growth_yearly": 938.75
        },
        "20124": {
            "year_quarter": 20124,
            "year": 2012,
            "quarter": 4,
            "eps": 0.1,
            "eps_growth_year": null,
            "eps_4q": 0.28,
            "eps_4q_growth_year": -44.98,
            "roe": 1.17,
            "roe_4q": 3.2800000000000002,
            "gross_profit": 29202,
            "gross_margin": 17.68,
            "gross_margin_4q_avg": 18.5,
            "net_income": 5117,
            "revenue": 165214,
            "common_shares": 500000,
            "book_valuer_per_share": 8.82,
            "book_valuer_per_share_4q_avg": 8.68,
            "equity": 441097,
            "current_ratio": 174.95,
            "debt_ratio": 55.18,
            "inventory_turnover_ratio": 0.44,
            "account_receivable_turnover_ratio": 1.27,
            "reinvestment_rate": 3.39,
            "research_to_sale_ratio": 2.58,
            "price_fair": 26.04,
            "eps_avg_yearly": 0.74,
            "eps_latest_yearly": 0.4,
            "eps_growth_yearly": 759.89
        },
        "20131": {
            "year_quarter": 20131,
            "year": 2013,
            "quarter": 1,
            "eps": 0.19,
            "eps_growth_year": 1800,
            "eps_4q": 0.46,
            "eps_4q_growth_year": 6.12,
            "roe": 2.09,
            "roe_4q": 5.21,
            "gross_profit": 34009,
            "gross_margin": 20.19,
            "gross_margin_4q_avg": 19.17,
            "net_income": 9351,
            "revenue": 168467,
            "common_shares": 500000,
            "book_valuer_per_share": 9.1,
            "book_valuer_per_share_4q_avg": 8.82,
            "equity": 454859,
            "current_ratio": 174.49,
            "debt_ratio": 54.58,
            "inventory_turnover_ratio": 0.42,
            "account_receivable_turnover_ratio": 1.32,
            "reinvestment_rate": -51.66,
            "research_to_sale_ratio": 2.12,
            "price_fair": 26.13,
            "eps_avg_yearly": 0.75,
            "eps_latest_yearly": 0.76,
            "eps_growth_yearly": 693.24
        },
        "20132": {
            "year_quarter": 20132,
            "year": 2013,
            "quarter": 2,
            "eps": 0.19,
            "eps_growth_year": 127.06,
            "eps_4q": 0.57,
            "eps_4q_growth_year": 191.85,
            "roe": 2.14,
            "roe_4q": 6.380000000000001,
            "gross_profit": 36252,
            "gross_margin": 19.95,
            "gross_margin_4q_avg": 19.41,
            "net_income": 9829,
            "revenue": 181731,
            "common_shares": 500000,
            "book_valuer_per_share": 9.3,
            "book_valuer_per_share_4q_avg": 8.99,
            "equity": 465125,
            "current_ratio": 188.96,
            "debt_ratio": 51.95,
            "inventory_turnover_ratio": 0.46,
            "account_receivable_turnover_ratio": 1.5,
            "reinvestment_rate": -33.14,
            "research_to_sale_ratio": 1.85,
            "price_fair": 26.2,
            "eps_avg_yearly": 0.75,
            "eps_latest_yearly": 0.76,
            "eps_growth_yearly": 594.21
        },
        "20133": {
            "year_quarter": 20133,
            "year": 2013,
            "quarter": 3,
            "eps": 0.13,
            "eps_growth_year": 52.87,
            "eps_4q": 0.61,
            "eps_4q_growth_year": null,
            "roe": 1.35,
            "roe_4q": 6.75,
            "gross_profit": 31862,
            "gross_margin": 19.9,
            "gross_margin_4q_avg": 19.43,
            "net_income": 6312,
            "revenue": 160134,
            "common_shares": 500000,
            "book_valuer_per_share": 9.42,
            "book_valuer_per_share_4q_avg": 9.16,
            "equity": 471084,
            "current_ratio": 209.85,
            "debt_ratio": 51.88,
            "inventory_turnover_ratio": 0.41,
            "account_receivable_turnover_ratio": 1.32,
            "reinvestment_rate": -27.76,
            "research_to_sale_ratio": 2.1,
            "price_fair": 25.2,
            "eps_avg_yearly": 0.72,
            "eps_latest_yearly": 0.52,
            "eps_growth_yearly": 504.14
        },
        "20134": {
            "year_quarter": 20134,
            "year": 2013,
            "quarter": 4,
            "eps": 0.19,
            "eps_growth_year": 85.91,
            "eps_4q": 0.7,
            "eps_4q_growth_year": 146.13,
            "roe": 2,
            "roe_4q": 7.58,
            "gross_profit": 42174,
            "gross_margin": 21.38,
            "gross_margin_4q_avg": 20.36,
            "net_income": 9513,
            "revenue": 197240,
            "common_shares": 500000,
            "book_valuer_per_share": 9.65,
            "book_valuer_per_share_4q_avg": 9.37,
            "equity": 482557,
            "current_ratio": 204,
            "debt_ratio": 52.23,
            "inventory_turnover_ratio": 0.5,
            "account_receivable_turnover_ratio": 1.52,
            "reinvestment_rate": -23.62,
            "research_to_sale_ratio": 2.14,
            "price_fair": 25.36,
            "eps_avg_yearly": 0.72,
            "eps_latest_yearly": 0.76,
            "eps_growth_yearly": 468.64
        },
        "20141": {
            "year_quarter": 20141,
            "year": 2014,
            "quarter": 1,
            "eps": 0.25,
            "eps_growth_year": 31.58,
            "eps_4q": 0.77,
            "eps_4q_growth_year": 67.54,
            "roe": 2.6,
            "roe_4q": 8.09,
            "gross_profit": 38351,
            "gross_margin": 22.2,
            "gross_margin_4q_avg": 20.86,
            "net_income": 12720,
            "revenue": 172720,
            "common_shares": 500000,
            "book_valuer_per_share": 9.91,
            "book_valuer_per_share_4q_avg": 9.57,
            "equity": 495324,
            "current_ratio": 220.24,
            "debt_ratio": 50.28,
            "inventory_turnover_ratio": 0.44,
            "account_receivable_turnover_ratio": 1.28,
            "reinvestment_rate": -18.65,
            "research_to_sale_ratio": 2.32,
            "price_fair": 26.32,
            "eps_avg_yearly": 0.75,
            "eps_latest_yearly": 1,
            "eps_growth_yearly": 434.41
        },
        "20142": {
            "year_quarter": 20142,
            "year": 2014,
            "quarter": 2,
            "eps": 0.27,
            "eps_growth_year": 42.11,
            "eps_4q": 0.84,
            "eps_4q_growth_year": 47.39,
            "roe": 2.7,
            "roe_4q": 8.65,
            "gross_profit": 45027,
            "gross_margin": 23.36,
            "gross_margin_4q_avg": 21.71,
            "net_income": 13532,
            "revenue": 192783,
            "common_shares": 500000,
            "book_valuer_per_share": 10.16,
            "book_valuer_per_share_4q_avg": 9.79,
            "equity": 508208,
            "current_ratio": 241.82,
            "debt_ratio": 48.06,
            "inventory_turnover_ratio": 0.5,
            "account_receivable_turnover_ratio": 1.54,
            "reinvestment_rate": -26.6,
            "research_to_sale_ratio": 2.13,
            "price_fair": 27.36,
            "eps_avg_yearly": 0.78,
            "eps_latest_yearly": 1.08,
            "eps_growth_yearly": 397.82
        },
        "20143": {
            "year_quarter": 20143,
            "year": 2014,
            "quarter": 3,
            "eps": 0.24,
            "eps_growth_year": 84.62,
            "eps_4q": 0.96,
            "eps_4q_growth_year": 56.08,
            "roe": 2.33,
            "roe_4q": 9.63,
            "gross_profit": 41902,
            "gross_margin": 22.47,
            "gross_margin_4q_avg": 22.35,
            "net_income": 12010,
            "revenue": 186450,
            "common_shares": 500000,
            "book_valuer_per_share": 10.42,
            "book_valuer_per_share_4q_avg": 10.04,
            "equity": 521085,
            "current_ratio": 228.97,
            "debt_ratio": 47.81,
            "inventory_turnover_ratio": 0.49,
            "account_receivable_turnover_ratio": 1.5,
            "reinvestment_rate": -23.93,
            "research_to_sale_ratio": 2.43,
            "price_fair": 27.88,
            "eps_avg_yearly": 0.8,
            "eps_latest_yearly": 0.96,
            "eps_growth_yearly": 360.97
        },
        "20144": {
            "year_quarter": 20144,
            "year": 2014,
            "quarter": 4,
            "eps": 0.32,
            "eps_growth_year": 68.64,
            "eps_4q": 1.09,
            "eps_4q_growth_year": 55.14,
            "roe": 3.03,
            "roe_4q": 10.659999999999998,
            "gross_profit": 49125,
            "gross_margin": 24.08,
            "gross_margin_4q_avg": 23.03,
            "net_income": 16043,
            "revenue": 204048,
            "common_shares": 500000,
            "book_valuer_per_share": 10.76,
            "book_valuer_per_share_4q_avg": 10.31,
            "equity": 538124,
            "current_ratio": 253.63,
            "debt_ratio": 48.52,
            "inventory_turnover_ratio": 0.51,
            "account_receivable_turnover_ratio": 1.37,
            "reinvestment_rate": -20.52,
            "research_to_sale_ratio": 2.16,
            "price_fair": 29.18,
            "eps_avg_yearly": 0.83,
            "eps_latest_yearly": 1.28,
            "eps_growth_yearly": 343.46
        },
        "20151": {
            "year_quarter": 20151,
            "year": 2015,
            "quarter": 1,
            "eps": 0.09,
            "eps_growth_year": -64,
            "eps_4q": 0.92,
            "eps_4q_growth_year": 20.05,
            "roe": 0.83,
            "roe_4q": 8.89,
            "gross_profit": 46302,
            "gross_margin": 23.23,
            "gross_margin_4q_avg": 23.29,
            "net_income": 4484,
            "revenue": 199321,
            "common_shares": 500000,
            "book_valuer_per_share": 10.84,
            "book_valuer_per_share_4q_avg": 10.55,
            "equity": 542168,
            "current_ratio": 222.27,
            "debt_ratio": 52.25,
            "inventory_turnover_ratio": 0.47,
            "account_receivable_turnover_ratio": 1.16,
            "reinvestment_rate": -20.78,
            "research_to_sale_ratio": 2.56,
            "price_fair": 28,
            "eps_avg_yearly": 0.8,
            "eps_latest_yearly": 0.36,
            "eps_growth_yearly": 298.39
        },
        "20152": {
            "year_quarter": 20152,
            "year": 2015,
            "quarter": 2,
            "eps": 0.39,
            "eps_growth_year": 44.44,
            "eps_4q": 1.04,
            "eps_4q_growth_year": 23.26,
            "roe": 3.5,
            "roe_4q": 9.69,
            "gross_profit": 60193,
            "gross_margin": 23.44,
            "gross_margin_4q_avg": 23.31,
            "net_income": 19327,
            "revenue": 256751,
            "common_shares": 500000,
            "book_valuer_per_share": 11.22,
            "book_valuer_per_share_4q_avg": 10.81,
            "equity": 560963,
            "current_ratio": 177.54,
            "debt_ratio": 56.19,
            "inventory_turnover_ratio": 0.57,
            "account_receivable_turnover_ratio": 1.32,
            "reinvestment_rate": -26.56,
            "research_to_sale_ratio": 1.96,
            "price_fair": 28.7,
            "eps_avg_yearly": 0.82,
            "eps_latest_yearly": 1.56,
            "eps_growth_yearly": 330.77
        },
        "20153": {
            "year_quarter": 20153,
            "year": 2015,
            "quarter": 3,
            "eps": 0.97,
            "eps_growth_year": 304.17,
            "eps_4q": 1.76,
            "eps_4q_growth_year": 84.68,
            "roe": 8.24,
            "roe_4q": 15.6,
            "gross_profit": 50645,
            "gross_margin": 21.71,
            "gross_margin_4q_avg": 23.12,
            "net_income": 48379,
            "revenue": 233260,
            "common_shares": 500000,
            "book_valuer_per_share": 12.27,
            "book_valuer_per_share_4q_avg": 11.27,
            "equity": 613655,
            "current_ratio": 181.5,
            "debt_ratio": 55.1,
            "inventory_turnover_ratio": 0.48,
            "account_receivable_turnover_ratio": 1.09,
            "reinvestment_rate": -22.34,
            "research_to_sale_ratio": 1.95,
            "price_fair": 35,
            "eps_avg_yearly": 1,
            "eps_latest_yearly": 3.88,
            "eps_growth_yearly": 371.48
        },
        "20154": {
            "year_quarter": 20154,
            "year": 2015,
            "quarter": 4,
            "eps": 0.01,
            "eps_growth_year": -96.91,
            "eps_4q": 1.45,
            "eps_4q_growth_year": 33.85,
            "roe": 0.08,
            "roe_4q": 12.65,
            "gross_profit": 47879,
            "gross_margin": 22.41,
            "gross_margin_4q_avg": 22.7,
            "net_income": 495,
            "revenue": 213603,
            "common_shares": 500000,
            "book_valuer_per_share": 12.06,
            "book_valuer_per_share_4q_avg": 11.6,
            "equity": 602980,
            "current_ratio": 180.96,
            "debt_ratio": 53.92,
            "inventory_turnover_ratio": 0.41,
            "account_receivable_turnover_ratio": 1.03,
            "reinvestment_rate": -4.77,
            "research_to_sale_ratio": 1.93,
            "price_fair": 32.76,
            "eps_avg_yearly": 0.94,
            "eps_latest_yearly": 0.04,
            "eps_growth_yearly": 320.32
        },
        "20161": {
            "year_quarter": 20161,
            "year": 2016,
            "quarter": 1,
            "eps": 0.22,
            "eps_growth_year": 144.44,
            "eps_4q": 1.59,
            "eps_4q_growth_year": 72.08,
            "roe": 1.82,
            "roe_4q": 13.64,
            "gross_profit": 53947,
            "gross_margin": 27.7,
            "gross_margin_4q_avg": 23.82,
            "net_income": 11075,
            "revenue": 194784,
            "common_shares": 500000,
            "book_valuer_per_share": 12.27,
            "book_valuer_per_share_4q_avg": 11.96,
            "equity": 613692,
            "current_ratio": 196.72,
            "debt_ratio": 52.91,
            "inventory_turnover_ratio": 0.33,
            "account_receivable_turnover_ratio": 0.98,
            "reinvestment_rate": -4.04,
            "research_to_sale_ratio": 1.92,
            "price_fair": 32.64,
            "eps_avg_yearly": 0.93,
            "eps_latest_yearly": 0.88,
            "eps_growth_yearly": 825.3
        },
        "20162": {
            "year_quarter": 20162,
            "year": 2016,
            "quarter": 2,
            "eps": 0.77,
            "eps_growth_year": 97.44,
            "eps_4q": 1.97,
            "eps_4q_growth_year": 90.07,
            "roe": 6.21,
            "roe_4q": 16.35,
            "gross_profit": 77748,
            "gross_margin": 29.41,
            "gross_margin_4q_avg": 25.31,
            "net_income": 38629,
            "revenue": 264329,
            "common_shares": 500000,
            "book_valuer_per_share": 12.6,
            "book_valuer_per_share_4q_avg": 12.3,
            "equity": 630248,
            "current_ratio": 185.59,
            "debt_ratio": 53.23,
            "inventory_turnover_ratio": 0.43,
            "account_receivable_turnover_ratio": 1.41,
            "reinvestment_rate": -4.02,
            "research_to_sale_ratio": 1.4,
            "price_fair": 38.68,
            "eps_avg_yearly": 1.11,
            "eps_latest_yearly": 3.08,
            "eps_growth_yearly": 712.8
        },
        "20163": {
            "year_quarter": 20163,
            "year": 2016,
            "quarter": 3,
            "eps": 0.08,
            "eps_growth_year": -91.75,
            "eps_4q": 1.08,
            "eps_4q_growth_year": -38.67,
            "roe": 0.62,
            "roe_4q": 8.73,
            "gross_profit": 62687,
            "gross_margin": 26.31,
            "gross_margin_4q_avg": 26.46,
            "net_income": 3911,
            "revenue": 238248,
            "common_shares": 500000,
            "book_valuer_per_share": 12.63,
            "book_valuer_per_share_4q_avg": 12.39,
            "equity": 631359,
            "current_ratio": 179.73,
            "debt_ratio": 54.15,
            "inventory_turnover_ratio": 0.4,
            "account_receivable_turnover_ratio": 1.27,
            "reinvestment_rate": -2.57,
            "research_to_sale_ratio": 1.67,
            "price_fair": 38.59,
            "eps_avg_yearly": 1.1,
            "eps_latest_yearly": 0.32,
            "eps_growth_yearly": 687.27
        },
        "20164": {
            "year_quarter": 20164,
            "year": 2016,
            "quarter": 4,
            "eps": 0.73,
            "eps_growth_year": 7234.34,
            "eps_4q": 1.8,
            "eps_4q_growth_year": 23.71,
            "roe": 5.59,
            "roe_4q": 14.24,
            "gross_profit": 64315,
            "gross_margin": 24.98,
            "gross_margin_4q_avg": 27.1,
            "net_income": 36305,
            "revenue": 257460,
            "common_shares": 500000,
            "book_valuer_per_share": 13.35,
            "book_valuer_per_share_4q_avg": 12.71,
            "equity": 667683,
            "current_ratio": 186.01,
            "debt_ratio": 53.25,
            "inventory_turnover_ratio": 0.46,
            "account_receivable_turnover_ratio": 1.37,
            "reinvestment_rate": -1.98,
            "research_to_sale_ratio": 1.96,
            "price_fair": 44.1,
            "eps_avg_yearly": 1.26,
            "eps_latest_yearly": 2.92,
            "eps_growth_yearly": 887.62
        },
        "20171": {
            "year_quarter": 20171,
            "year": 2017,
            "quarter": 1,
            "eps": -0.57,
            "eps_growth_year": -359.09,
            "eps_4q": 1.01,
            "eps_4q_growth_year": -36.42,
            "roe": -4.37,
            "roe_4q": 8.05,
            "gross_profit": 64317,
            "gross_margin": 27.55,
            "gross_margin_4q_avg": 27.06,
            "net_income": -28445,
            "revenue": 233487,
            "common_shares": 500000,
            "book_valuer_per_share": 12.71,
            "book_valuer_per_share_4q_avg": 12.82,
            "equity": 635384,
            "current_ratio": 174.5,
            "debt_ratio": 54.97,
            "inventory_turnover_ratio": 0.41,
            "account_receivable_turnover_ratio": 1.26,
            "reinvestment_rate": 9.29,
            "research_to_sale_ratio": 1.93,
            "price_fair": 45.27,
            "eps_avg_yearly": 1.29,
            "eps_latest_yearly": 2.92,
            "eps_growth_yearly": 922.79
        },
        "20172": {
            "year_quarter": 20172,
            "year": 2017,
            "quarter": 2,
            "eps": 1.26,
            "eps_growth_year": 63.64,
            "eps_4q": 1.5,
            "eps_4q_growth_year": -23.93,
            "roe": 9.76,
            "roe_4q": 11.6,
            "gross_profit": 89686,
            "gross_margin": 27.59,
            "gross_margin_4q_avg": 26.61,
            "net_income": 63222,
            "revenue": 325077,
            "common_shares": 500000,
            "book_valuer_per_share": 13.2,
            "book_valuer_per_share_4q_avg": 12.97,
            "equity": 660090,
            "current_ratio": 152.15,
            "debt_ratio": 61.92,
            "inventory_turnover_ratio": 0.53,
            "account_receivable_turnover_ratio": 1.63,
            "reinvestment_rate": 8.49,
            "research_to_sale_ratio": 1.58,
            "price_fair": 46.6,
            "eps_avg_yearly": 1.33,
            "eps_latest_yearly": 2.92,
            "eps_growth_yearly": 988.71
        },
        "20173": {
            "year_quarter": 20173,
            "year": 2017,
            "quarter": 3,
            "eps": 1.48,
            "eps_growth_year": 1750,
            "eps_4q": 2.9,
            "eps_4q_growth_year": 167.87,
            "roe": 10.59,
            "roe_4q": 21.57,
            "gross_profit": 115258,
            "gross_margin": 29.44,
            "gross_margin_4q_avg": 27.39,
            "net_income": 73864,
            "revenue": 391463,
            "common_shares": 500000,
            "book_valuer_per_share": 14.71,
            "book_valuer_per_share_4q_avg": 13.49,
            "equity": 735324,
            "current_ratio": 161.41,
            "debt_ratio": 60.79,
            "inventory_turnover_ratio": 0.58,
            "account_receivable_turnover_ratio": 1.67,
            "reinvestment_rate": 8.01,
            "research_to_sale_ratio": 1.33,
            "price_fair": 60.1,
            "eps_avg_yearly": 1.72,
            "eps_latest_yearly": 5.92,
            "eps_growth_yearly": 1002.72
        },
        "20174": {
            "year_quarter": 20174,
            "year": 2017,
            "quarter": 4,
            "eps": 0.54,
            "eps_growth_year": -25.57,
            "eps_4q": 2.71,
            "eps_4q_growth_year": 50.87,
            "roe": 3.62,
            "roe_4q": 19.599999999999998,
            "gross_profit": 96847,
            "gross_margin": 24.85,
            "gross_margin_4q_avg": 27.36,
            "net_income": 27023,
            "revenue": 389685,
            "common_shares": 500000,
            "book_valuer_per_share": 15.19,
            "book_valuer_per_share_4q_avg": 13.95,
            "equity": 759531,
            "current_ratio": 146.23,
            "debt_ratio": 64.88,
            "inventory_turnover_ratio": 0.59,
            "account_receivable_turnover_ratio": 1.53,
            "reinvestment_rate": 15.11,
            "research_to_sale_ratio": 1.38,
            "price_fair": 63.6,
            "eps_avg_yearly": 1.82,
            "eps_latest_yearly": 2.16,
            "eps_growth_yearly": 971.38
        },
        "20181": {
            "year_quarter": 20181,
            "year": 2018,
            "quarter": 1,
            "eps": 0.46,
            "eps_growth_year": null,
            "eps_4q": 3.74,
            "eps_4q_growth_year": 271.4,
            "roe": 2.99,
            "roe_4q": 26.96,
            "gross_profit": 75801,
            "gross_margin": 26.02,
            "gross_margin_4q_avg": 26.98,
            "net_income": 23077,
            "revenue": 291274,
            "common_shares": 500000,
            "book_valuer_per_share": 15.72,
            "book_valuer_per_share_4q_avg": 14.71,
            "equity": 786157,
            "current_ratio": 155.64,
            "debt_ratio": 60.39,
            "inventory_turnover_ratio": 0.39,
            "account_receivable_turnover_ratio": 1.24,
            "reinvestment_rate": 22.97,
            "research_to_sale_ratio": 1.83,
            "price_fair": 65.7,
            "eps_avg_yearly": 1.88,
            "eps_latest_yearly": 1.84,
            "eps_growth_yearly": 958.13
        },
        "20182": {
            "year_quarter": 20182,
            "year": 2018,
            "quarter": 2,
            "eps": 0.76,
            "eps_growth_year": -39.68,
            "eps_4q": 3.24,
            "eps_4q_growth_year": 115.96,
            "roe": 4.88,
            "roe_4q": 22.08,
            "gross_profit": 82210,
            "gross_margin": 26.51,
            "gross_margin_4q_avg": 26.71,
            "net_income": 37992,
            "revenue": 310166,
            "common_shares": 500000,
            "book_valuer_per_share": 15.41,
            "book_valuer_per_share_4q_avg": 15.26,
            "equity": 770712,
            "current_ratio": 158.21,
            "debt_ratio": 59.63,
            "inventory_turnover_ratio": 0.36,
            "account_receivable_turnover_ratio": 1.43,
            "reinvestment_rate": 22.32,
            "research_to_sale_ratio": 1.84,
            "price_fair": 70.6,
            "eps_avg_yearly": 2.02,
            "eps_latest_yearly": 3.04,
            "eps_growth_yearly": 974.48
        },
        "20183": {
            "year_quarter": 20183,
            "year": 2018,
            "quarter": 3,
            "eps": 0.79,
            "eps_growth_year": -46.62,
            "eps_4q": 2.55,
            "eps_4q_growth_year": -11.95,
            "roe": 5.03,
            "roe_4q": 16.52,
            "gross_profit": 83973,
            "gross_margin": 27.37,
            "gross_margin_4q_avg": 26.19,
            "net_income": 39535,
            "revenue": 306767,
            "common_shares": 500000,
            "book_valuer_per_share": 16.05,
            "book_valuer_per_share_4q_avg": 15.59,
            "equity": 802274,
            "current_ratio": 161.16,
            "debt_ratio": 58.44,
            "inventory_turnover_ratio": 0.31,
            "account_receivable_turnover_ratio": 1.36,
            "reinvestment_rate": 24.07,
            "research_to_sale_ratio": 1.79,
            "price_fair": 76.1,
            "eps_avg_yearly": 2.17,
            "eps_latest_yearly": 3.16,
            "eps_growth_yearly": 978.78
        },
        "20184": {
            "year_quarter": 20184,
            "year": 2018,
            "quarter": 4,
            "eps": 0.59,
            "eps_growth_year": 9.39,
            "eps_4q": 2.27,
            "eps_4q_growth_year": -16.41,
            "roe": 3.97,
            "roe_4q": 16.869999999999997,
            "gross_profit": 84562,
            "gross_margin": 23.33,
            "gross_margin_4q_avg": 25.81,
            "net_income": 35472,
            "revenue": 362511,
            "common_shares": 600000,
            "book_valuer_per_share": 16.44,
            "book_valuer_per_share_4q_avg": 15.91,
            "equity": 986637,
            "current_ratio": 222.84,
            "debt_ratio": 43.22,
            "inventory_turnover_ratio": 0.39,
            "account_receivable_turnover_ratio": 1.67,
            "reinvestment_rate": 27.36,
            "research_to_sale_ratio": 1.52,
            "price_fair": 78.8,
            "eps_avg_yearly": 2.25,
            "eps_latest_yearly": 2.36,
            "eps_growth_yearly": 962.02
        },
        "20191": {
            "year_quarter": 20191,
            "year": 2019,
            "quarter": 1,
            "eps": 0.16,
            "eps_growth_year": -65.22,
            "eps_4q": 2.04,
            "eps_4q_growth_year": -45.52,
            "roe": 0.94,
            "roe_4q": 14.82,
            "gross_profit": 54764,
            "gross_margin": 22.88,
            "gross_margin_4q_avg": 25.02,
            "net_income": 9371,
            "revenue": 239328,
            "common_shares": 600000,
            "book_valuer_per_share": 16.68,
            "book_valuer_per_share_4q_avg": 16.15,
            "equity": 1001020,
            "current_ratio": 241.88,
            "debt_ratio": 43.47,
            "inventory_turnover_ratio": 0.28,
            "account_receivable_turnover_ratio": 1.2,
            "reinvestment_rate": 27.56,
            "research_to_sale_ratio": 2.04,
            "price_fair": 79.5,
            "eps_avg_yearly": 2.27,
            "eps_latest_yearly": 0.64,
            "eps_growth_yearly": 961.73
        },
        "20192": {
            "year_quarter": 20192,
            "year": 2019,
            "quarter": 2,
            "eps": 0.59,
            "eps_growth_year": -22.37,
            "eps_4q": 2,
            "eps_4q_growth_year": -38.27,
            "roe": 3.6,
            "roe_4q": 13.54,
            "gross_profit": 80677,
            "gross_margin": 24.76,
            "gross_margin_4q_avg": 24.59,
            "net_income": 35591,
            "revenue": 325881,
            "common_shares": 600000,
            "book_valuer_per_share": 16.23,
            "book_valuer_per_share_4q_avg": 16.35,
            "equity": 973601,
            "current_ratio": 190.78,
            "debt_ratio": 42.04,
            "inventory_turnover_ratio": 0.39,
            "account_receivable_turnover_ratio": 1.57,
            "reinvestment_rate": 28.31,
            "research_to_sale_ratio": 1.45,
            "price_fair": 81.5,
            "eps_avg_yearly": 2.33,
            "eps_latest_yearly": 2.36,
            "eps_growth_yearly": 943.28
        },
        "20193": {
            "year_quarter": 20193,
            "year": 2019,
            "quarter": 3,
            "eps": 0.23,
            "eps_growth_year": -70.89,
            "eps_4q": 1.58,
            "eps_4q_growth_year": -38.28,
            "roe": 1.44,
            "roe_4q": 9.950000000000001,
            "gross_profit": 63321,
            "gross_margin": 23.1,
            "gross_margin_4q_avg": 23.52,
            "net_income": 14089,
            "revenue": 274166,
            "common_shares": 600000,
            "book_valuer_per_share": 16.33,
            "book_valuer_per_share_4q_avg": 16.42,
            "equity": 979963,
            "current_ratio": 159.12,
            "debt_ratio": 41.49,
            "inventory_turnover_ratio": 0.36,
            "account_receivable_turnover_ratio": 1.41,
            "reinvestment_rate": 27.42,
            "research_to_sale_ratio": 2.34,
            "price_fair": 74.1,
            "eps_avg_yearly": 2.12,
            "eps_latest_yearly": 0.92,
            "eps_growth_yearly": 883.36
        },
        "20194": {
            "year_quarter": 20194,
            "year": 2019,
            "quarter": 4,
            "eps": 0.35,
            "eps_growth_year": -40.61,
            "eps_4q": 1.34,
            "eps_4q_growth_year": -41.12,
            "roe": 2.13,
            "roe_4q": 8.11,
            "gross_profit": 74468,
            "gross_margin": 25.33,
            "gross_margin_4q_avg": 24.02,
            "net_income": 21068,
            "revenue": 294026,
            "common_shares": 600000,
            "book_valuer_per_share": 16.7,
            "book_valuer_per_share_4q_avg": 16.49,
            "equity": 1001710,
            "current_ratio": 247.89,
            "debt_ratio": 38.24,
            "inventory_turnover_ratio": 0.39,
            "account_receivable_turnover_ratio": 1.5,
            "reinvestment_rate": 22.39,
            "research_to_sale_ratio": 1.62,
            "price_fair": 77.5,
            "eps_avg_yearly": 2.21,
            "eps_latest_yearly": 1.4,
            "eps_growth_yearly": 926.54
        },
        "20201": {
            "year_quarter": 20201,
            "year": 2020,
            "quarter": 1,
            "eps": 0.39,
            "eps_growth_year": 143.75,
            "eps_4q": 1.57,
            "eps_4q_growth_year": -23.13,
            "roe": 2.3,
            "roe_4q": 9.469999999999999,
            "gross_profit": 56341,
            "gross_margin": 23.88,
            "gross_margin_4q_avg": 24.27,
            "net_income": 23320,
            "revenue": 235916,
            "common_shares": 600000,
            "book_valuer_per_share": 17.06,
            "book_valuer_per_share_4q_avg": 16.58,
            "equity": 1023742,
            "current_ratio": 253.71,
            "debt_ratio": 37.38,
            "inventory_turnover_ratio": 0.33,
            "account_receivable_turnover_ratio": 1.13,
            "reinvestment_rate": 21.61,
            "research_to_sale_ratio": 1.92,
            "price_fair": 79.2,
            "eps_avg_yearly": 2.26,
            "eps_latest_yearly": 1.56,
            "eps_growth_yearly": 329.81
        },
        "20202": {
            "year_quarter": 20202,
            "year": 2020,
            "quarter": 2,
            "eps": 1.32,
            "eps_growth_year": 123.73,
            "eps_4q": 2.3,
            "eps_4q_growth_year": 14.79,
            "roe": 7.64,
            "roe_4q": 13.51,
            "gross_profit": 41626,
            "gross_margin": 15.02,
            "gross_margin_4q_avg": 21.83,
            "net_income": 79233,
            "revenue": 277095,
            "common_shares": 600000,
            "book_valuer_per_share": 17.51,
            "book_valuer_per_share_4q_avg": 16.9,
            "equity": 1050575,
            "current_ratio": 212.47,
            "debt_ratio": 37.29,
            "inventory_turnover_ratio": 0.45,
            "account_receivable_turnover_ratio": 1.44,
            "reinvestment_rate": 13,
            "research_to_sale_ratio": 2.06,
            "price_fair": 84.7,
            "eps_avg_yearly": 2.42,
            "eps_latest_yearly": 5.28,
            "eps_growth_yearly": 326.51
        },
        "20203": {
            "year_quarter": 20203,
            "year": 2020,
            "quarter": 3,
            "eps": 0.83,
            "eps_growth_year": 260.87,
            "eps_4q": 2.89,
            "eps_4q_growth_year": 83.54,
            "roe": 4.63,
            "roe_4q": 16.7,
            "gross_profit": 94113,
            "gross_margin": 25.32,
            "gross_margin_4q_avg": 22.39,
            "net_income": 49871,
            "revenue": 371660,
            "common_shares": 600000,
            "book_valuer_per_share": 18.39,
            "book_valuer_per_share_4q_avg": 17.42,
            "equity": 1103224,
            "current_ratio": 205.72,
            "debt_ratio": 35.32,
            "inventory_turnover_ratio": 0.53,
            "account_receivable_turnover_ratio": 2.15,
            "reinvestment_rate": 16.92,
            "research_to_sale_ratio": 1.43,
            "price_fair": 92.2,
            "eps_avg_yearly": 2.63,
            "eps_latest_yearly": 3.32,
            "eps_growth_yearly": 341.51
        },
        "20204": {
            "year_quarter": 20204,
            "year": 2020,
            "quarter": 4,
            "eps": 0.43,
            "eps_growth_year": 22.9,
            "eps_4q": 2.97,
            "eps_4q_growth_year": 122.57,
            "roe": 2.32,
            "roe_4q": 16.89,
            "gross_profit": 89194,
            "gross_margin": 24.64,
            "gross_margin_4q_avg": 22.22,
            "net_income": 25893,
            "revenue": 361978,
            "common_shares": 600000,
            "book_valuer_per_share": 18.88,
            "book_valuer_per_share_4q_avg": 17.96,
            "equity": 1132693,
            "current_ratio": 183.89,
            "debt_ratio": 38.69,
            "inventory_turnover_ratio": 0.47,
            "account_receivable_turnover_ratio": 2.55,
            "reinvestment_rate": 18.55,
            "research_to_sale_ratio": 1.65,
            "price_fair": 89.2,
            "eps_avg_yearly": 2.55,
            "eps_latest_yearly": 1.72,
            "eps_growth_yearly": 95.59
        },
        "20211": {
            "year_quarter": 20211,
            "year": 2021,
            "quarter": 1,
            "eps": 0.9,
            "eps_growth_year": 130.77,
            "eps_4q": 3.49,
            "eps_4q_growth_year": 122.32,
            "roe": 4.67,
            "roe_4q": 19.26,
            "gross_profit": 105813,
            "gross_margin": 30.9,
            "gross_margin_4q_avg": 23.97,
            "net_income": 54137,
            "revenue": 342419,
            "common_shares": 600000,
            "book_valuer_per_share": 19.8,
            "book_valuer_per_share_4q_avg": 18.65,
            "equity": 1187761,
            "current_ratio": 177.37,
            "debt_ratio": 38.77,
            "inventory_turnover_ratio": 0.36,
            "account_receivable_turnover_ratio": 2.2,
            "reinvestment_rate": 18.16,
            "research_to_sale_ratio": 1.55,
            "price_fair": 91.65,
            "eps_avg_yearly": 2.62,
            "eps_latest_yearly": 3.6,
            "eps_growth_yearly": 118.37
        },
        "20212": {
            "year_quarter": 20212,
            "year": 2021,
            "quarter": 2,
            "eps": 1.25,
            "eps_growth_year": -5.3,
            "eps_4q": 3.42,
            "eps_4q_growth_year": 48.87,
            "roe": 6.13,
            "roe_4q": 17.75,
            "gross_profit": 139330,
            "gross_margin": 28.76,
            "gross_margin_4q_avg": 27.41,
            "net_income": 75107,
            "revenue": 484406,
            "common_shares": 600000,
            "book_valuer_per_share": 21.02,
            "book_valuer_per_share_4q_avg": 19.52,
            "equity": 1261356,
            "current_ratio": 211.13,
            "debt_ratio": 44.62,
            "inventory_turnover_ratio": 0.46,
            "account_receivable_turnover_ratio": 2.05,
            "reinvestment_rate": 16.53,
            "research_to_sale_ratio": 1.15,
            "price_fair": 96.86,
            "eps_avg_yearly": 2.77,
            "eps_latest_yearly": 5,
            "eps_growth_yearly": 120.69
        },
        "20213": {
            "year_quarter": 20213,
            "year": 2021,
            "quarter": 3,
            "eps": 1.07,
            "eps_growth_year": 28.92,
            "eps_4q": 3.65,
            "eps_4q_growth_year": 26.22,
            "roe": 5.15,
            "roe_4q": 18.27,
            "gross_profit": 132729,
            "gross_margin": 27.61,
            "gross_margin_4q_avg": 27.98,
            "net_income": 63841,
            "revenue": 480651,
            "common_shares": 600000,
            "book_valuer_per_share": 20.28,
            "book_valuer_per_share_4q_avg": 20,
            "equity": 1216576,
            "current_ratio": 183.19,
            "debt_ratio": 50.96,
            "inventory_turnover_ratio": 0.41,
            "account_receivable_turnover_ratio": 1.58,
            "reinvestment_rate": 14.78,
            "research_to_sale_ratio": 1.34,
            "price_fair": 93.28,
            "eps_avg_yearly": 2.67,
            "eps_latest_yearly": 4.28,
            "eps_growth_yearly": 112.73
        },
        "20214": {
            "year_quarter": 20214,
            "year": 2021,
            "quarter": 4,
            "eps": 1.16,
            "eps_growth_year": 169.81,
            "eps_4q": 4.38,
            "eps_4q_growth_year": 47.46,
            "roe": 5.58,
            "roe_4q": 21.53,
            "gross_profit": 164271,
            "gross_margin": 28.32,
            "gross_margin_4q_avg": 28.9,
            "net_income": 69862,
            "revenue": 580053,
            "common_shares": 600000,
            "book_valuer_per_share": 21.48,
            "book_valuer_per_share_4q_avg": 20.65,
            "equity": 1288640,
            "current_ratio": 173.39,
            "debt_ratio": 54.45,
            "inventory_turnover_ratio": 0.45,
            "account_receivable_turnover_ratio": 1.56,
            "reinvestment_rate": 10.32,
            "research_to_sale_ratio": 1.44,
            "price_fair": 98.7,
            "eps_avg_yearly": 2.82,
            "eps_latest_yearly": 4.64,
            "eps_growth_yearly": 130.71
        },
        "20221": {
            "year_quarter": 20221,
            "year": 2022,
            "quarter": 1,
            "eps": 1.52,
            "eps_growth_year": 68.89,
            "eps_4q": 5,
            "eps_4q_growth_year": 43.41,
            "roe": 6.81,
            "roe_4q": 23.669999999999998,
            "gross_profit": 151375,
            "gross_margin": 29.53,
            "gross_margin_4q_avg": 28.56,
            "net_income": 91100,
            "revenue": 512552,
            "common_shares": 600000,
            "book_valuer_per_share": 23.14,
            "book_valuer_per_share_4q_avg": 21.48,
            "equity": 1388249,
            "current_ratio": 183.54,
            "debt_ratio": 53.01,
            "inventory_turnover_ratio": 0.34,
            "account_receivable_turnover_ratio": 1.66,
            "reinvestment_rate": 19.14,
            "research_to_sale_ratio": 1.07,
            "price_fair": 107.98,
            "eps_avg_yearly": 3.09,
            "eps_latest_yearly": 6.08,
            "eps_growth_yearly": 142.17
        },
        "20222": {
            "year_quarter": 20222,
            "year": 2022,
            "quarter": 2,
            "eps": 1.97,
            "eps_growth_year": 57.6,
            "eps_4q": 5.71,
            "eps_4q_growth_year": 67.25,
            "roe": 8.64,
            "roe_4q": 26.18,
            "gross_profit": 246385,
            "gross_margin": 40.36,
            "gross_margin_4q_avg": 31.46,
            "net_income": 118071,
            "revenue": 610485,
            "common_shares": 600000,
            "book_valuer_per_share": 22.43,
            "book_valuer_per_share_4q_avg": 21.83,
            "equity": 1346042,
            "current_ratio": 178.87,
            "debt_ratio": 53.74,
            "inventory_turnover_ratio": 0.29,
            "account_receivable_turnover_ratio": 2.89,
            "reinvestment_rate": 18.99,
            "research_to_sale_ratio": 1.25,
            "price_fair": 118.56,
            "eps_avg_yearly": 3.39,
            "eps_latest_yearly": 7.88,
            "eps_growth_yearly": 133.27
        },
        "20223": {
            "year_quarter": 20223,
            "year": 2022,
            "quarter": 3,
            "eps": 1.8,
            "eps_growth_year": 68.22,
            "eps_4q": 6.45,
            "eps_4q_growth_year": 76.83,
            "roe": 7.72,
            "roe_4q": 28.75,
            "gross_profit": 211892,
            "gross_margin": 35.59,
            "gross_margin_4q_avg": 33.45,
            "net_income": 108187,
            "revenue": 595396,
            "common_shares": 600000,
            "book_valuer_per_share": 24.3,
            "book_valuer_per_share_4q_avg": 22.84,
            "equity": 1457995,
            "current_ratio": 196.63,
            "debt_ratio": 50.02,
            "inventory_turnover_ratio": 0.28,
            "account_receivable_turnover_ratio": 2.73,
            "reinvestment_rate": 15.88,
            "research_to_sale_ratio": 1.08,
            "price_fair": 127.4,
            "eps_avg_yearly": 3.64,
            "eps_latest_yearly": 7.2,
            "eps_growth_yearly": 130.12
        },
        "20224": {
            "year_quarter": 20224,
            "year": 2022,
            "quarter": 4,
            "eps": 1.15,
            "eps_growth_year": -0.88,
            "eps_4q": 6.44,
            "eps_4q_growth_year": 47.03,
            "roe": 4.79,
            "roe_4q": 27.959999999999997,
            "gross_profit": 148179,
            "gross_margin": 30.96,
            "gross_margin_4q_avg": 34.11,
            "net_income": 69246,
            "revenue": 478684,
            "common_shares": 600000,
            "book_valuer_per_share": 23.85,
            "book_valuer_per_share_4q_avg": 23.43,
            "equity": 1430837,
            "current_ratio": 183.91,
            "debt_ratio": 50.74,
            "inventory_turnover_ratio": 0.24,
            "account_receivable_turnover_ratio": 2.71,
            "reinvestment_rate": 22.83,
            "research_to_sale_ratio": 1.11,
            "price_fair": 132.3,
            "eps_avg_yearly": 3.78,
            "eps_latest_yearly": 4.6,
            "eps_growth_yearly": 127.43
        },
        "20231": {
            "year_quarter": 20231,
            "year": 2023,
            "quarter": 1,
            "eps": 0.76,
            "eps_growth_year": -50,
            "eps_4q": 5.68,
            "eps_4q_growth_year": 13.65,
            "roe": 3.12,
            "roe_4q": 24.27,
            "gross_profit": 113842,
            "gross_margin": 32.69,
            "gross_margin_4q_avg": 34.9,
            "net_income": 45346,
            "revenue": 348215,
            "common_shares": 600000,
            "book_valuer_per_share": 24.67,
            "book_valuer_per_share_4q_avg": 23.81,
            "equity": 1480046,
            "current_ratio": 218.56,
            "debt_ratio": 47.29,
            "inventory_turnover_ratio": 0.17,
            "account_receivable_turnover_ratio": 2.72,
            "reinvestment_rate": 21.38,
            "research_to_sale_ratio": 1.55,
            "price_fair": 137.55,
            "eps_avg_yearly": 3.93,
            "eps_latest_yearly": 3.04,
            "eps_growth_yearly": 137.17
        }
    },
    "months": {
        "2001-06": {
            "month": "2001-06",
            "price": "6.58",
            "revenue": 47773
        },
        "2001-07": {
            "month": "2001-07",
            "price": "6.34",
            "revenue": 53384
        },
        "2001-08": {
            "month": "2001-08",
            "price": "6.48",
            "revenue": 53222
        },
        "2001-09": {
            "month": "2001-09",
            "price": "5.22",
            "revenue": 52733
        },
        "2001-10": {
            "month": "2001-10",
            "price": "4.75",
            "revenue": 64871
        },
        "2001-11": {
            "month": "2001-11",
            "price": "4.70",
            "revenue": 58631
        },
        "2001-12": {
            "month": "2001-12",
            "price": "5.82",
            "revenue": 47881
        },
        "2002-01": {
            "month": "2002-01",
            "price": "12.06",
            "revenue": 42977
        },
        "2002-02": {
            "month": "2002-02",
            "price": "15.42",
            "revenue": 34407
        },
        "2002-03": {
            "month": "2002-03",
            "price": "15.42",
            "revenue": 65389
        },
        "2002-04": {
            "month": "2002-04",
            "price": "15.76",
            "revenue": 60799
        },
        "2002-05": {
            "month": "2002-05",
            "price": "11.62",
            "revenue": 47914
        },
        "2002-06": {
            "month": "2002-06",
            "price": "10.76",
            "revenue": 68031
        },
        "2002-07": {
            "month": "2002-07",
            "price": "9.15",
            "revenue": 47629
        },
        "2002-08": {
            "month": "2002-08",
            "price": "8.35",
            "revenue": 60963
        },
        "2002-09": {
            "month": "2002-09",
            "price": "8.27",
            "revenue": 51822
        },
        "2002-10": {
            "month": "2002-10",
            "price": "8.63",
            "revenue": 27854
        },
        "2002-11": {
            "month": "2002-11",
            "price": "14.02",
            "revenue": 30101
        },
        "2002-12": {
            "month": "2002-12",
            "price": "15.71",
            "revenue": 32151
        },
        "2003-01": {
            "month": "2003-01",
            "price": "12.46",
            "revenue": 41897
        },
        "2003-02": {
            "month": "2003-02",
            "price": "10.09",
            "revenue": 16453
        },
        "2003-03": {
            "month": "2003-03",
            "price": "10.17",
            "revenue": 44692
        },
        "2003-04": {
            "month": "2003-04",
            "price": "10.18",
            "revenue": 32268
        },
        "2003-05": {
            "month": "2003-05",
            "price": "8.53",
            "revenue": 57369
        },
        "2003-06": {
            "month": "2003-06",
            "price": "9.29",
            "revenue": 68138
        },
        "2003-07": {
            "month": "2003-07",
            "price": "8.98",
            "revenue": 68612
        },
        "2003-08": {
            "month": "2003-08",
            "price": "8.31",
            "revenue": 61050
        },
        "2003-09": {
            "month": "2003-09",
            "price": "8.17",
            "revenue": 64367
        },
        "2003-10": {
            "month": "2003-10",
            "price": "8.71",
            "revenue": 60295
        },
        "2003-11": {
            "month": "2003-11",
            "price": "10.38",
            "revenue": 50694
        },
        "2003-12": {
            "month": "2003-12",
            "price": "13.95",
            "revenue": 53116
        },
        "2004-01": {
            "month": "2004-01",
            "price": "13.08",
            "revenue": 23990
        },
        "2004-02": {
            "month": "2004-02",
            "price": "12.92",
            "revenue": 41968
        },
        "2004-03": {
            "month": "2004-03",
            "price": "11.53",
            "revenue": 28518
        },
        "2004-04": {
            "month": "2004-04",
            "price": "10.52",
            "revenue": 50659
        },
        "2004-05": {
            "month": "2004-05",
            "price": "8.75",
            "revenue": 50143
        },
        "2004-06": {
            "month": "2004-06",
            "price": "8.34",
            "revenue": 71186
        },
        "2004-07": {
            "month": "2004-07",
            "price": "7.88",
            "revenue": 64635
        },
        "2004-08": {
            "month": "2004-08",
            "price": "7.92",
            "revenue": 55294
        },
        "2004-09": {
            "month": "2004-09",
            "price": "9.26",
            "revenue": 45067
        },
        "2004-10": {
            "month": "2004-10",
            "price": "11.00",
            "revenue": 26878
        },
        "2004-11": {
            "month": "2004-11",
            "price": "10.61",
            "revenue": 36173
        },
        "2004-12": {
            "month": "2004-12",
            "price": "8.97",
            "revenue": 38878
        },
        "2005-01": {
            "month": "2005-01",
            "price": "8.08",
            "revenue": 32290
        },
        "2005-02": {
            "month": "2005-02",
            "price": "7.48",
            "revenue": 27314
        },
        "2005-03": {
            "month": "2005-03",
            "price": "6.57",
            "revenue": 44015
        },
        "2005-04": {
            "month": "2005-04",
            "price": "5.06",
            "revenue": 26169
        },
        "2005-05": {
            "month": "2005-05",
            "price": "4.49",
            "revenue": 36347
        },
        "2005-06": {
            "month": "2005-06",
            "price": "4.66",
            "revenue": 46636
        },
        "2005-07": {
            "month": "2005-07",
            "price": "4.64",
            "revenue": 30561
        },
        "2005-08": {
            "month": "2005-08",
            "price": "4.39",
            "revenue": 30560
        },
        "2005-09": {
            "month": "2005-09",
            "price": "3.86",
            "revenue": 30243
        },
        "2005-10": {
            "month": "2005-10",
            "price": "3.22",
            "revenue": 25304
        },
        "2005-11": {
            "month": "2005-11",
            "price": "3.13",
            "revenue": 15488
        },
        "2005-12": {
            "month": "2005-12",
            "price": "3.33",
            "revenue": 36107
        },
        "2006-01": {
            "month": "2006-01",
            "price": "3.32",
            "revenue": 27076
        },
        "2006-02": {
            "month": "2006-02",
            "price": "4.04",
            "revenue": 24953
        },
        "2006-03": {
            "month": "2006-03",
            "price": "3.91",
            "revenue": 45881
        },
        "2006-04": {
            "month": "2006-04",
            "price": "4.01",
            "revenue": 34014
        },
        "2006-05": {
            "month": "2006-05",
            "price": "4.17",
            "revenue": 43487
        },
        "2006-06": {
            "month": "2006-06",
            "price": "3.96",
            "revenue": 42646
        },
        "2006-07": {
            "month": "2006-07",
            "price": "3.91",
            "revenue": 40029
        },
        "2006-08": {
            "month": "2006-08",
            "price": "3.69",
            "revenue": 46311
        },
        "2006-09": {
            "month": "2006-09",
            "price": "3.54",
            "revenue": 31177
        },
        "2006-10": {
            "month": "2006-10",
            "price": "3.79",
            "revenue": 30805
        },
        "2006-11": {
            "month": "2006-11",
            "price": "3.95",
            "revenue": 36065
        },
        "2006-12": {
            "month": "2006-12",
            "price": "5.76",
            "revenue": 41844
        },
        "2007-01": {
            "month": "2007-01",
            "price": "5.02",
            "revenue": 38163
        },
        "2007-02": {
            "month": "2007-02",
            "price": "4.54",
            "revenue": 32568
        },
        "2007-03": {
            "month": "2007-03",
            "price": "4.77",
            "revenue": 50288
        },
        "2007-04": {
            "month": "2007-04",
            "price": "6.47",
            "revenue": 36879
        },
        "2007-05": {
            "month": "2007-05",
            "price": "5.47",
            "revenue": 37085
        },
        "2007-06": {
            "month": "2007-06",
            "price": "5.52",
            "revenue": 43705
        },
        "2007-07": {
            "month": "2007-07",
            "price": "9.30",
            "revenue": 42013
        },
        "2007-08": {
            "month": "2007-08",
            "price": "8.23",
            "revenue": 37834
        },
        "2007-09": {
            "month": "2007-09",
            "price": "10.68",
            "revenue": 39753
        },
        "2007-10": {
            "month": "2007-10",
            "price": "8.79",
            "revenue": 31971
        },
        "2007-11": {
            "month": "2007-11",
            "price": "7.46",
            "revenue": 36482
        },
        "2007-12": {
            "month": "2007-12",
            "price": "6.42",
            "revenue": 45798
        },
        "2008-01": {
            "month": "2008-01",
            "price": "5.87",
            "revenue": 40903
        },
        "2008-02": {
            "month": "2008-02",
            "price": "5.94",
            "revenue": 44554
        },
        "2008-03": {
            "month": "2008-03",
            "price": "7.05",
            "revenue": 56173
        },
        "2008-04": {
            "month": "2008-04",
            "price": "7.09",
            "revenue": 47827
        },
        "2008-05": {
            "month": "2008-05",
            "price": "8.63",
            "revenue": 40444
        },
        "2008-06": {
            "month": "2008-06",
            "price": "9.71",
            "revenue": 51049
        },
        "2008-07": {
            "month": "2008-07",
            "price": "7.50",
            "revenue": 43531
        },
        "2008-08": {
            "month": "2008-08",
            "price": "6.61",
            "revenue": 40097
        },
        "2008-09": {
            "month": "2008-09",
            "price": "5.76",
            "revenue": 59922
        },
        "2008-10": {
            "month": "2008-10",
            "price": "5.53",
            "revenue": 43686
        },
        "2008-11": {
            "month": "2008-11",
            "price": "5.36",
            "revenue": 44856
        },
        "2008-12": {
            "month": "2008-12",
            "price": "5.15",
            "revenue": 59499
        },
        "2009-01": {
            "month": "2009-01",
            "price": "5.43",
            "revenue": 26428
        },
        "2009-02": {
            "month": "2009-02",
            "price": "5.49",
            "revenue": 47323
        },
        "2009-03": {
            "month": "2009-03",
            "price": "5.79",
            "revenue": 49386
        },
        "2009-04": {
            "month": "2009-04",
            "price": "6.47",
            "revenue": 30250
        },
        "2009-05": {
            "month": "2009-05",
            "price": "5.96",
            "revenue": 30124
        },
        "2009-06": {
            "month": "2009-06",
            "price": "5.74",
            "revenue": 43001
        },
        "2009-07": {
            "month": "2009-07",
            "price": "5.79",
            "revenue": 31361
        },
        "2009-08": {
            "month": "2009-08",
            "price": "5.74",
            "revenue": 31623
        },
        "2009-09": {
            "month": "2009-09",
            "price": "5.62",
            "revenue": 30802
        },
        "2009-10": {
            "month": "2009-10",
            "price": "5.90",
            "revenue": 31188
        },
        "2009-11": {
            "month": "2009-11",
            "price": "5.93",
            "revenue": 34857
        },
        "2009-12": {
            "month": "2009-12",
            "price": "6.13",
            "revenue": 61265
        },
        "2010-01": {
            "month": "2010-01",
            "price": "6.88",
            "revenue": 42040
        },
        "2010-02": {
            "month": "2010-02",
            "price": "6.28",
            "revenue": 33922
        },
        "2010-03": {
            "month": "2010-03",
            "price": "6.35",
            "revenue": 58898
        },
        "2010-04": {
            "month": "2010-04",
            "price": "6.84",
            "revenue": 52983
        },
        "2010-05": {
            "month": "2010-05",
            "price": "6.98",
            "revenue": 54088
        },
        "2010-06": {
            "month": "2010-06",
            "price": "7.03",
            "revenue": 54509
        },
        "2010-07": {
            "month": "2010-07",
            "price": "7.08",
            "revenue": 50143
        },
        "2010-08": {
            "month": "2010-08",
            "price": "7.31",
            "revenue": 43963
        },
        "2010-09": {
            "month": "2010-09",
            "price": "6.75",
            "revenue": 42219
        },
        "2010-10": {
            "month": "2010-10",
            "price": "7.91",
            "revenue": 41407
        },
        "2010-11": {
            "month": "2010-11",
            "price": "7.46",
            "revenue": 43938
        },
        "2010-12": {
            "month": "2010-12",
            "price": "7.50",
            "revenue": 56478
        },
        "2011-01": {
            "month": "2011-01",
            "price": "7.56",
            "revenue": 43435
        },
        "2011-02": {
            "month": "2011-02",
            "price": "7.37",
            "revenue": 34400
        },
        "2011-03": {
            "month": "2011-03",
            "price": "7.16",
            "revenue": 59876
        },
        "2011-04": {
            "month": "2011-04",
            "price": "7.10",
            "revenue": 55566
        },
        "2011-05": {
            "month": "2011-05",
            "price": "7.84",
            "revenue": 58158
        },
        "2011-06": {
            "month": "2011-06",
            "price": "7.55",
            "revenue": 66234
        },
        "2011-07": {
            "month": "2011-07",
            "price": "7.55",
            "revenue": 49460
        },
        "2011-08": {
            "month": "2011-08",
            "price": "7.08",
            "revenue": 61970
        },
        "2011-09": {
            "month": "2011-09",
            "price": "7.16",
            "revenue": 42479
        },
        "2011-10": {
            "month": "2011-10",
            "price": "7.08",
            "revenue": 48624
        },
        "2011-11": {
            "month": "2011-11",
            "price": "7.73",
            "revenue": 46543
        },
        "2011-12": {
            "month": "2011-12",
            "price": "7.40",
            "revenue": 57863
        },
        "2012-01": {
            "month": "2012-01",
            "price": "7.29",
            "revenue": 35637
        },
        "2012-02": {
            "month": "2012-02",
            "price": "8.49",
            "revenue": 42705
        },
        "2012-03": {
            "month": "2012-03",
            "price": "9.29",
            "revenue": 52714
        },
        "2012-04": {
            "month": "2012-04",
            "price": "8.45",
            "revenue": 51561
        },
        "2012-05": {
            "month": "2012-05",
            "price": "8.26",
            "revenue": 55331
        },
        "2012-06": {
            "month": "2012-06",
            "price": "8.06",
            "revenue": 55093
        },
        "2012-07": {
            "month": "2012-07",
            "price": "8.06",
            "revenue": 50698
        },
        "2012-08": {
            "month": "2012-08",
            "price": "7.80",
            "revenue": 51099
        },
        "2012-09": {
            "month": "2012-09",
            "price": "7.50",
            "revenue": 42078
        },
        "2012-10": {
            "month": "2012-10",
            "price": "7.12",
            "revenue": 46241
        },
        "2012-11": {
            "month": "2012-11",
            "price": "6.76",
            "revenue": 44167
        },
        "2012-12": {
            "month": "2012-12",
            "price": "7.00",
            "revenue": 57216
        },
        "2013-01": {
            "month": "2013-01",
            "price": "6.93",
            "revenue": 64928
        },
        "2013-02": {
            "month": "2013-02",
            "price": "7.02",
            "revenue": 44057
        },
        "2013-03": {
            "month": "2013-03",
            "price": "7.14",
            "revenue": 59482
        },
        "2013-04": {
            "month": "2013-04",
            "price": "7.97",
            "revenue": 61778
        },
        "2013-05": {
            "month": "2013-05",
            "price": "8.24",
            "revenue": 56775
        },
        "2013-06": {
            "month": "2013-06",
            "price": "8.01",
            "revenue": 63178
        },
        "2013-07": {
            "month": "2013-07",
            "price": "8.07",
            "revenue": 49303
        },
        "2013-08": {
            "month": "2013-08",
            "price": "8.17",
            "revenue": 61458
        },
        "2013-09": {
            "month": "2013-09",
            "price": "8.20",
            "revenue": 49373
        },
        "2013-10": {
            "month": "2013-10",
            "price": "9.20",
            "revenue": 62511
        },
        "2013-11": {
            "month": "2013-11",
            "price": "8.87",
            "revenue": 50011
        },
        "2013-12": {
            "month": "2013-12",
            "price": "8.99",
            "revenue": 84718
        },
        "2014-01": {
            "month": "2014-01",
            "price": "10.70",
            "revenue": 53847
        },
        "2014-02": {
            "month": "2014-02",
            "price": "11.26",
            "revenue": 55398
        },
        "2014-03": {
            "month": "2014-03",
            "price": "10.94",
            "revenue": 63356
        },
        "2014-04": {
            "month": "2014-04",
            "price": "10.66",
            "revenue": 66678
        },
        "2014-05": {
            "month": "2014-05",
            "price": "10.98",
            "revenue": 58043
        },
        "2014-06": {
            "month": "2014-06",
            "price": "11.44",
            "revenue": 68181
        },
        "2014-07": {
            "month": "2014-07",
            "price": "11.30",
            "revenue": 69223
        },
        "2014-08": {
            "month": "2014-08",
            "price": "13.83",
            "revenue": 60477
        },
        "2014-09": {
            "month": "2014-09",
            "price": "13.94",
            "revenue": 56750
        },
        "2014-10": {
            "month": "2014-10",
            "price": "12.52",
            "revenue": 55985
        },
        "2014-11": {
            "month": "2014-11",
            "price": "12.05",
            "revenue": 60170
        },
        "2014-12": {
            "month": "2014-12",
            "price": "12.79",
            "revenue": 87892
        },
        "2015-01": {
            "month": "2015-01",
            "price": "14.18",
            "revenue": 67221
        },
        "2015-02": {
            "month": "2015-02",
            "price": "13.88",
            "revenue": 50236
        },
        "2015-03": {
            "month": "2015-03",
            "price": "14.21",
            "revenue": 81864
        },
        "2015-04": {
            "month": "2015-04",
            "price": "15.86",
            "revenue": 79891
        },
        "2015-05": {
            "month": "2015-05",
            "price": "14.87",
            "revenue": 78900
        },
        "2015-06": {
            "month": "2015-06",
            "price": "13.49",
            "revenue": 97958
        },
        "2015-07": {
            "month": "2015-07",
            "price": "13.70",
            "revenue": 92977
        },
        "2015-08": {
            "month": "2015-08",
            "price": "13.32",
            "revenue": 75717
        },
        "2015-09": {
            "month": "2015-09",
            "price": "12.91",
            "revenue": 64568
        },
        "2015-10": {
            "month": "2015-10",
            "price": "13.25",
            "revenue": 67124
        },
        "2015-11": {
            "month": "2015-11",
            "price": "14.07",
            "revenue": 61420
        },
        "2015-12": {
            "month": "2015-12",
            "price": "14.42",
            "revenue": 85059
        },
        "2016-01": {
            "month": "2016-01",
            "price": "13.37",
            "revenue": 67262
        },
        "2016-02": {
            "month": "2016-02",
            "price": "13.38",
            "revenue": 45537
        },
        "2016-03": {
            "month": "2016-03",
            "price": "13.91",
            "revenue": 81985
        },
        "2016-04": {
            "month": "2016-04",
            "price": "12.79",
            "revenue": 86139
        },
        "2016-05": {
            "month": "2016-05",
            "price": "12.19",
            "revenue": 83160
        },
        "2016-06": {
            "month": "2016-06",
            "price": "12.58",
            "revenue": 95030
        },
        "2016-07": {
            "month": "2016-07",
            "price": "13.06",
            "revenue": 86460
        },
        "2016-08": {
            "month": "2016-08",
            "price": "14.76",
            "revenue": 82791
        },
        "2016-09": {
            "month": "2016-09",
            "price": "15.02",
            "revenue": 68997
        },
        "2016-10": {
            "month": "2016-10",
            "price": "14.40",
            "revenue": 72654
        },
        "2016-11": {
            "month": "2016-11",
            "price": "13.33",
            "revenue": 86837
        },
        "2016-12": {
            "month": "2016-12",
            "price": "14.25",
            "revenue": 97969
        },
        "2017-01": {
            "month": "2017-01",
            "price": "14.97",
            "revenue": 52478
        },
        "2017-02": {
            "month": "2017-02",
            "price": "14.88",
            "revenue": 68943
        },
        "2017-03": {
            "month": "2017-03",
            "price": "15.23",
            "revenue": 112066
        },
        "2017-04": {
            "month": "2017-04",
            "price": "17.67",
            "revenue": 104546
        },
        "2017-05": {
            "month": "2017-05",
            "price": "17.00",
            "revenue": 104786
        },
        "2017-06": {
            "month": "2017-06",
            "price": "18.15",
            "revenue": 115745
        },
        "2017-07": {
            "month": "2017-07",
            "price": "18.51",
            "revenue": 120651
        },
        "2017-08": {
            "month": "2017-08",
            "price": "26.88",
            "revenue": 137872
        },
        "2017-09": {
            "month": "2017-09",
            "price": "34.19",
            "revenue": 132940
        },
        "2017-10": {
            "month": "2017-10",
            "price": "43.45",
            "revenue": 115800
        },
        "2017-11": {
            "month": "2017-11",
            "price": "46.76",
            "revenue": 125658
        },
        "2017-12": {
            "month": "2017-12",
            "price": "53.54",
            "revenue": 148226
        },
        "2018-01": {
            "month": "2018-01",
            "price": "83.38",
            "revenue": 100382
        },
        "2018-02": {
            "month": "2018-02",
            "price": "79.20",
            "revenue": 82781
        },
        "2018-03": {
            "month": "2018-03",
            "price": "78.77",
            "revenue": 108111
        },
        "2018-04": {
            "month": "2018-04",
            "price": "63.24",
            "revenue": 103607
        },
        "2018-05": {
            "month": "2018-05",
            "price": "49.59",
            "revenue": 104504
        },
        "2018-06": {
            "month": "2018-06",
            "price": "42.51",
            "revenue": 102055
        },
        "2018-07": {
            "month": "2018-07",
            "price": "40.88",
            "revenue": 106084
        },
        "2018-08": {
            "month": "2018-08",
            "price": "34.21",
            "revenue": 106393
        },
        "2018-09": {
            "month": "2018-09",
            "price": "28.32",
            "revenue": 94290
        },
        "2018-10": {
            "month": "2018-10",
            "price": "20.10",
            "revenue": 117500
        },
        "2018-11": {
            "month": "2018-11",
            "price": "30.54",
            "revenue": 121201
        },
        "2018-12": {
            "month": "2018-12",
            "price": "33.04",
            "revenue": 121172
        },
        "2019-01": {
            "month": "2019-01",
            "price": "33.01",
            "revenue": 90001
        },
        "2019-02": {
            "month": "2019-02",
            "price": "34.98",
            "revenue": 64987
        },
        "2019-03": {
            "month": "2019-03",
            "price": "35.96",
            "revenue": 84340
        },
        "2019-04": {
            "month": "2019-04",
            "price": "36.09",
            "revenue": 104555
        },
        "2019-05": {
            "month": "2019-05",
            "price": "29.49",
            "revenue": 108154
        },
        "2019-06": {
            "month": "2019-06",
            "price": "29.54",
            "revenue": 113172
        },
        "2019-07": {
            "month": "2019-07",
            "price": "30.84",
            "revenue": 107728
        },
        "2019-08": {
            "month": "2019-08",
            "price": "29.50",
            "revenue": 93773
        },
        "2019-09": {
            "month": "2019-09",
            "price": "29.18",
            "revenue": 72665
        },
        "2019-10": {
            "month": "2019-10",
            "price": "26.24",
            "revenue": 99085
        },
        "2019-11": {
            "month": "2019-11",
            "price": "25.07",
            "revenue": 80405
        },
        "2019-12": {
            "month": "2019-12",
            "price": "24.11",
            "revenue": 114536
        },
        "2020-01": {
            "month": "2020-01",
            "price": "23.63",
            "revenue": 74103
        },
        "2020-02": {
            "month": "2020-02",
            "price": "20.73",
            "revenue": 77107
        },
        "2020-03": {
            "month": "2020-03",
            "price": "16.81",
            "revenue": 84706
        },
        "2020-04": {
            "month": "2020-04",
            "price": "17.83",
            "revenue": 83948
        },
        "2020-05": {
            "month": "2020-05",
            "price": "23.65",
            "revenue": 89112
        },
        "2020-06": {
            "month": "2020-06",
            "price": "32.30",
            "revenue": 104035
        },
        "2020-07": {
            "month": "2020-07",
            "price": "33.43",
            "revenue": 120977
        },
        "2020-08": {
            "month": "2020-08",
            "price": "43.67",
            "revenue": 127903
        },
        "2020-09": {
            "month": "2020-09",
            "price": "47.69",
            "revenue": 122780
        },
        "2020-10": {
            "month": "2020-10",
            "price": "52.17",
            "revenue": 109234
        },
        "2020-11": {
            "month": "2020-11",
            "price": "50.42",
            "revenue": 121040
        },
        "2020-12": {
            "month": "2020-12",
            "price": "48.66",
            "revenue": 131704
        },
        "2021-01": {
            "month": "2021-01",
            "price": "43.24",
            "revenue": 113686
        },
        "2021-02": {
            "month": "2021-02",
            "price": "42.54",
            "revenue": 79389
        },
        "2021-03": {
            "month": "2021-03",
            "price": "44.28",
            "revenue": 149344
        },
        "2021-04": {
            "month": "2021-04",
            "price": "55.18",
            "revenue": 155818
        },
        "2021-05": {
            "month": "2021-05",
            "price": "47.09",
            "revenue": 160701
        },
        "2021-06": {
            "month": "2021-06",
            "price": "50.77",
            "revenue": 167887
        },
        "2021-07": {
            "month": "2021-07",
            "price": "56.89",
            "revenue": 159132
        },
        "2021-08": {
            "month": "2021-08",
            "price": "50.81",
            "revenue": 173495
        },
        "2021-09": {
            "month": "2021-09",
            "price": "50.34",
            "revenue": 148024
        },
        "2021-10": {
            "month": "2021-10",
            "price": "45.38",
            "revenue": 171096
        },
        "2021-11": {
            "month": "2021-11",
            "price": "48.88",
            "revenue": 186427
        },
        "2021-12": {
            "month": "2021-12",
            "price": "48.64",
            "revenue": 222530
        },
        "2022-01": {
            "month": "2022-01",
            "price": "50.21",
            "revenue": 165056
        },
        "2022-02": {
            "month": "2022-02",
            "price": "48.98",
            "revenue": 135516
        },
        "2022-03": {
            "month": "2022-03",
            "price": "47.66",
            "revenue": 211980
        },
        "2022-04": {
            "month": "2022-04",
            "price": "46.57",
            "revenue": 194111
        },
        "2022-05": {
            "month": "2022-05",
            "price": "47.34",
            "revenue": 206546
        },
        "2022-06": {
            "month": "2022-06",
            "price": "47.67",
            "revenue": 209828
        },
        "2022-07": {
            "month": "2022-07",
            "price": "42.17",
            "revenue": 188609
        },
        "2022-08": {
            "month": "2022-08",
            "price": "51.35",
            "revenue": 198988
        },
        "2022-09": {
            "month": "2022-09",
            "price": "55.55",
            "revenue": 207799
        },
        "2022-10": {
            "month": "2022-10",
            "price": "47.29",
            "revenue": 153303
        },
        "2022-11": {
            "month": "2022-11",
            "price": "45.73",
            "revenue": 178193
        },
        "2022-12": {
            "month": "2022-12",
            "price": "43.25",
            "revenue": 147188
        },
        "2023-01": {
            "month": "2023-01",
            "price": "40.72",
            "revenue": 111668
        },
        "2023-02": {
            "month": "2023-02",
            "price": "41.81",
            "revenue": 118064
        },
        "2023-03": {
            "month": "2023-03",
            "price": "42.53",
            "revenue": 118483
        },
        "2023-04": {
            "month": "2023-04",
            "price": "41.32",
            "revenue": 90585
        }
    }
}
