{
    "summary": {
        "stock_name": "鑽全",
        "stock_id": "1527",
        "category": "電機機械",
        "main_business": "氣動打釘機及各種氣動機械等之製造加工,裝配買賣.<br>建材加工,裝配買賣業務.<br>前各項有關產品零組件及五金零件之進出口貿易業務.",
        "website_url": "http://www.basso.com.tw",
        "ceo": "賴伯峰先生",
        "pe_ratio": 14,
        "report_year_from": 2001,
        "report_year_to": 2023,
        "age": 23,
        "eps_negative_percentage": 0,
        "eps_growth_avg": {
            "last_all": 1.88,
            "last_2y": 5.89,
            "last_4y": -11.2,
            "last_8y": -2.83,
            "last_12y": 13.48,
            "last_16y": 2.93,
            "last_20y": 2.07,
            "at_2006_last_3y": -1.6,
            "at_2007_last_3y": -9.83,
            "at_2008_last_3y": -34.08,
            "at_2009_last_3y": -15.14,
            "at_2010_last_3y": -31.33,
            "at_2011_last_3y": -2.65,
            "at_2012_last_3y": -2.64,
            "at_2013_last_3y": 4.63,
            "at_2014_last_3y": 50.16,
            "at_2015_last_3y": 27.53,
            "at_2016_last_3y": 48.33,
            "at_2017_last_3y": 3.7,
            "at_2018_last_3y": 7.64,
            "at_2019_last_3y": -5.87,
            "at_2020_last_3y": -13.05,
            "at_2021_last_3y": 10.24,
            "at_2022_last_3y": -0.07,
            "at_2023_last_3y": -2.87,
            "at_2024_last_3y": -2.87,
            "at_2006_last_all": -1.7,
            "at_2007_last_all": -3.87,
            "at_2008_last_all": -15.27,
            "at_2009_last_all": -4.5,
            "at_2010_last_all": -14.87,
            "at_2011_last_all": -3.38,
            "at_2012_last_all": -10.68,
            "at_2013_last_all": -1.45,
            "at_2014_last_all": 5.14,
            "at_2015_last_all": 5.45,
            "at_2016_last_all": 5.06,
            "at_2017_last_all": -0.17,
            "at_2018_last_all": 5.73,
            "at_2019_last_all": 2.93,
            "at_2020_last_all": 1.25,
            "at_2021_last_all": 1.91,
            "at_2022_last_all": 4.62,
            "at_2023_last_all": 1.88,
            "at_2024_last_all": 1.88
        },
        "latest_eps": 2.9,
        "latest_price": 40.8,
        "latest_roe": 8.66,
        "latest_gross_margin": 25.19,
        "latest_equity": 4689028,
        "latest_revenue": 700469,
        "latest_gross_profit": 176414,
        "latest_net_income": 152627,
        "latest_debt_ratio": 11.85,
        "latest_current_ratio": 723.9,
        "latest_account_receivable_turnover_ratio": 1.45,
        "latest_inventory_turnover_ratio": 1.04,
        "latest_reinvestment_rate": -0.33,
        "latest_research_to_sale_ratio": 5.17
    },
    "eps_dividends": {
        "1998": {
            "cash": 0,
            "stock": 9.5,
            "eps": 0
        },
        "2000": {
            "cash": 5,
            "stock": 5,
            "eps": 0
        },
        "2001": {
            "cash": 1.5,
            "stock": 2,
            "eps": 4.72
        },
        "2002": {
            "cash": 3,
            "stock": 0,
            "eps": 4.62
        },
        "2003": {
            "cash": 3,
            "stock": 0,
            "eps": 5.46
        },
        "2004": {
            "cash": 3,
            "stock": 1,
            "eps": 6.19
        },
        "2005": {
            "cash": 4,
            "stock": 0.2,
            "eps": 5.89
        },
        "2006": {
            "cash": 2.13,
            "stock": 2.13,
            "eps": 3.94
        },
        "2007": {
            "cash": 3,
            "stock": 0,
            "eps": 3.36
        },
        "2008": {
            "cash": 2.32,
            "stock": 0,
            "eps": 0.55
        },
        "2009": {
            "cash": 1.23,
            "stock": 0,
            "eps": 0.94
        },
        "2010": {
            "cash": 1.33,
            "stock": 0,
            "eps": 0.02
        },
        "2011": {
            "cash": 1.83,
            "stock": 0,
            "eps": 2.38
        },
        "2012": {
            "cash": 0,
            "stock": 0,
            "eps": 0.39
        },
        "2013": {
            "cash": 0.5,
            "stock": 0,
            "eps": 3.43
        },
        "2014": {
            "cash": 4.5,
            "stock": 0,
            "eps": 6.32
        },
        "2015": {
            "cash": 3,
            "stock": 0,
            "eps": 6.92
        },
        "2016": {
            "cash": 3.3,
            "stock": 0,
            "eps": 6.89
        },
        "2017": {
            "cash": 4.1,
            "stock": 0,
            "eps": 1.48
        },
        "2018": {
            "cash": 1.4,
            "stock": 0,
            "eps": 7.48
        },
        "2019": {
            "cash": 4,
            "stock": 0,
            "eps": 4.15
        },
        "2020": {
            "cash": 1.2,
            "stock": 0,
            "eps": 2.94
        },
        "2021": {
            "cash": 2.35,
            "stock": 0,
            "eps": 3.37
        },
        "2022": {
            "cash": 2.4,
            "stock": 0,
            "eps": 5.35
        },
        "2023": {
            "cash": 2.4,
            "stock": 0,
            "eps": 2.37
        }
    },
    "dividends": {
        "1998-06-13": {
            "cash": 0,
            "stock": 9.5
        },
        "2000-04-14": {
            "cash": 5,
            "stock": 5
        },
        "2001-05-31": {
            "cash": 1.5,
            "stock": 2
        },
        "2002-06-17": {
            "cash": 3,
            "stock": 0
        },
        "2003-05-27": {
            "cash": 3,
            "stock": 0
        },
        "2004-04-08": {
            "cash": 3,
            "stock": 1
        },
        "2005-03-17": {
            "cash": 4,
            "stock": 0.2
        },
        "2006-03-23": {
            "cash": 2.13,
            "stock": 2.13
        },
        "2007-03-12": {
            "cash": 3,
            "stock": 0
        },
        "2008-03-19": {
            "cash": 2.32,
            "stock": 0
        },
        "2009-04-30": {
            "cash": 1.23,
            "stock": 0
        },
        "2010-04-08": {
            "cash": 1.33,
            "stock": 0
        },
        "2011-01-01": {
            "cash": 1.83,
            "stock": 0
        },
        "2013-04-29": {
            "cash": 0.5,
            "stock": 0
        },
        "2014-09-16": {
            "cash": 4.5,
            "stock": 0
        },
        "2015-09-30": {
            "cash": 3,
            "stock": 0
        },
        "2016-09-23": {
            "cash": 3.3,
            "stock": 0
        },
        "2017-09-25": {
            "cash": 4.1,
            "stock": 0
        },
        "2018-09-28": {
            "cash": 1.4,
            "stock": 0
        },
        "2019-09-25": {
            "cash": 4,
            "stock": 0
        },
        "2020-09-25": {
            "cash": 1.2,
            "stock": 0
        },
        "2021-10-05": {
            "cash": 2.35,
            "stock": 0
        },
        "2022-09-16": {
            "cash": 2.4,
            "stock": 0
        },
        "2023-08-24": {
            "cash": 2.4,
            "stock": 0
        }
    },
    "prices": {
        "200101": "49.41",
        "200102": "53.93",
        "200103": "50.99",
        "200104": "51.86",
        "200105": "44.27",
        "200106": "45.74",
        "200107": "46.58",
        "200108": "36.93",
        "200109": "34.86",
        "200110": "32.74",
        "200111": "35.34",
        "200112": "41.25",
        "200201": "45.77",
        "200202": "46.18",
        "200203": "51.52",
        "200204": "59.52",
        "200205": "58.57",
        "200206": "54.95",
        "200207": "49.83",
        "200208": "52.87",
        "200209": "50.41",
        "200210": "50.42",
        "200211": "53.21",
        "200212": "53.55",
        "200301": "54.89",
        "200302": "57.09",
        "200303": "56.40",
        "200304": "56.86",
        "200305": "59.14",
        "200306": "65.22",
        "200307": "64.35",
        "200308": "65.50",
        "200309": "68.36",
        "200310": "64.93",
        "200311": "68.05",
        "200312": "66.17",
        "200401": "69.37",
        "200402": "74.25",
        "200403": "68.02",
        "200404": "68.18",
        "200405": "69.17",
        "200406": "68.31",
        "200407": "66.77",
        "200408": "64.48",
        "200409": "71.74",
        "200410": "68.45",
        "200411": "67.36",
        "200412": "68.22",
        "200501": "69.90",
        "200502": "74.46",
        "200503": "79.30",
        "200504": "78.22",
        "200505": "76.80",
        "200506": "75.33",
        "200507": "73.54",
        "200508": "73.89",
        "200509": "78.06",
        "200510": "77.74",
        "200511": "74.65",
        "200512": "74.86",
        "200601": "75.94",
        "200602": "72.49",
        "200603": "62.66",
        "200604": "57.44",
        "200605": "52.88",
        "200606": "46.63",
        "200607": "47.45",
        "200608": "45.38",
        "200609": "41.64",
        "200610": "38.82",
        "200611": "40.39",
        "200612": "42.96",
        "200701": "42.02",
        "200702": "41.04",
        "200703": "41.00",
        "200704": "45.75",
        "200705": "48.02",
        "200706": "49.70",
        "200707": "58.07",
        "200708": "49.39",
        "200709": "44.91",
        "200710": "43.80",
        "200711": "40.09",
        "200712": "39.84",
        "200801": "40.53",
        "200802": "38.84",
        "200803": "37.96",
        "200804": "35.51",
        "200805": "31.19",
        "200806": "26.90",
        "200807": "21.48",
        "200808": "23.51",
        "200809": "21.51",
        "200810": "15.62",
        "200811": "15.86",
        "200812": "16.09",
        "200901": "15.09",
        "200902": "14.83",
        "200903": "17.03",
        "200904": "21.67",
        "200905": "26.60",
        "200906": "24.86",
        "200907": "26.65",
        "200908": "29.32",
        "200909": "30.34",
        "200910": "31.99",
        "200911": "33.29",
        "200912": "33.32",
        "201001": "34.21",
        "201002": "30.25",
        "201003": "30.01",
        "201004": "31.80",
        "201005": "28.29",
        "201006": "28.94",
        "201007": "28.94",
        "201008": "31.32",
        "201009": "31.82",
        "201010": "30.37",
        "201011": "25.29",
        "201012": "25.81",
        "201101": "25.97",
        "201102": "25.41",
        "201103": "25.15",
        "201104": "24.91",
        "201105": "26.18",
        "201106": "23.20",
        "201107": "21.28",
        "201108": "17.13",
        "201109": "16.01",
        "201110": "18.86",
        "201111": "19.68",
        "201112": "19.00",
        "201201": "20.04",
        "201202": "21.93",
        "201203": "23.42",
        "201204": "22.17",
        "201205": "21.27",
        "201206": "21.81",
        "201207": "22.67",
        "201208": "21.58",
        "201209": "19.46",
        "201210": "18.09",
        "201211": "17.41",
        "201212": "18.04",
        "201301": "18.09",
        "201302": "18.84",
        "201303": "19.12",
        "201304": "22.42",
        "201305": "21.88",
        "201306": "23.18",
        "201307": "26.85",
        "201308": "32.65",
        "201309": "33.82",
        "201310": "33.34",
        "201311": "30.74",
        "201312": "30.06",
        "201401": "31.07",
        "201402": "32.06",
        "201403": "35.70",
        "201404": "37.77",
        "201405": "39.40",
        "201406": "40.41",
        "201407": "44.69",
        "201408": "40.51",
        "201409": "37.62",
        "201410": "37.12",
        "201411": "38.78",
        "201412": "43.30",
        "201501": "44.15",
        "201502": "43.75",
        "201503": "47.85",
        "201504": "50.92",
        "201505": "43.68",
        "201506": "43.66",
        "201507": "39.49",
        "201508": "40.14",
        "201509": "46.03",
        "201510": "57.97",
        "201511": "61.39",
        "201512": "62.48",
        "201601": "61.50",
        "201602": "64.26",
        "201603": "70.51",
        "201604": "71.45",
        "201605": "69.25",
        "201606": "74.42",
        "201607": "92.88",
        "201608": "103.56",
        "201609": "102.69",
        "201610": "87.52",
        "201611": "81.53",
        "201612": "90.20",
        "201701": "92.06",
        "201702": "91.03",
        "201703": "93.07",
        "201704": "89.44",
        "201705": "83.08",
        "201706": "87.30",
        "201707": "85.90",
        "201708": "90.41",
        "201709": "87.28",
        "201710": "82.81",
        "201711": "80.69",
        "201712": "69.17",
        "201801": "66.96",
        "201802": "62.44",
        "201803": "55.89",
        "201804": "53.13",
        "201805": "55.80",
        "201806": "61.12",
        "201807": "65.53",
        "201808": "64.42",
        "201809": "56.17",
        "201810": "48.10",
        "201811": "45.35",
        "201812": "46.81",
        "201901": "47.14",
        "201902": "49.94",
        "201903": "52.56",
        "201904": "58.84",
        "201905": "57.42",
        "201906": "57.15",
        "201907": "58.84",
        "201908": "55.48",
        "201909": "50.32",
        "201910": "48.93",
        "201911": "49.48",
        "201912": "49.68",
        "202001": "48.82",
        "202002": "46.84",
        "202003": "40.66",
        "202004": "40.48",
        "202005": "40.93",
        "202006": "40.94",
        "202007": "39.79",
        "202008": "39.73",
        "202009": "38.83",
        "202010": "39.06",
        "202011": "41.17",
        "202012": "41.94",
        "202101": "43.12",
        "202102": "43.86",
        "202103": "46.68",
        "202104": "52.01",
        "202105": "45.98",
        "202106": "49.17",
        "202107": "51.22",
        "202108": "47.49",
        "202109": "45.50",
        "202110": "42.48",
        "202111": "42.98",
        "202112": "42.77",
        "202201": "43.04",
        "202202": "42.13",
        "202203": "41.38",
        "202204": "42.32",
        "202205": "43.29",
        "202206": "46.32",
        "202207": "41.99",
        "202208": "42.79",
        "202209": "41.88",
        "202210": "39.03",
        "202211": "40.84",
        "202212": "41.40",
        "202301": "41.37",
        "202302": "42.81",
        "202303": "43.69",
        "202304": "42.54",
        "202305": "41.98",
        "202306": "42.02",
        "202307": "41.62",
        "202308": "40.57",
        "202309": "39.75",
        "202310": "39.12",
        "202311": "39.93",
        "202312": "41.05"
    },
    "quarters": {
        "20011": {
            "year_quarter": 20011,
            "year": 2001,
            "quarter": 1,
            "eps": 0.95,
            "eps_growth_year": -39.1,
            "eps_4q": 4.27,
            "eps_4q_growth_year": -30.03,
            "roe": 6,
            "roe_4q": 6,
            "gross_profit": 162648,
            "gross_margin": 40.31,
            "gross_margin_4q_avg": 40.31,
            "net_income": 102022,
            "net_income_4q": null,
            "revenue": 403517,
            "revenue_4q": null,
            "common_shares": 1076193,
            "book_valuer_per_share": 16.27,
            "book_valuer_per_share_4q_avg": 16.27,
            "equity": 1750634,
            "current_ratio": 446.93,
            "debt_ratio": 13.04,
            "inventory_turnover_ratio": 1.69,
            "account_receivable_turnover_ratio": null,
            "reinvestment_rate": null,
            "research_to_sale_ratio": null,
            "price_fair": 0,
            "eps_avg_yearly": 0,
            "eps_latest_yearly": 0,
            "eps_growth_yearly": 0
        },
        "20012": {
            "year_quarter": 20012,
            "year": 2001,
            "quarter": 2,
            "eps": 1.52,
            "eps_growth_year": -14.12,
            "eps_4q": 4.6,
            "eps_4q_growth_year": -25.36,
            "roe": 9.36,
            "roe_4q": 15.36,
            "gross_profit": 233786,
            "gross_margin": 45.67,
            "gross_margin_4q_avg": 42.99,
            "net_income": 163687,
            "net_income_4q": null,
            "revenue": 511873,
            "revenue_4q": null,
            "common_shares": 1076193,
            "book_valuer_per_share": 16.25,
            "book_valuer_per_share_4q_avg": 16.26,
            "equity": 1748392,
            "current_ratio": 249.08,
            "debt_ratio": 23.63,
            "inventory_turnover_ratio": 1.78,
            "account_receivable_turnover_ratio": null,
            "reinvestment_rate": null,
            "research_to_sale_ratio": null,
            "price_fair": 0,
            "eps_avg_yearly": 0,
            "eps_latest_yearly": 0,
            "eps_growth_yearly": 0
        },
        "20013": {
            "year_quarter": 20013,
            "year": 2001,
            "quarter": 3,
            "eps": 1.2,
            "eps_growth_year": 12.15,
            "eps_4q": 4.13,
            "eps_4q_growth_year": 1.16,
            "roe": 8.53,
            "roe_4q": 23.89,
            "gross_profit": 260780,
            "gross_margin": 46.36,
            "gross_margin_4q_avg": 44.11,
            "net_income": 155790,
            "net_income_4q": null,
            "revenue": 562557,
            "revenue_4q": null,
            "common_shares": 1297750,
            "book_valuer_per_share": 14.67,
            "book_valuer_per_share_4q_avg": 15.73,
            "equity": 1904182,
            "current_ratio": 205.13,
            "debt_ratio": 36.42,
            "inventory_turnover_ratio": 1.75,
            "account_receivable_turnover_ratio": null,
            "reinvestment_rate": null,
            "research_to_sale_ratio": null,
            "price_fair": 0,
            "eps_avg_yearly": 0,
            "eps_latest_yearly": 0,
            "eps_growth_yearly": 0
        },
        "20014": {
            "year_quarter": 20014,
            "year": 2001,
            "quarter": 4,
            "eps": 1.05,
            "eps_growth_year": -0.94,
            "eps_4q": 4.3,
            "eps_4q_growth_year": -0.76,
            "roe": 6.9,
            "roe_4q": 30.79,
            "gross_profit": 166151,
            "gross_margin": 43.07,
            "gross_margin_4q_avg": 43.85,
            "net_income": 136157,
            "net_income_4q": null,
            "revenue": 385742,
            "revenue_4q": null,
            "common_shares": 1297750,
            "book_valuer_per_share": 15.72,
            "book_valuer_per_share_4q_avg": 15.73,
            "equity": 2040340,
            "current_ratio": 265.57,
            "debt_ratio": 37.45,
            "inventory_turnover_ratio": 1.22,
            "account_receivable_turnover_ratio": null,
            "reinvestment_rate": null,
            "research_to_sale_ratio": null,
            "price_fair": 0,
            "eps_avg_yearly": 0,
            "eps_latest_yearly": 0,
            "eps_growth_yearly": 0
        },
        "20021": {
            "year_quarter": 20021,
            "year": 2002,
            "quarter": 1,
            "eps": 1.45,
            "eps_growth_year": 52.63,
            "eps_4q": 4.96,
            "eps_4q_growth_year": 16.17,
            "roe": 8.83,
            "roe_4q": 33.62,
            "gross_profit": 285652,
            "gross_margin": 48.3,
            "gross_margin_4q_avg": 45.85,
            "net_income": 188432,
            "net_income_4q": null,
            "revenue": 591423,
            "revenue_4q": null,
            "common_shares": 1297750,
            "book_valuer_per_share": 17.17,
            "book_valuer_per_share_4q_avg": 15.95,
            "equity": 2228772,
            "current_ratio": 162.51,
            "debt_ratio": 40.26,
            "inventory_turnover_ratio": 1.76,
            "account_receivable_turnover_ratio": null,
            "reinvestment_rate": null,
            "research_to_sale_ratio": null,
            "price_fair": 203,
            "eps_avg_yearly": 5.8,
            "eps_latest_yearly": 5.8,
            "eps_growth_yearly": 152.38
        },
        "20022": {
            "year_quarter": 20022,
            "year": 2002,
            "quarter": 2,
            "eps": 0.83,
            "eps_growth_year": -45.39,
            "eps_4q": 4.52,
            "eps_4q_growth_year": -1.82,
            "roe": 5.18,
            "roe_4q": 29.439999999999998,
            "gross_profit": 273751,
            "gross_margin": 48.3,
            "gross_margin_4q_avg": 46.51,
            "net_income": 108073,
            "net_income_4q": null,
            "revenue": 566740,
            "revenue_4q": null,
            "common_shares": 1297750,
            "book_valuer_per_share": 14.97,
            "book_valuer_per_share_4q_avg": 15.63,
            "equity": 1943020,
            "current_ratio": 131.84,
            "debt_ratio": 44.4,
            "inventory_turnover_ratio": 1.64,
            "account_receivable_turnover_ratio": null,
            "reinvestment_rate": null,
            "research_to_sale_ratio": null,
            "price_fair": 13.68,
            "eps_avg_yearly": 4.56,
            "eps_latest_yearly": 3.32,
            "eps_growth_yearly": -9.33
        },
        "20023": {
            "year_quarter": 20023,
            "year": 2002,
            "quarter": 3,
            "eps": 1.46,
            "eps_growth_year": 21.67,
            "eps_4q": 4.75,
            "eps_4q_growth_year": 15.09,
            "roe": 9.41,
            "roe_4q": 30.32,
            "gross_profit": 269433,
            "gross_margin": 46.46,
            "gross_margin_4q_avg": 46.53,
            "net_income": 191957,
            "net_income_4q": null,
            "revenue": 579900,
            "revenue_4q": null,
            "common_shares": 1311222,
            "book_valuer_per_share": 16.28,
            "book_valuer_per_share_4q_avg": 16.04,
            "equity": 2134977,
            "current_ratio": 140.7,
            "debt_ratio": 42.04,
            "inventory_turnover_ratio": 1.68,
            "account_receivable_turnover_ratio": null,
            "reinvestment_rate": null,
            "research_to_sale_ratio": null,
            "price_fair": 174.53,
            "eps_avg_yearly": 4.99,
            "eps_latest_yearly": 5.84,
            "eps_growth_yearly": 94.99
        },
        "20024": {
            "year_quarter": 20024,
            "year": 2002,
            "quarter": 4,
            "eps": 0.88,
            "eps_growth_year": -16.19,
            "eps_4q": 4.62,
            "eps_4q_growth_year": 7.39,
            "roe": 5.24,
            "roe_4q": 28.659999999999997,
            "gross_profit": 186241,
            "gross_margin": 44.29,
            "gross_margin_4q_avg": 46.84,
            "net_income": 114987,
            "net_income_4q": null,
            "revenue": 420518,
            "revenue_4q": null,
            "common_shares": 1311222,
            "book_valuer_per_share": 17.16,
            "book_valuer_per_share_4q_avg": 16.4,
            "equity": 2249964,
            "current_ratio": 180.31,
            "debt_ratio": 36.85,
            "inventory_turnover_ratio": 1.21,
            "account_receivable_turnover_ratio": null,
            "reinvestment_rate": 42.07,
            "research_to_sale_ratio": null,
            "price_fair": 161.7,
            "eps_avg_yearly": 4.62,
            "eps_latest_yearly": 3.52,
            "eps_growth_yearly": 31.51
        },
        "20031": {
            "year_quarter": 20031,
            "year": 2003,
            "quarter": 1,
            "eps": 1.52,
            "eps_growth_year": 4.83,
            "eps_4q": 4.69,
            "eps_4q_growth_year": -5.33,
            "roe": 8.46,
            "roe_4q": 28.29,
            "gross_profit": 300256,
            "gross_margin": 47.93,
            "gross_margin_4q_avg": 46.75,
            "net_income": 198863,
            "net_income_4q": null,
            "revenue": 626414,
            "revenue_4q": null,
            "common_shares": 1311222,
            "book_valuer_per_share": 18.68,
            "book_valuer_per_share_4q_avg": 16.77,
            "equity": 2448827,
            "current_ratio": 149.43,
            "debt_ratio": 24.33,
            "inventory_turnover_ratio": 1.65,
            "account_receivable_turnover_ratio": null,
            "reinvestment_rate": 39.75,
            "research_to_sale_ratio": null,
            "price_fair": 171.92,
            "eps_avg_yearly": 4.91,
            "eps_latest_yearly": 6.08,
            "eps_growth_yearly": 83.39
        },
        "20032": {
            "year_quarter": 20032,
            "year": 2003,
            "quarter": 2,
            "eps": 1.9,
            "eps_growth_year": 128.92,
            "eps_4q": 5.72,
            "eps_4q_growth_year": 26.54,
            "roe": 10.59,
            "roe_4q": 33.7,
            "gross_profit": 404028,
            "gross_margin": 49.15,
            "gross_margin_4q_avg": 46.96,
            "net_income": 251652,
            "net_income_4q": null,
            "revenue": 822045,
            "revenue_4q": null,
            "common_shares": 1311222,
            "book_valuer_per_share": 17.56,
            "book_valuer_per_share_4q_avg": 17.42,
            "equity": 2302913,
            "current_ratio": 113.68,
            "debt_ratio": 38,
            "inventory_turnover_ratio": 2.01,
            "account_receivable_turnover_ratio": null,
            "reinvestment_rate": 37.52,
            "research_to_sale_ratio": null,
            "price_fair": 187.6,
            "eps_avg_yearly": 5.36,
            "eps_latest_yearly": 7.6,
            "eps_growth_yearly": 86.16
        },
        "20033": {
            "year_quarter": 20033,
            "year": 2003,
            "quarter": 3,
            "eps": 0.73,
            "eps_growth_year": -50,
            "eps_4q": 5.02,
            "eps_4q_growth_year": 5.68,
            "roe": 4.09,
            "roe_4q": 28.380000000000003,
            "gross_profit": 193528,
            "gross_margin": 40.62,
            "gross_margin_4q_avg": 45.5,
            "net_income": 96211,
            "net_income_4q": null,
            "revenue": 476402,
            "revenue_4q": null,
            "common_shares": 1325802,
            "book_valuer_per_share": 18.1,
            "book_valuer_per_share_4q_avg": 17.88,
            "equity": 2399124,
            "current_ratio": 187.67,
            "debt_ratio": 27.06,
            "inventory_turnover_ratio": 1.19,
            "account_receivable_turnover_ratio": null,
            "reinvestment_rate": 39.62,
            "research_to_sale_ratio": null,
            "price_fair": 175.4,
            "eps_avg_yearly": 5.01,
            "eps_latest_yearly": 2.92,
            "eps_growth_yearly": 38.66
        },
        "20034": {
            "year_quarter": 20034,
            "year": 2003,
            "quarter": 4,
            "eps": 1.31,
            "eps_growth_year": 48.86,
            "eps_4q": 5.43,
            "eps_4q_growth_year": 17.62,
            "roe": 6.99,
            "roe_4q": 30.130000000000003,
            "gross_profit": 258277,
            "gross_margin": 40.76,
            "gross_margin_4q_avg": 44.62,
            "net_income": 173749,
            "net_income_4q": null,
            "revenue": 633716,
            "revenue_4q": null,
            "common_shares": 1325802,
            "book_valuer_per_share": 19.41,
            "book_valuer_per_share_4q_avg": 18.44,
            "equity": 2572873,
            "current_ratio": 190.04,
            "debt_ratio": 27.95,
            "inventory_turnover_ratio": 1.35,
            "account_receivable_turnover_ratio": null,
            "reinvestment_rate": 40.01,
            "research_to_sale_ratio": null,
            "price_fair": 176.4,
            "eps_avg_yearly": 5.04,
            "eps_latest_yearly": 5.24,
            "eps_growth_yearly": 73.56
        },
        "20041": {
            "year_quarter": 20041,
            "year": 2004,
            "quarter": 1,
            "eps": 1.8,
            "eps_growth_year": 18.42,
            "eps_4q": 5.74,
            "eps_4q_growth_year": 22.43,
            "roe": 8.84,
            "roe_4q": 30.51,
            "gross_profit": 383076,
            "gross_margin": 42.49,
            "gross_margin_4q_avg": 43.26,
            "net_income": 238028,
            "net_income_4q": null,
            "revenue": 901520,
            "revenue_4q": null,
            "common_shares": 1325802,
            "book_valuer_per_share": 21.2,
            "book_valuer_per_share_4q_avg": 19.07,
            "equity": 2810901,
            "current_ratio": 166.38,
            "debt_ratio": 28.64,
            "inventory_turnover_ratio": 1.62,
            "account_receivable_turnover_ratio": null,
            "reinvestment_rate": 39.99,
            "research_to_sale_ratio": null,
            "price_fair": 184.8,
            "eps_avg_yearly": 5.28,
            "eps_latest_yearly": 7.2,
            "eps_growth_yearly": 82.01
        },
        "20042": {
            "year_quarter": 20042,
            "year": 2004,
            "quarter": 2,
            "eps": 2.4,
            "eps_growth_year": 26.32,
            "eps_4q": 6.23,
            "eps_4q_growth_year": 8.91,
            "roe": 11.5,
            "roe_4q": 31.419999999999998,
            "gross_profit": 477496,
            "gross_margin": 44.97,
            "gross_margin_4q_avg": 42.21,
            "net_income": 318430,
            "net_income_4q": null,
            "revenue": 1061870,
            "revenue_4q": null,
            "common_shares": 1325802,
            "book_valuer_per_share": 20.57,
            "book_valuer_per_share_4q_avg": 19.82,
            "equity": 2727090,
            "current_ratio": 137.17,
            "debt_ratio": 40.6,
            "inventory_turnover_ratio": 1.7,
            "account_receivable_turnover_ratio": null,
            "reinvestment_rate": 34.66,
            "research_to_sale_ratio": null,
            "price_fair": 199.92,
            "eps_avg_yearly": 5.71,
            "eps_latest_yearly": 9.6,
            "eps_growth_yearly": 87.14
        },
        "20043": {
            "year_quarter": 20043,
            "year": 2004,
            "quarter": 3,
            "eps": 1.18,
            "eps_growth_year": 61.64,
            "eps_4q": 6.14,
            "eps_4q_growth_year": 22.23,
            "roe": 6.2,
            "roe_4q": 33.53,
            "gross_profit": 255656,
            "gross_margin": 38.52,
            "gross_margin_4q_avg": 41.69,
            "net_income": 173830,
            "net_income_4q": null,
            "revenue": 663621,
            "revenue_4q": null,
            "common_shares": 1325802,
            "book_valuer_per_share": 21.73,
            "book_valuer_per_share_4q_avg": 20.73,
            "equity": 2880994,
            "current_ratio": 105.17,
            "debt_ratio": 40.22,
            "inventory_turnover_ratio": 1.1,
            "account_receivable_turnover_ratio": null,
            "reinvestment_rate": 35.39,
            "research_to_sale_ratio": null,
            "price_fair": 196.76,
            "eps_avg_yearly": 5.62,
            "eps_latest_yearly": 4.72,
            "eps_growth_yearly": 60.73
        },
        "20044": {
            "year_quarter": 20044,
            "year": 2004,
            "quarter": 4,
            "eps": 0.81,
            "eps_growth_year": -38.17,
            "eps_4q": 5.72,
            "eps_4q_growth_year": 5.34,
            "roe": 4.11,
            "roe_4q": 30.650000000000002,
            "gross_profit": 279940,
            "gross_margin": 39.98,
            "gross_margin_4q_avg": 41.49,
            "net_income": 120421,
            "net_income_4q": null,
            "revenue": 700123,
            "revenue_4q": null,
            "common_shares": 1478383,
            "book_valuer_per_share": 20.17,
            "book_valuer_per_share_4q_avg": 20.92,
            "equity": 2981582,
            "current_ratio": 130.64,
            "debt_ratio": 39.62,
            "inventory_turnover_ratio": 0.99,
            "account_receivable_turnover_ratio": null,
            "reinvestment_rate": 31.25,
            "research_to_sale_ratio": null,
            "price_fair": 189.82,
            "eps_avg_yearly": 5.42,
            "eps_latest_yearly": 3.24,
            "eps_growth_yearly": 45.22
        },
        "20051": {
            "year_quarter": 20051,
            "year": 2005,
            "quarter": 1,
            "eps": 1.6,
            "eps_growth_year": -11.11,
            "eps_4q": 5.74,
            "eps_4q_growth_year": -0.15,
            "roe": 7.65,
            "roe_4q": 29.46,
            "gross_profit": 390791,
            "gross_margin": 38.17,
            "gross_margin_4q_avg": 40.41,
            "net_income": 237023,
            "net_income_4q": null,
            "revenue": 1023802,
            "revenue_4q": null,
            "common_shares": 1478383,
            "book_valuer_per_share": 21.76,
            "book_valuer_per_share_4q_avg": 21.06,
            "equity": 3217424,
            "current_ratio": 120.31,
            "debt_ratio": 43.95,
            "inventory_turnover_ratio": 1.27,
            "account_receivable_turnover_ratio": null,
            "reinvestment_rate": 28.11,
            "research_to_sale_ratio": null,
            "price_fair": 192.45,
            "eps_avg_yearly": 5.5,
            "eps_latest_yearly": 6.4,
            "eps_growth_yearly": 71.75
        },
        "20052": {
            "year_quarter": 20052,
            "year": 2005,
            "quarter": 2,
            "eps": 1.71,
            "eps_growth_year": -28.75,
            "eps_4q": 5.19,
            "eps_4q_growth_year": -16.69,
            "roe": 8.55,
            "roe_4q": 26.51,
            "gross_profit": 495652,
            "gross_margin": 38.91,
            "gross_margin_4q_avg": 38.9,
            "net_income": 261140,
            "net_income_4q": null,
            "revenue": 1273736,
            "revenue_4q": null,
            "common_shares": 1478383,
            "book_valuer_per_share": 19.55,
            "book_valuer_per_share_4q_avg": 20.8,
            "equity": 2890716,
            "current_ratio": 102.07,
            "debt_ratio": 51.49,
            "inventory_turnover_ratio": 1.5,
            "account_receivable_turnover_ratio": null,
            "reinvestment_rate": 26.22,
            "research_to_sale_ratio": null,
            "price_fair": 195.8,
            "eps_avg_yearly": 5.59,
            "eps_latest_yearly": 6.84,
            "eps_growth_yearly": 68.59
        },
        "20053": {
            "year_quarter": 20053,
            "year": 2005,
            "quarter": 3,
            "eps": 2,
            "eps_growth_year": 69.49,
            "eps_4q": 6.05,
            "eps_4q_growth_year": -1.42,
            "roe": 9.99,
            "roe_4q": 30.299999999999997,
            "gross_profit": 375502,
            "gross_margin": 39.48,
            "gross_margin_4q_avg": 39.14,
            "net_income": 305507,
            "net_income_4q": null,
            "revenue": 951241,
            "revenue_4q": null,
            "common_shares": 1524951,
            "book_valuer_per_share": 21.14,
            "book_valuer_per_share_4q_avg": 20.66,
            "equity": 3223267,
            "current_ratio": 130.85,
            "debt_ratio": 51.42,
            "inventory_turnover_ratio": 1.15,
            "account_receivable_turnover_ratio": null,
            "reinvestment_rate": 24.68,
            "research_to_sale_ratio": null,
            "price_fair": 201.41,
            "eps_avg_yearly": 5.75,
            "eps_latest_yearly": 8,
            "eps_growth_yearly": 68.54
        },
        "20054": {
            "year_quarter": 20054,
            "year": 2005,
            "quarter": 4,
            "eps": 0.58,
            "eps_growth_year": -28.4,
            "eps_4q": 5.87,
            "eps_4q_growth_year": 2.66,
            "roe": 2.7,
            "roe_4q": 28.89,
            "gross_profit": 180217,
            "gross_margin": 37.6,
            "gross_margin_4q_avg": 38.54,
            "net_income": 88041,
            "net_income_4q": null,
            "revenue": 479244,
            "revenue_4q": null,
            "common_shares": 1524951,
            "book_valuer_per_share": 21.7,
            "book_valuer_per_share_4q_avg": 21.04,
            "equity": 3309239,
            "current_ratio": 127.09,
            "debt_ratio": 51.52,
            "inventory_turnover_ratio": 0.64,
            "account_receivable_turnover_ratio": null,
            "reinvestment_rate": 24.78,
            "research_to_sale_ratio": null,
            "price_fair": 193.9,
            "eps_avg_yearly": 5.54,
            "eps_latest_yearly": 2.32,
            "eps_growth_yearly": 46.51
        },
        "20061": {
            "year_quarter": 20061,
            "year": 2006,
            "quarter": 1,
            "eps": 0.33,
            "eps_growth_year": -79.38,
            "eps_4q": 4.66,
            "eps_4q_growth_year": -18.82,
            "roe": 1.5,
            "roe_4q": 22.740000000000002,
            "gross_profit": 296660,
            "gross_margin": 37.96,
            "gross_margin_4q_avg": 38.49,
            "net_income": 49938,
            "net_income_4q": null,
            "revenue": 781508,
            "revenue_4q": null,
            "common_shares": 1524951,
            "book_valuer_per_share": 22.07,
            "book_valuer_per_share_4q_avg": 21.12,
            "equity": 3365592,
            "current_ratio": 170.57,
            "debt_ratio": 53.74,
            "inventory_turnover_ratio": 1.12,
            "account_receivable_turnover_ratio": null,
            "reinvestment_rate": 21.61,
            "research_to_sale_ratio": null,
            "price_fair": 184.1,
            "eps_avg_yearly": 5.26,
            "eps_latest_yearly": 1.32,
            "eps_growth_yearly": 26.21
        },
        "20062": {
            "year_quarter": 20062,
            "year": 2006,
            "quarter": 2,
            "eps": 1.18,
            "eps_growth_year": -30.99,
            "eps_4q": 3.57,
            "eps_4q_growth_year": -31.24,
            "roe": 6.62,
            "roe_4q": 20.810000000000002,
            "gross_profit": 362340,
            "gross_margin": 39.2,
            "gross_margin_4q_avg": 38.56,
            "net_income": 219135,
            "net_income_4q": null,
            "revenue": 924378,
            "revenue_4q": null,
            "common_shares": 1524951,
            "book_valuer_per_share": 21.36,
            "book_valuer_per_share_4q_avg": 21.57,
            "equity": 3257414,
            "current_ratio": 159.2,
            "debt_ratio": 54.88,
            "inventory_turnover_ratio": 1.26,
            "account_receivable_turnover_ratio": null,
            "reinvestment_rate": 17.59,
            "research_to_sale_ratio": null,
            "price_fair": 187.16,
            "eps_avg_yearly": 5.35,
            "eps_latest_yearly": 4.72,
            "eps_growth_yearly": 101.29
        },
        "20063": {
            "year_quarter": 20063,
            "year": 2006,
            "quarter": 3,
            "eps": 1.99,
            "eps_growth_year": -0.5,
            "eps_4q": 3.91,
            "eps_4q_growth_year": -35.3,
            "roe": 10.88,
            "roe_4q": 21.7,
            "gross_profit": 427008,
            "gross_margin": 36.14,
            "gross_margin_4q_avg": 37.73,
            "net_income": 369307,
            "net_income_4q": null,
            "revenue": 1181585,
            "revenue_4q": null,
            "common_shares": 1862196,
            "book_valuer_per_share": 18.98,
            "book_valuer_per_share_4q_avg": 21.03,
            "equity": 3533850,
            "current_ratio": 136.37,
            "debt_ratio": 50.57,
            "inventory_turnover_ratio": 1.63,
            "account_receivable_turnover_ratio": null,
            "reinvestment_rate": 13.84,
            "research_to_sale_ratio": null,
            "price_fair": 191.8,
            "eps_avg_yearly": 5.48,
            "eps_latest_yearly": 7.96,
            "eps_growth_yearly": 99.48
        },
        "20064": {
            "year_quarter": 20064,
            "year": 2006,
            "quarter": 4,
            "eps": 0.44,
            "eps_growth_year": -24.14,
            "eps_4q": 3.86,
            "eps_4q_growth_year": -34.21,
            "roe": 2.29,
            "roe_4q": 21.290000000000003,
            "gross_profit": 196333,
            "gross_margin": 36.93,
            "gross_margin_4q_avg": 37.56,
            "net_income": 82013,
            "net_income_4q": null,
            "revenue": 531609,
            "revenue_4q": null,
            "common_shares": 1862196,
            "book_valuer_per_share": 19.41,
            "book_valuer_per_share_4q_avg": 20.46,
            "equity": 3615007,
            "current_ratio": 205.07,
            "debt_ratio": 50.61,
            "inventory_turnover_ratio": 0.72,
            "account_receivable_turnover_ratio": null,
            "reinvestment_rate": 14.25,
            "research_to_sale_ratio": null,
            "price_fair": 187.95,
            "eps_avg_yearly": 5.37,
            "eps_latest_yearly": 1.76,
            "eps_growth_yearly": 89.94
        },
        "20071": {
            "year_quarter": 20071,
            "year": 2007,
            "quarter": 1,
            "eps": 1.46,
            "eps_growth_year": 342.42,
            "eps_4q": 5.09,
            "eps_4q_growth_year": 9.36,
            "roe": 7.19,
            "roe_4q": 26.98,
            "gross_profit": 256820,
            "gross_margin": 34.5,
            "gross_margin_4q_avg": 36.69,
            "net_income": 269513,
            "net_income_4q": null,
            "revenue": 744381,
            "revenue_4q": null,
            "common_shares": 1862196,
            "book_valuer_per_share": 20.86,
            "book_valuer_per_share_4q_avg": 20.15,
            "equity": 3885010,
            "current_ratio": 225.69,
            "debt_ratio": 50.99,
            "inventory_turnover_ratio": 1.08,
            "account_receivable_turnover_ratio": null,
            "reinvestment_rate": 12.25,
            "research_to_sale_ratio": null,
            "price_fair": 187.43,
            "eps_avg_yearly": 5.36,
            "eps_latest_yearly": 5.84,
            "eps_growth_yearly": 129.71
        },
        "20072": {
            "year_quarter": 20072,
            "year": 2007,
            "quarter": 2,
            "eps": 0.8,
            "eps_growth_year": -32.2,
            "eps_4q": 4.7,
            "eps_4q_growth_year": 31.61,
            "roe": 4.06,
            "roe_4q": 24.42,
            "gross_profit": 366751,
            "gross_margin": 38.17,
            "gross_margin_4q_avg": 36.44,
            "net_income": 148021,
            "net_income_4q": null,
            "revenue": 960895,
            "revenue_4q": null,
            "common_shares": 1862196,
            "book_valuer_per_share": 18.28,
            "book_valuer_per_share_4q_avg": 19.38,
            "equity": 3403977,
            "current_ratio": 135.41,
            "debt_ratio": 66.74,
            "inventory_turnover_ratio": 1.28,
            "account_receivable_turnover_ratio": null,
            "reinvestment_rate": 11.3,
            "research_to_sale_ratio": null,
            "price_fair": 177.8,
            "eps_avg_yearly": 5.08,
            "eps_latest_yearly": 3.2,
            "eps_growth_yearly": 112.16
        },
        "20073": {
            "year_quarter": 20073,
            "year": 2007,
            "quarter": 3,
            "eps": 0.98,
            "eps_growth_year": -50.75,
            "eps_4q": 3.7,
            "eps_4q_growth_year": -5.46,
            "roe": 5.15,
            "roe_4q": 18.69,
            "gross_profit": 341784,
            "gross_margin": 33.81,
            "gross_margin_4q_avg": 35.85,
            "net_income": 179933,
            "net_income_4q": null,
            "revenue": 1010935,
            "revenue_4q": null,
            "common_shares": 1862196,
            "book_valuer_per_share": 19.25,
            "book_valuer_per_share_4q_avg": 19.45,
            "equity": 3584062,
            "current_ratio": 139.69,
            "debt_ratio": 66.11,
            "inventory_turnover_ratio": 1.39,
            "account_receivable_turnover_ratio": null,
            "reinvestment_rate": 10.49,
            "research_to_sale_ratio": null,
            "price_fair": 179.99,
            "eps_avg_yearly": 5.14,
            "eps_latest_yearly": 3.92,
            "eps_growth_yearly": 133.18
        },
        "20074": {
            "year_quarter": 20074,
            "year": 2007,
            "quarter": 4,
            "eps": 0.12,
            "eps_growth_year": -72.73,
            "eps_4q": 3.41,
            "eps_4q_growth_year": -11.85,
            "roe": 0.61,
            "roe_4q": 17.01,
            "gross_profit": 206461,
            "gross_margin": 28.07,
            "gross_margin_4q_avg": 33.64,
            "net_income": 21813,
            "net_income_4q": null,
            "revenue": 735604,
            "revenue_4q": null,
            "common_shares": 1862196,
            "book_valuer_per_share": 19.36,
            "book_valuer_per_share_4q_avg": 19.44,
            "equity": 3605711,
            "current_ratio": 136.54,
            "debt_ratio": 64.11,
            "inventory_turnover_ratio": 1.1,
            "account_receivable_turnover_ratio": null,
            "reinvestment_rate": 11.45,
            "research_to_sale_ratio": null,
            "price_fair": 169.58,
            "eps_avg_yearly": 4.85,
            "eps_latest_yearly": 0.48,
            "eps_growth_yearly": 91.37
        },
        "20081": {
            "year_quarter": 20081,
            "year": 2008,
            "quarter": 1,
            "eps": -2.01,
            "eps_growth_year": -237.67,
            "eps_4q": -0.11,
            "eps_4q_growth_year": -102.14,
            "roe": -10.81,
            "roe_4q": -0.9900000000000011,
            "gross_profit": 226045,
            "gross_margin": 28.72,
            "gross_margin_4q_avg": 32.19,
            "net_income": -369776,
            "net_income_4q": null,
            "revenue": 787010,
            "revenue_4q": null,
            "common_shares": 1862196,
            "book_valuer_per_share": 17.36,
            "book_valuer_per_share_4q_avg": 18.56,
            "equity": 3233466,
            "current_ratio": 170.47,
            "debt_ratio": 66.67,
            "inventory_turnover_ratio": 1.11,
            "account_receivable_turnover_ratio": null,
            "reinvestment_rate": 11.34,
            "research_to_sale_ratio": null,
            "price_fair": 164.08,
            "eps_avg_yearly": 4.69,
            "eps_latest_yearly": 0.48,
            "eps_growth_yearly": 87.49
        },
        "20082": {
            "year_quarter": 20082,
            "year": 2008,
            "quarter": 2,
            "eps": 0.71,
            "eps_growth_year": -11.25,
            "eps_4q": -0.21,
            "eps_4q_growth_year": -104.4,
            "roe": 4.25,
            "roe_4q": -0.7999999999999998,
            "gross_profit": 159167,
            "gross_margin": 23.36,
            "gross_margin_4q_avg": 28.49,
            "net_income": 130121,
            "net_income_4q": null,
            "revenue": 681247,
            "revenue_4q": null,
            "common_shares": 1862196,
            "book_valuer_per_share": 15.53,
            "book_valuer_per_share_4q_avg": 17.88,
            "equity": 2891851,
            "current_ratio": 126.38,
            "debt_ratio": 70.46,
            "inventory_turnover_ratio": 1,
            "account_receivable_turnover_ratio": null,
            "reinvestment_rate": 12.64,
            "research_to_sale_ratio": null,
            "price_fair": 151.8,
            "eps_avg_yearly": 4.34,
            "eps_latest_yearly": 0.48,
            "eps_growth_yearly": 84.22
        },
        "20083": {
            "year_quarter": 20083,
            "year": 2008,
            "quarter": 3,
            "eps": 1,
            "eps_growth_year": 2.04,
            "eps_4q": -0.18,
            "eps_4q_growth_year": -104.82,
            "roe": 6.63,
            "roe_4q": 0.6799999999999985,
            "gross_profit": 221779,
            "gross_margin": 25.63,
            "gross_margin_4q_avg": 26.45,
            "net_income": 184874,
            "net_income_4q": null,
            "revenue": 865359,
            "revenue_4q": null,
            "common_shares": 1862196,
            "book_valuer_per_share": 14.42,
            "book_valuer_per_share_4q_avg": 16.67,
            "equity": 2685683,
            "current_ratio": 90.47,
            "debt_ratio": 72.57,
            "inventory_turnover_ratio": 1.31,
            "account_receivable_turnover_ratio": null,
            "reinvestment_rate": 8.67,
            "research_to_sale_ratio": null,
            "price_fair": 150,
            "eps_avg_yearly": 4.29,
            "eps_latest_yearly": 4,
            "eps_growth_yearly": 110.41
        },
        "20084": {
            "year_quarter": 20084,
            "year": 2008,
            "quarter": 4,
            "eps": 0.85,
            "eps_growth_year": 608.33,
            "eps_4q": 0.55,
            "eps_4q_growth_year": -83.85,
            "roe": 5.93,
            "roe_4q": 5.999999999999998,
            "gross_profit": 145072,
            "gross_margin": 29.43,
            "gross_margin_4q_avg": 26.79,
            "net_income": 155239,
            "net_income_4q": null,
            "revenue": 492927,
            "revenue_4q": null,
            "common_shares": 1782266,
            "book_valuer_per_share": 14.32,
            "book_valuer_per_share_4q_avg": 15.41,
            "equity": 2551315,
            "current_ratio": 88.12,
            "debt_ratio": 72.37,
            "inventory_turnover_ratio": 0.73,
            "account_receivable_turnover_ratio": 3.03,
            "reinvestment_rate": 5.12,
            "research_to_sale_ratio": null,
            "price_fair": 150.4,
            "eps_avg_yearly": 4.3,
            "eps_latest_yearly": 3.4,
            "eps_growth_yearly": 115.08
        },
        "20091": {
            "year_quarter": 20091,
            "year": 2009,
            "quarter": 1,
            "eps": 0.96,
            "eps_growth_year": null,
            "eps_4q": 3.66,
            "eps_4q_growth_year": null,
            "roe": 6.5,
            "roe_4q": 23.31,
            "gross_profit": 115440,
            "gross_margin": 26.49,
            "gross_margin_4q_avg": 26.23,
            "net_income": 167318,
            "net_income_4q": null,
            "revenue": 435797,
            "revenue_4q": null,
            "common_shares": 1782266,
            "book_valuer_per_share": 14.58,
            "book_valuer_per_share_4q_avg": 14.71,
            "equity": 2599326,
            "current_ratio": 98.17,
            "debt_ratio": 67.22,
            "inventory_turnover_ratio": 0.66,
            "account_receivable_turnover_ratio": 1.28,
            "reinvestment_rate": 2.83,
            "research_to_sale_ratio": null,
            "price_fair": 144,
            "eps_avg_yearly": 4.11,
            "eps_latest_yearly": 3.84,
            "eps_growth_yearly": 90.92
        },
        "20092": {
            "year_quarter": 20092,
            "year": 2009,
            "quarter": 2,
            "eps": -0.46,
            "eps_growth_year": -164.79,
            "eps_4q": 2.44,
            "eps_4q_growth_year": null,
            "roe": -3.09,
            "roe_4q": 15.969999999999999,
            "gross_profit": 89618,
            "gross_margin": 22.23,
            "gross_margin_4q_avg": 25.95,
            "net_income": -79128,
            "net_income_4q": null,
            "revenue": 403061,
            "revenue_4q": null,
            "common_shares": 1755286,
            "book_valuer_per_share": 14.35,
            "book_valuer_per_share_4q_avg": 14.42,
            "equity": 2518894,
            "current_ratio": 110.17,
            "debt_ratio": 69.13,
            "inventory_turnover_ratio": 0.65,
            "account_receivable_turnover_ratio": 1.21,
            "reinvestment_rate": -2.79,
            "research_to_sale_ratio": null,
            "price_fair": 136.66,
            "eps_avg_yearly": 3.9,
            "eps_latest_yearly": 3.84,
            "eps_growth_yearly": 95.79
        },
        "20093": {
            "year_quarter": 20093,
            "year": 2009,
            "quarter": 3,
            "eps": 0.32,
            "eps_growth_year": -68,
            "eps_4q": 1.71,
            "eps_4q_growth_year": null,
            "roe": 2.2,
            "roe_4q": 11.54,
            "gross_profit": 192707,
            "gross_margin": 29.24,
            "gross_margin_4q_avg": 26.85,
            "net_income": 56224,
            "net_income_4q": null,
            "revenue": 659014,
            "revenue_4q": null,
            "common_shares": 1735186,
            "book_valuer_per_share": 14.98,
            "book_valuer_per_share_4q_avg": 14.56,
            "equity": 2599591,
            "current_ratio": 110.92,
            "debt_ratio": 70.28,
            "inventory_turnover_ratio": 0.96,
            "account_receivable_turnover_ratio": 1.7,
            "reinvestment_rate": -7.61,
            "research_to_sale_ratio": null,
            "price_fair": 124.72,
            "eps_avg_yearly": 3.56,
            "eps_latest_yearly": 3.84,
            "eps_growth_yearly": 98.12
        },
        "20094": {
            "year_quarter": 20094,
            "year": 2009,
            "quarter": 4,
            "eps": 0.12,
            "eps_growth_year": -85.88,
            "eps_4q": 1,
            "eps_4q_growth_year": 80.97,
            "roe": 0.8,
            "roe_4q": 6.41,
            "gross_profit": 166769,
            "gross_margin": 28.48,
            "gross_margin_4q_avg": 26.61,
            "net_income": 20409,
            "net_income_4q": null,
            "revenue": 585643,
            "revenue_4q": null,
            "common_shares": 1735186,
            "book_valuer_per_share": 15.28,
            "book_valuer_per_share_4q_avg": 14.8,
            "equity": 2530311,
            "current_ratio": 106.38,
            "debt_ratio": 71.82,
            "inventory_turnover_ratio": 0.84,
            "account_receivable_turnover_ratio": 2.78,
            "reinvestment_rate": 8.72,
            "research_to_sale_ratio": null,
            "price_fair": 119.35,
            "eps_avg_yearly": 3.41,
            "eps_latest_yearly": 0.48,
            "eps_growth_yearly": 100.96
        },
        "20101": {
            "year_quarter": 20101,
            "year": 2010,
            "quarter": 1,
            "eps": 0.51,
            "eps_growth_year": -46.88,
            "eps_4q": 0.5,
            "eps_4q_growth_year": -86.2,
            "roe": 3.3,
            "roe_4q": 3.21,
            "gross_profit": 180111,
            "gross_margin": 27.94,
            "gross_margin_4q_avg": 26.97,
            "net_income": 84354,
            "net_income_4q": null,
            "revenue": 644654,
            "revenue_4q": null,
            "common_shares": 1625846,
            "book_valuer_per_share": 15.95,
            "book_valuer_per_share_4q_avg": 15.14,
            "equity": 2587509,
            "current_ratio": 140.88,
            "debt_ratio": 71.98,
            "inventory_turnover_ratio": 0.9,
            "account_receivable_turnover_ratio": 1.5,
            "reinvestment_rate": -8.34,
            "research_to_sale_ratio": 4.68,
            "price_fair": 121.45,
            "eps_avg_yearly": 3.47,
            "eps_latest_yearly": 2.04,
            "eps_growth_yearly": 223.66
        },
        "20102": {
            "year_quarter": 20102,
            "year": 2010,
            "quarter": 2,
            "eps": 0.99,
            "eps_growth_year": null,
            "eps_4q": 2,
            "eps_4q_growth_year": -17.83,
            "roe": 6.4,
            "roe_4q": 12.7,
            "gross_profit": 231368,
            "gross_margin": 30.08,
            "gross_margin_4q_avg": 28.94,
            "net_income": 158324,
            "net_income_4q": null,
            "revenue": 769107,
            "revenue_4q": null,
            "common_shares": 1625846,
            "book_valuer_per_share": 14.81,
            "book_valuer_per_share_4q_avg": 15.26,
            "equity": 2358454,
            "current_ratio": 120.62,
            "debt_ratio": 75.35,
            "inventory_turnover_ratio": 1.01,
            "account_receivable_turnover_ratio": 1.5,
            "reinvestment_rate": -10.17,
            "research_to_sale_ratio": 4.17,
            "price_fair": 119.23,
            "eps_avg_yearly": 3.41,
            "eps_latest_yearly": 3.96,
            "eps_growth_yearly": 169.17
        },
        "20103": {
            "year_quarter": 20103,
            "year": 2010,
            "quarter": 3,
            "eps": -0.11,
            "eps_growth_year": -135.29,
            "eps_4q": 1.54,
            "eps_4q_growth_year": -9.59,
            "roe": -0.75,
            "roe_4q": 9.75,
            "gross_profit": 214882,
            "gross_margin": 29.24,
            "gross_margin_4q_avg": 28.94,
            "net_income": -17953,
            "net_income_4q": null,
            "revenue": 734932,
            "revenue_4q": null,
            "common_shares": 1596306,
            "book_valuer_per_share": 15.19,
            "book_valuer_per_share_4q_avg": 15.31,
            "equity": 2414087,
            "current_ratio": 126.38,
            "debt_ratio": 72.91,
            "inventory_turnover_ratio": 0.97,
            "account_receivable_turnover_ratio": 1.32,
            "reinvestment_rate": -15.58,
            "research_to_sale_ratio": 4.13,
            "price_fair": 104.75,
            "eps_avg_yearly": 2.99,
            "eps_latest_yearly": 3.96,
            "eps_growth_yearly": 159.59
        },
        "20104": {
            "year_quarter": 20104,
            "year": 2010,
            "quarter": 4,
            "eps": -1.37,
            "eps_growth_year": -1240.86,
            "eps_4q": 0.04,
            "eps_4q_growth_year": -95.53,
            "roe": -9.58,
            "roe_4q": -0.6299999999999999,
            "gross_profit": 162816,
            "gross_margin": 27.74,
            "gross_margin_4q_avg": 28.75,
            "net_income": -217644,
            "net_income_4q": null,
            "revenue": 586860,
            "revenue_4q": null,
            "common_shares": 1589766,
            "book_valuer_per_share": 13.4,
            "book_valuer_per_share_4q_avg": 14.84,
            "equity": 2129935,
            "current_ratio": 110.96,
            "debt_ratio": 75.86,
            "inventory_turnover_ratio": 0.77,
            "account_receivable_turnover_ratio": 1.26,
            "reinvestment_rate": -32.95,
            "research_to_sale_ratio": 4.66,
            "price_fair": 109.06,
            "eps_avg_yearly": 3.12,
            "eps_latest_yearly": 3.96,
            "eps_growth_yearly": 206.7
        },
        "20111": {
            "year_quarter": 20111,
            "year": 2011,
            "quarter": 1,
            "eps": 0.84,
            "eps_growth_year": 64.71,
            "eps_4q": 0.36,
            "eps_4q_growth_year": -29.31,
            "roe": 6.07,
            "roe_4q": 2.1400000000000006,
            "gross_profit": 156597,
            "gross_margin": 22.97,
            "gross_margin_4q_avg": 27.51,
            "net_income": 133986,
            "net_income_4q": null,
            "revenue": 681691,
            "revenue_4q": null,
            "common_shares": 1589766,
            "book_valuer_per_share": 14.38,
            "book_valuer_per_share_4q_avg": 14.45,
            "equity": 2285391,
            "current_ratio": 111.08,
            "debt_ratio": 75.62,
            "inventory_turnover_ratio": 0.94,
            "account_receivable_turnover_ratio": 1.48,
            "reinvestment_rate": -36.61,
            "research_to_sale_ratio": 4.06,
            "price_fair": 98.47,
            "eps_avg_yearly": 2.81,
            "eps_latest_yearly": 3.96,
            "eps_growth_yearly": 126.64
        },
        "20112": {
            "year_quarter": 20112,
            "year": 2011,
            "quarter": 2,
            "eps": -1.53,
            "eps_growth_year": -253.44,
            "eps_4q": -2.16,
            "eps_4q_growth_year": -207.96,
            "roe": -10.74,
            "roe_4q": -15,
            "gross_profit": 174430,
            "gross_margin": 24.63,
            "gross_margin_4q_avg": 26.15,
            "net_income": -242491,
            "net_income_4q": null,
            "revenue": 708155,
            "revenue_4q": null,
            "common_shares": 1589766,
            "book_valuer_per_share": 14.02,
            "book_valuer_per_share_4q_avg": 14.25,
            "equity": 2228365,
            "current_ratio": 111.8,
            "debt_ratio": 76.86,
            "inventory_turnover_ratio": 0.96,
            "account_receivable_turnover_ratio": 1.35,
            "reinvestment_rate": -87.77,
            "research_to_sale_ratio": 3.74,
            "price_fair": 96.78,
            "eps_avg_yearly": 2.77,
            "eps_latest_yearly": 3.96,
            "eps_growth_yearly": 165.07
        },
        "20113": {
            "year_quarter": 20113,
            "year": 2011,
            "quarter": 3,
            "eps": 2.97,
            "eps_growth_year": null,
            "eps_4q": 0.92,
            "eps_4q_growth_year": -40.44,
            "roe": 19.15,
            "roe_4q": 4.899999999999999,
            "gross_profit": 192921,
            "gross_margin": 25.95,
            "gross_margin_4q_avg": 25.32,
            "net_income": 472143,
            "net_income_4q": null,
            "revenue": 743470,
            "revenue_4q": null,
            "common_shares": 1589766,
            "book_valuer_per_share": 17,
            "book_valuer_per_share_4q_avg": 14.7,
            "equity": 2702687,
            "current_ratio": 118.48,
            "debt_ratio": 73.99,
            "inventory_turnover_ratio": 0.96,
            "account_receivable_turnover_ratio": 1.43,
            "reinvestment_rate": -55.64,
            "research_to_sale_ratio": 3.64,
            "price_fair": 91,
            "eps_avg_yearly": 2.6,
            "eps_latest_yearly": 3.96,
            "eps_growth_yearly": 175.8
        },
        "20114": {
            "year_quarter": 20114,
            "year": 2011,
            "quarter": 4,
            "eps": 0.1,
            "eps_growth_year": null,
            "eps_4q": 2.41,
            "eps_4q_growth_year": 5315.77,
            "roe": 0.56,
            "roe_4q": 15.039999999999997,
            "gross_profit": 159158,
            "gross_margin": 24.77,
            "gross_margin_4q_avg": 24.58,
            "net_income": 15027,
            "net_income_4q": null,
            "revenue": 642440,
            "revenue_4q": null,
            "common_shares": 1589766,
            "book_valuer_per_share": 17.07,
            "book_valuer_per_share_4q_avg": 15.62,
            "equity": 2679315,
            "current_ratio": 121.73,
            "debt_ratio": 73.56,
            "inventory_turnover_ratio": 0.81,
            "account_receivable_turnover_ratio": 1.38,
            "reinvestment_rate": -72.06,
            "research_to_sale_ratio": 3.72,
            "price_fair": 90.6,
            "eps_avg_yearly": 2.59,
            "eps_latest_yearly": 0.4,
            "eps_growth_yearly": 170.73
        },
        "20121": {
            "year_quarter": 20121,
            "year": 2012,
            "quarter": 1,
            "eps": -0.52,
            "eps_growth_year": -161.9,
            "eps_4q": 1.05,
            "eps_4q_growth_year": 193,
            "roe": -3.13,
            "roe_4q": 5.839999999999998,
            "gross_profit": 161256,
            "gross_margin": 23.52,
            "gross_margin_4q_avg": 24.72,
            "net_income": -82125,
            "net_income_4q": null,
            "revenue": 685573,
            "revenue_4q": null,
            "common_shares": 1558846,
            "book_valuer_per_share": 16.48,
            "book_valuer_per_share_4q_avg": 16.14,
            "equity": 2562588,
            "current_ratio": 116.35,
            "debt_ratio": 75.14,
            "inventory_turnover_ratio": 0.85,
            "account_receivable_turnover_ratio": 1.49,
            "reinvestment_rate": -52.16,
            "research_to_sale_ratio": 3.72,
            "price_fair": 90.6,
            "eps_avg_yearly": 2.59,
            "eps_latest_yearly": 0.4,
            "eps_growth_yearly": 170.73
        },
        "20122": {
            "year_quarter": 20122,
            "year": 2012,
            "quarter": 2,
            "eps": 1.09,
            "eps_growth_year": null,
            "eps_4q": 3.72,
            "eps_4q_growth_year": null,
            "roe": 6.7,
            "roe_4q": 23.28,
            "gross_profit": 183049,
            "gross_margin": 25.15,
            "gross_margin_4q_avg": 24.85,
            "net_income": 167152,
            "net_income_4q": null,
            "revenue": 727708,
            "revenue_4q": null,
            "common_shares": 1558846,
            "book_valuer_per_share": 15.78,
            "book_valuer_per_share_4q_avg": 16.58,
            "equity": 2425939,
            "current_ratio": 114.57,
            "debt_ratio": 77.65,
            "inventory_turnover_ratio": 0.92,
            "account_receivable_turnover_ratio": 1.33,
            "reinvestment_rate": -49.4,
            "research_to_sale_ratio": 3.69,
            "price_fair": 90.6,
            "eps_avg_yearly": 2.59,
            "eps_latest_yearly": 0.4,
            "eps_growth_yearly": 170.73
        },
        "20123": {
            "year_quarter": 20123,
            "year": 2012,
            "quarter": 3,
            "eps": -0.26,
            "eps_growth_year": -108.76,
            "eps_4q": 0.39,
            "eps_4q_growth_year": -57.24,
            "roe": -1.66,
            "roe_4q": 2.47,
            "gross_profit": 151290,
            "gross_margin": 26.49,
            "gross_margin_4q_avg": 24.98,
            "net_income": -39867,
            "net_income_4q": null,
            "revenue": 571019,
            "revenue_4q": null,
            "common_shares": 1537266,
            "book_valuer_per_share": 15.44,
            "book_valuer_per_share_4q_avg": 16.19,
            "equity": 2367394,
            "current_ratio": 114.75,
            "debt_ratio": 78.35,
            "inventory_turnover_ratio": 0.72,
            "account_receivable_turnover_ratio": 1.04,
            "reinvestment_rate": -68.14,
            "research_to_sale_ratio": 4.85,
            "price_fair": 82.37,
            "eps_avg_yearly": 2.35,
            "eps_latest_yearly": 0.4,
            "eps_growth_yearly": 171.95
        },
        "20124": {
            "year_quarter": 20124,
            "year": 2012,
            "quarter": 4,
            "eps": 0.08,
            "eps_growth_year": -13.31,
            "eps_4q": 0.38,
            "eps_4q_growth_year": -84.35,
            "roe": 0.54,
            "roe_4q": 2.45,
            "gross_profit": 132005,
            "gross_margin": 24.25,
            "gross_margin_4q_avg": 24.85,
            "net_income": 12721,
            "net_income_4q": null,
            "revenue": 544356,
            "revenue_4q": null,
            "common_shares": 1532896,
            "book_valuer_per_share": 15.4,
            "book_valuer_per_share_4q_avg": 15.78,
            "equity": 2361160,
            "current_ratio": 113.84,
            "debt_ratio": 78.8,
            "inventory_turnover_ratio": 0.68,
            "account_receivable_turnover_ratio": 1.18,
            "reinvestment_rate": -91.7,
            "research_to_sale_ratio": 4.82,
            "price_fair": 75.04,
            "eps_avg_yearly": 2.14,
            "eps_latest_yearly": 0.4,
            "eps_growth_yearly": 218.34
        },
        "20131": {
            "year_quarter": 20131,
            "year": 2013,
            "quarter": 1,
            "eps": 1.29,
            "eps_growth_year": null,
            "eps_4q": 2.2,
            "eps_4q_growth_year": 110.73,
            "roe": 8.04,
            "roe_4q": 13.619999999999997,
            "gross_profit": 117222,
            "gross_margin": 21.61,
            "gross_margin_4q_avg": 24.38,
            "net_income": 197637,
            "net_income_4q": null,
            "revenue": 542527,
            "revenue_4q": null,
            "common_shares": 1532896,
            "book_valuer_per_share": 16.67,
            "book_valuer_per_share_4q_avg": 15.82,
            "equity": 2555821,
            "current_ratio": 116.3,
            "debt_ratio": 77.92,
            "inventory_turnover_ratio": 0.69,
            "account_receivable_turnover_ratio": 1.29,
            "reinvestment_rate": -87.17,
            "research_to_sale_ratio": 5.54,
            "price_fair": 84.28,
            "eps_avg_yearly": 2.41,
            "eps_latest_yearly": 5.16,
            "eps_growth_yearly": 1417.99
        },
        "20132": {
            "year_quarter": 20132,
            "year": 2013,
            "quarter": 2,
            "eps": 1.01,
            "eps_growth_year": -7.11,
            "eps_4q": 2.13,
            "eps_4q_growth_year": -42.91,
            "roe": 6.09,
            "roe_4q": 13.009999999999998,
            "gross_profit": 198468,
            "gross_margin": 27.74,
            "gross_margin_4q_avg": 25.02,
            "net_income": 155273,
            "net_income_4q": null,
            "revenue": 715435,
            "revenue_4q": null,
            "common_shares": 1532896,
            "book_valuer_per_share": 16.61,
            "book_valuer_per_share_4q_avg": 16.03,
            "equity": 2545458,
            "current_ratio": 115.65,
            "debt_ratio": 78.82,
            "inventory_turnover_ratio": 0.82,
            "account_receivable_turnover_ratio": 1.47,
            "reinvestment_rate": -61.28,
            "research_to_sale_ratio": 3.9,
            "price_fair": 93.8,
            "eps_avg_yearly": 2.68,
            "eps_latest_yearly": 4.04,
            "eps_growth_yearly": 1167.19
        },
        "20133": {
            "year_quarter": 20133,
            "year": 2013,
            "quarter": 3,
            "eps": 0.16,
            "eps_growth_year": null,
            "eps_4q": 2.54,
            "eps_4q_growth_year": 547.06,
            "roe": 0.93,
            "roe_4q": 15.599999999999998,
            "gross_profit": 206109,
            "gross_margin": 26.18,
            "gross_margin_4q_avg": 24.95,
            "net_income": 23815,
            "net_income_4q": null,
            "revenue": 787254,
            "revenue_4q": null,
            "common_shares": 1532896,
            "book_valuer_per_share": 16.66,
            "book_valuer_per_share_4q_avg": 16.34,
            "equity": 2553341,
            "current_ratio": 115.26,
            "debt_ratio": 79.34,
            "inventory_turnover_ratio": 0.91,
            "account_receivable_turnover_ratio": 1.32,
            "reinvestment_rate": -63.74,
            "research_to_sale_ratio": 3.53,
            "price_fair": 83.6,
            "eps_avg_yearly": 2.39,
            "eps_latest_yearly": 0.64,
            "eps_growth_yearly": 952.35
        },
        "20134": {
            "year_quarter": 20134,
            "year": 2013,
            "quarter": 4,
            "eps": 0.97,
            "eps_growth_year": 1066.45,
            "eps_4q": 3.43,
            "eps_4q_growth_year": 807.22,
            "roe": 5.66,
            "roe_4q": 20.72,
            "gross_profit": 172990,
            "gross_margin": 26.23,
            "gross_margin_4q_avg": 25.44,
            "net_income": 148384,
            "net_income_4q": null,
            "revenue": 659506,
            "revenue_4q": null,
            "common_shares": 1532896,
            "book_valuer_per_share": 17.54,
            "book_valuer_per_share_4q_avg": 16.87,
            "equity": 2688758,
            "current_ratio": 116.44,
            "debt_ratio": 78.11,
            "inventory_turnover_ratio": 0.75,
            "account_receivable_turnover_ratio": 1.15,
            "reinvestment_rate": -92.19,
            "research_to_sale_ratio": 3.63,
            "price_fair": 100.6,
            "eps_avg_yearly": 2.87,
            "eps_latest_yearly": 3.88,
            "eps_growth_yearly": 1277.35
        },
        "20141": {
            "year_quarter": 20141,
            "year": 2014,
            "quarter": 1,
            "eps": 1.74,
            "eps_growth_year": 34.88,
            "eps_4q": 3.87,
            "eps_4q_growth_year": 75.81,
            "roe": 9.3,
            "roe_4q": 21.98,
            "gross_profit": 194626,
            "gross_margin": 26.92,
            "gross_margin_4q_avg": 26.77,
            "net_income": 266138,
            "net_income_4q": null,
            "revenue": 722881,
            "revenue_4q": null,
            "common_shares": 1532896,
            "book_valuer_per_share": 19.79,
            "book_valuer_per_share_4q_avg": 17.65,
            "equity": 3034129,
            "current_ratio": 120.78,
            "debt_ratio": 75.72,
            "inventory_turnover_ratio": 0.81,
            "account_receivable_turnover_ratio": 1.36,
            "reinvestment_rate": -49.1,
            "research_to_sale_ratio": 3.4,
            "price_fair": 125.2,
            "eps_avg_yearly": 3.58,
            "eps_latest_yearly": 6.96,
            "eps_growth_yearly": 1137
        },
        "20142": {
            "year_quarter": 20142,
            "year": 2014,
            "quarter": 2,
            "eps": 0.05,
            "eps_growth_year": -95.05,
            "eps_4q": 2.91,
            "eps_4q_growth_year": 37.02,
            "roe": 0.3,
            "roe_4q": 16.19,
            "gross_profit": 234593,
            "gross_margin": 29.52,
            "gross_margin_4q_avg": 27.21,
            "net_income": 8024,
            "net_income_4q": null,
            "revenue": 794792,
            "revenue_4q": null,
            "common_shares": 1532896,
            "book_valuer_per_share": 15.42,
            "book_valuer_per_share_4q_avg": 17.35,
            "equity": 2363263,
            "current_ratio": 112.76,
            "debt_ratio": 81.61,
            "inventory_turnover_ratio": 0.84,
            "account_receivable_turnover_ratio": 1.41,
            "reinvestment_rate": -56.11,
            "research_to_sale_ratio": 4.09,
            "price_fair": 106.4,
            "eps_avg_yearly": 3.04,
            "eps_latest_yearly": 0.2,
            "eps_growth_yearly": 1027.72
        },
        "20143": {
            "year_quarter": 20143,
            "year": 2014,
            "quarter": 3,
            "eps": 1.87,
            "eps_growth_year": 1068.75,
            "eps_4q": 4.62,
            "eps_4q_growth_year": 81.98,
            "roe": 11.35,
            "roe_4q": 26.610000000000003,
            "gross_profit": 252190,
            "gross_margin": 28.48,
            "gross_margin_4q_avg": 27.79,
            "net_income": 286151,
            "net_income_4q": null,
            "revenue": 885506,
            "revenue_4q": null,
            "common_shares": 1532896,
            "book_valuer_per_share": 17.48,
            "book_valuer_per_share_4q_avg": 17.56,
            "equity": 2680211,
            "current_ratio": 116.86,
            "debt_ratio": 78.83,
            "inventory_turnover_ratio": 0.92,
            "account_receivable_turnover_ratio": 1.44,
            "reinvestment_rate": -42.07,
            "research_to_sale_ratio": 2.56,
            "price_fair": 125.83,
            "eps_avg_yearly": 3.6,
            "eps_latest_yearly": 7.48,
            "eps_growth_yearly": 2719.25
        },
        "20144": {
            "year_quarter": 20144,
            "year": 2014,
            "quarter": 4,
            "eps": 2.66,
            "eps_growth_year": 174.56,
            "eps_4q": 6.31,
            "eps_4q_growth_year": 84.29,
            "roe": 13.86,
            "roe_4q": 34.81,
            "gross_profit": 211250,
            "gross_margin": 28.55,
            "gross_margin_4q_avg": 28.37,
            "net_income": 407408,
            "net_income_4q": null,
            "revenue": 740049,
            "revenue_4q": null,
            "common_shares": 1532896,
            "book_valuer_per_share": 20.87,
            "book_valuer_per_share_4q_avg": 18.39,
            "equity": 3199074,
            "current_ratio": 123.84,
            "debt_ratio": 75.88,
            "inventory_turnover_ratio": 0.77,
            "account_receivable_turnover_ratio": 1.21,
            "reinvestment_rate": -26.92,
            "research_to_sale_ratio": 3.01,
            "price_fair": 153.22,
            "eps_avg_yearly": 4.38,
            "eps_latest_yearly": 10.64,
            "eps_growth_yearly": 2435.89
        },
        "20151": {
            "year_quarter": 20151,
            "year": 2015,
            "quarter": 1,
            "eps": 0.32,
            "eps_growth_year": -81.61,
            "eps_4q": 4.89,
            "eps_4q_growth_year": 26.38,
            "roe": 1.5,
            "roe_4q": 27.01,
            "gross_profit": 248867,
            "gross_margin": 29.57,
            "gross_margin_4q_avg": 29.03,
            "net_income": 48629,
            "net_income_4q": null,
            "revenue": 841760,
            "revenue_4q": null,
            "common_shares": 1532896,
            "book_valuer_per_share": 21.39,
            "book_valuer_per_share_4q_avg": 18.79,
            "equity": 3278873,
            "current_ratio": 124.57,
            "debt_ratio": 75.92,
            "inventory_turnover_ratio": 0.86,
            "account_receivable_turnover_ratio": 1.3,
            "reinvestment_rate": -26.9,
            "research_to_sale_ratio": 2.59,
            "price_fair": 142.38,
            "eps_avg_yearly": 4.07,
            "eps_latest_yearly": 1.28,
            "eps_growth_yearly": 2157.11
        },
        "20152": {
            "year_quarter": 20152,
            "year": 2015,
            "quarter": 2,
            "eps": 0.18,
            "eps_growth_year": 260,
            "eps_4q": 5.02,
            "eps_4q_growth_year": 72.54,
            "roe": 0.93,
            "roe_4q": 27.64,
            "gross_profit": 254301,
            "gross_margin": 29.75,
            "gross_margin_4q_avg": 29.09,
            "net_income": 27974,
            "net_income_4q": null,
            "revenue": 854858,
            "revenue_4q": null,
            "common_shares": 1532896,
            "book_valuer_per_share": 17.78,
            "book_valuer_per_share_4q_avg": 19.38,
            "equity": 2726240,
            "current_ratio": 117.37,
            "debt_ratio": 80.2,
            "inventory_turnover_ratio": 0.83,
            "account_receivable_turnover_ratio": 1.16,
            "reinvestment_rate": -22.5,
            "research_to_sale_ratio": 2.93,
            "price_fair": 131.73,
            "eps_avg_yearly": 3.76,
            "eps_latest_yearly": 0.72,
            "eps_growth_yearly": 1945.1
        },
        "20153": {
            "year_quarter": 20153,
            "year": 2015,
            "quarter": 3,
            "eps": 4.43,
            "eps_growth_year": 136.9,
            "eps_4q": 8.18,
            "eps_4q_growth_year": 76.92,
            "roe": 20.96,
            "roe_4q": 37.25,
            "gross_profit": 265544,
            "gross_margin": 29.16,
            "gross_margin_4q_avg": 29.26,
            "net_income": 644417,
            "net_income_4q": null,
            "revenue": 910739,
            "revenue_4q": null,
            "common_shares": 1379606,
            "book_valuer_per_share": 24.81,
            "book_valuer_per_share_4q_avg": 21.21,
            "equity": 3423346,
            "current_ratio": 124.39,
            "debt_ratio": 76.95,
            "inventory_turnover_ratio": 0.88,
            "account_receivable_turnover_ratio": 1.17,
            "reinvestment_rate": -20.2,
            "research_to_sale_ratio": 3.41,
            "price_fair": 172.43,
            "eps_avg_yearly": 4.93,
            "eps_latest_yearly": 17.72,
            "eps_growth_yearly": 2570.05
        },
        "20154": {
            "year_quarter": 20154,
            "year": 2015,
            "quarter": 4,
            "eps": 1.99,
            "eps_growth_year": -25.18,
            "eps_4q": 7.21,
            "eps_4q_growth_year": 14.29,
            "roe": 7.89,
            "roe_4q": 31.28,
            "gross_profit": 268750,
            "gross_margin": 30.28,
            "gross_margin_4q_avg": 29.69,
            "net_income": 274351,
            "net_income_4q": null,
            "revenue": 887402,
            "revenue_4q": null,
            "common_shares": 1379606,
            "book_valuer_per_share": 25.59,
            "book_valuer_per_share_4q_avg": 22.39,
            "equity": 3529822,
            "current_ratio": 125.98,
            "debt_ratio": 76.03,
            "inventory_turnover_ratio": 0.88,
            "account_receivable_turnover_ratio": 1.08,
            "reinvestment_rate": -17.14,
            "research_to_sale_ratio": 1.95,
            "price_fair": 194.48,
            "eps_avg_yearly": 5.56,
            "eps_latest_yearly": 7.96,
            "eps_growth_yearly": 2583.9
        },
        "20161": {
            "year_quarter": 20161,
            "year": 2016,
            "quarter": 1,
            "eps": 1.24,
            "eps_growth_year": 287.5,
            "eps_4q": 8.1,
            "eps_4q_growth_year": 65.54,
            "roe": 4.79,
            "roe_4q": 34.57,
            "gross_profit": 316033,
            "gross_margin": 32.58,
            "gross_margin_4q_avg": 30.44,
            "net_income": 170961,
            "net_income_4q": null,
            "revenue": 970113,
            "revenue_4q": null,
            "common_shares": 1379606,
            "book_valuer_per_share": 26.11,
            "book_valuer_per_share_4q_avg": 23.57,
            "equity": 3602211,
            "current_ratio": 126.79,
            "debt_ratio": 75.68,
            "inventory_turnover_ratio": 0.92,
            "account_receivable_turnover_ratio": 1.13,
            "reinvestment_rate": -14.4,
            "research_to_sale_ratio": 2.47,
            "price_fair": 192.88,
            "eps_avg_yearly": 5.51,
            "eps_latest_yearly": 4.96,
            "eps_growth_yearly": 2373.54
        },
        "20162": {
            "year_quarter": 20162,
            "year": 2016,
            "quarter": 2,
            "eps": 2.56,
            "eps_growth_year": 1322.22,
            "eps_4q": 10.46,
            "eps_4q_growth_year": 108.23,
            "roe": 9.94,
            "roe_4q": 43.58,
            "gross_profit": 386092,
            "gross_margin": 33.67,
            "gross_margin_4q_avg": 31.42,
            "net_income": 353575,
            "net_income_4q": null,
            "revenue": 1146633,
            "revenue_4q": null,
            "common_shares": 1379606,
            "book_valuer_per_share": 25.45,
            "book_valuer_per_share_4q_avg": 25.49,
            "equity": 3511222,
            "current_ratio": 123.96,
            "debt_ratio": 77.01,
            "inventory_turnover_ratio": 1.07,
            "account_receivable_turnover_ratio": 1.25,
            "reinvestment_rate": -13.06,
            "research_to_sale_ratio": 2.32,
            "price_fair": 204.7,
            "eps_avg_yearly": 5.85,
            "eps_latest_yearly": 10.24,
            "eps_growth_yearly": 2234.42
        },
        "20163": {
            "year_quarter": 20163,
            "year": 2016,
            "quarter": 3,
            "eps": 0.18,
            "eps_growth_year": -95.94,
            "eps_4q": 5.97,
            "eps_4q_growth_year": -27.05,
            "roe": 0.71,
            "roe_4q": 23.33,
            "gross_profit": 323407,
            "gross_margin": 32.6,
            "gross_margin_4q_avg": 32.28,
            "net_income": 24326,
            "net_income_4q": null,
            "revenue": 991953,
            "revenue_4q": null,
            "common_shares": 1379606,
            "book_valuer_per_share": 24.4,
            "book_valuer_per_share_4q_avg": 25.39,
            "equity": 3366548,
            "current_ratio": 120.87,
            "debt_ratio": 77.81,
            "inventory_turnover_ratio": 0.99,
            "account_receivable_turnover_ratio": 1.11,
            "reinvestment_rate": -11.01,
            "research_to_sale_ratio": 2.44,
            "price_fair": 192.73,
            "eps_avg_yearly": 5.51,
            "eps_latest_yearly": 0.72,
            "eps_growth_yearly": 2060.67
        },
        "20164": {
            "year_quarter": 20164,
            "year": 2016,
            "quarter": 4,
            "eps": 2.91,
            "eps_growth_year": 46.16,
            "eps_4q": 6.88,
            "eps_4q_growth_year": -4.57,
            "roe": 11.35,
            "roe_4q": 26.79,
            "gross_profit": 240167,
            "gross_margin": 25.34,
            "gross_margin_4q_avg": 31.05,
            "net_income": 400982,
            "net_income_4q": null,
            "revenue": 947698,
            "revenue_4q": null,
            "common_shares": 1379606,
            "book_valuer_per_share": 26.81,
            "book_valuer_per_share_4q_avg": 25.69,
            "equity": 3698266,
            "current_ratio": 123,
            "debt_ratio": 76.52,
            "inventory_turnover_ratio": 1.15,
            "account_receivable_turnover_ratio": 1.19,
            "reinvestment_rate": -7.68,
            "research_to_sale_ratio": 2.28,
            "price_fair": 206.15,
            "eps_avg_yearly": 5.89,
            "eps_latest_yearly": 11.64,
            "eps_growth_yearly": 2311.04
        },
        "20171": {
            "year_quarter": 20171,
            "year": 2017,
            "quarter": 1,
            "eps": -2.08,
            "eps_growth_year": -267.74,
            "eps_4q": 3.56,
            "eps_4q_growth_year": -56.02,
            "roe": -8.37,
            "roe_4q": 13.629999999999999,
            "gross_profit": 280740,
            "gross_margin": 28.23,
            "gross_margin_4q_avg": 29.96,
            "net_income": -287298,
            "net_income_4q": null,
            "revenue": 994420,
            "revenue_4q": null,
            "common_shares": 1379606,
            "book_valuer_per_share": 22.95,
            "book_valuer_per_share_4q_avg": 24.9,
            "equity": 3165721,
            "current_ratio": 118.4,
            "debt_ratio": 78.48,
            "inventory_turnover_ratio": 1.35,
            "account_receivable_turnover_ratio": 1.24,
            "reinvestment_rate": -8.31,
            "research_to_sale_ratio": 2.62,
            "price_fair": 207.85,
            "eps_avg_yearly": 5.94,
            "eps_latest_yearly": 11.64,
            "eps_growth_yearly": 2061.78
        },
        "20172": {
            "year_quarter": 20172,
            "year": 2017,
            "quarter": 2,
            "eps": 2.06,
            "eps_growth_year": -19.53,
            "eps_4q": 3.06,
            "eps_4q_growth_year": -70.71,
            "roe": 9.42,
            "roe_4q": 13.11,
            "gross_profit": 281886,
            "gross_margin": 29.93,
            "gross_margin_4q_avg": 29.03,
            "net_income": 284764,
            "net_income_4q": null,
            "revenue": 941751,
            "revenue_4q": null,
            "common_shares": 1379606,
            "book_valuer_per_share": 20.87,
            "book_valuer_per_share_4q_avg": 23.76,
            "equity": 2879900,
            "current_ratio": 115.55,
            "debt_ratio": 80.43,
            "inventory_turnover_ratio": 1.39,
            "account_receivable_turnover_ratio": 1.13,
            "reinvestment_rate": -6.76,
            "research_to_sale_ratio": 2.9,
            "price_fair": 212.6,
            "eps_avg_yearly": 6.07,
            "eps_latest_yearly": 11.64,
            "eps_growth_yearly": 2215.25
        },
        "20173": {
            "year_quarter": 20173,
            "year": 2017,
            "quarter": 3,
            "eps": 1.17,
            "eps_growth_year": 550,
            "eps_4q": 4.06,
            "eps_4q_growth_year": -32,
            "roe": 5.5,
            "roe_4q": 17.9,
            "gross_profit": 272896,
            "gross_margin": 27.19,
            "gross_margin_4q_avg": 27.67,
            "net_income": 161354,
            "net_income_4q": null,
            "revenue": 1003711,
            "revenue_4q": null,
            "common_shares": 1379606,
            "book_valuer_per_share": 21.63,
            "book_valuer_per_share_4q_avg": 23.07,
            "equity": 2984337,
            "current_ratio": 116.99,
            "debt_ratio": 78.75,
            "inventory_turnover_ratio": 1.68,
            "account_receivable_turnover_ratio": 1.25,
            "reinvestment_rate": -5.77,
            "research_to_sale_ratio": 2.92,
            "price_fair": 222.7,
            "eps_avg_yearly": 6.36,
            "eps_latest_yearly": 4.68,
            "eps_growth_yearly": 2226.95
        },
        "20174": {
            "year_quarter": 20174,
            "year": 2017,
            "quarter": 4,
            "eps": 0.33,
            "eps_growth_year": -88.74,
            "eps_4q": 1.48,
            "eps_4q_growth_year": -78.53,
            "roe": 1.51,
            "roe_4q": 8.06,
            "gross_profit": 278337,
            "gross_margin": 31.05,
            "gross_margin_4q_avg": 29.1,
            "net_income": 45153,
            "net_income_4q": null,
            "revenue": 896375,
            "revenue_4q": null,
            "common_shares": 1379606,
            "book_valuer_per_share": 21.61,
            "book_valuer_per_share_4q_avg": 21.77,
            "equity": 2981836,
            "current_ratio": 117.26,
            "debt_ratio": 78.57,
            "inventory_turnover_ratio": 1.48,
            "account_receivable_turnover_ratio": 1.19,
            "reinvestment_rate": -5.29,
            "research_to_sale_ratio": 3.28,
            "price_fair": 216.3,
            "eps_avg_yearly": 6.18,
            "eps_latest_yearly": 1.32,
            "eps_growth_yearly": 2061.79
        },
        "20181": {
            "year_quarter": 20181,
            "year": 2018,
            "quarter": 1,
            "eps": -0.18,
            "eps_growth_year": null,
            "eps_4q": 3.39,
            "eps_4q_growth_year": -5,
            "roe": -0.82,
            "roe_4q": 15.61,
            "gross_profit": 280319,
            "gross_margin": 30.77,
            "gross_margin_4q_avg": 29.74,
            "net_income": -24246,
            "net_income_4q": null,
            "revenue": 910976,
            "revenue_4q": null,
            "common_shares": 1379606,
            "book_valuer_per_share": 21.44,
            "book_valuer_per_share_4q_avg": 21.39,
            "equity": 2957590,
            "current_ratio": 117.71,
            "debt_ratio": 78.41,
            "inventory_turnover_ratio": 1.41,
            "account_receivable_turnover_ratio": 1.19,
            "reinvestment_rate": -5.3,
            "research_to_sale_ratio": 3.17,
            "price_fair": 214.2,
            "eps_avg_yearly": 6.12,
            "eps_latest_yearly": 1.32,
            "eps_growth_yearly": 2195.97
        },
        "20182": {
            "year_quarter": 20182,
            "year": 2018,
            "quarter": 2,
            "eps": 4.14,
            "eps_growth_year": 100.97,
            "eps_4q": 5.46,
            "eps_4q_growth_year": 78.26,
            "roe": 18.16,
            "roe_4q": 24.35,
            "gross_profit": 260639,
            "gross_margin": 28.45,
            "gross_margin_4q_avg": 29.37,
            "net_income": 571383,
            "net_income_4q": null,
            "revenue": 916065,
            "revenue_4q": null,
            "common_shares": 1379606,
            "book_valuer_per_share": 24.18,
            "book_valuer_per_share_4q_avg": 22.22,
            "equity": 3335828,
            "current_ratio": 120.33,
            "debt_ratio": 76.98,
            "inventory_turnover_ratio": 1.33,
            "account_receivable_turnover_ratio": 1.15,
            "reinvestment_rate": -3.67,
            "research_to_sale_ratio": 3.46,
            "price_fair": 231.47,
            "eps_avg_yearly": 6.61,
            "eps_latest_yearly": 1.32,
            "eps_growth_yearly": 2411.34
        },
        "20183": {
            "year_quarter": 20183,
            "year": 2018,
            "quarter": 3,
            "eps": 1.52,
            "eps_growth_year": 29.91,
            "eps_4q": 5.81,
            "eps_4q_growth_year": 43.19,
            "roe": 6.08,
            "roe_4q": 24.930000000000003,
            "gross_profit": 305999,
            "gross_margin": 29.75,
            "gross_margin_4q_avg": 30.01,
            "net_income": 209318,
            "net_income_4q": null,
            "revenue": 1028448,
            "revenue_4q": null,
            "common_shares": 1379606,
            "book_valuer_per_share": 25.7,
            "book_valuer_per_share_4q_avg": 23.23,
            "equity": 3545146,
            "current_ratio": 122.33,
            "debt_ratio": 75.63,
            "inventory_turnover_ratio": 1.44,
            "account_receivable_turnover_ratio": 1.2,
            "reinvestment_rate": -2.66,
            "research_to_sale_ratio": 3.63,
            "price_fair": 227.38,
            "eps_avg_yearly": 6.5,
            "eps_latest_yearly": 6.08,
            "eps_growth_yearly": 1176.91
        },
        "20184": {
            "year_quarter": 20184,
            "year": 2018,
            "quarter": 4,
            "eps": 2,
            "eps_growth_year": 509.73,
            "eps_4q": 7.48,
            "eps_4q_growth_year": 405.83,
            "roe": 7.47,
            "roe_4q": 30.89,
            "gross_profit": 270982,
            "gross_margin": 30.87,
            "gross_margin_4q_avg": 29.96,
            "net_income": 275310,
            "net_income_4q": null,
            "revenue": 877831,
            "revenue_4q": null,
            "common_shares": 1379606,
            "book_valuer_per_share": 27.75,
            "book_valuer_per_share_4q_avg": 24.77,
            "equity": 3828584,
            "current_ratio": 125.04,
            "debt_ratio": 74.24,
            "inventory_turnover_ratio": 1.18,
            "account_receivable_turnover_ratio": 0.99,
            "reinvestment_rate": -2.41,
            "research_to_sale_ratio": 6.33,
            "price_fair": 219.68,
            "eps_avg_yearly": 6.28,
            "eps_latest_yearly": 8,
            "eps_growth_yearly": 1173.36
        },
        "20191": {
            "year_quarter": 20191,
            "year": 2019,
            "quarter": 1,
            "eps": 1.74,
            "eps_growth_year": null,
            "eps_4q": 9.4,
            "eps_4q_growth_year": 177.63,
            "roe": 6.09,
            "roe_4q": 37.8,
            "gross_profit": 264766,
            "gross_margin": 28.74,
            "gross_margin_4q_avg": 29.45,
            "net_income": 240598,
            "net_income_4q": null,
            "revenue": 921356,
            "revenue_4q": null,
            "common_shares": 1379606,
            "book_valuer_per_share": 29.5,
            "book_valuer_per_share_4q_avg": 26.78,
            "equity": 4069182,
            "current_ratio": 127.14,
            "debt_ratio": 72.92,
            "inventory_turnover_ratio": 1.25,
            "account_receivable_turnover_ratio": 1.09,
            "reinvestment_rate": -1.91,
            "research_to_sale_ratio": 4.5,
            "price_fair": 236.25,
            "eps_avg_yearly": 6.75,
            "eps_latest_yearly": 6.96,
            "eps_growth_yearly": 1198.35
        },
        "20192": {
            "year_quarter": 20192,
            "year": 2019,
            "quarter": 2,
            "eps": 1.78,
            "eps_growth_year": -57,
            "eps_4q": 7.04,
            "eps_4q_growth_year": 28.79,
            "roe": 6.27,
            "roe_4q": 25.909999999999997,
            "gross_profit": 266144,
            "gross_margin": 29.49,
            "gross_margin_4q_avg": 29.71,
            "net_income": 245415,
            "net_income_4q": null,
            "revenue": 902394,
            "revenue_4q": null,
            "common_shares": 1379606,
            "book_valuer_per_share": 27.27,
            "book_valuer_per_share_4q_avg": 27.56,
            "equity": 3762754,
            "current_ratio": 123.4,
            "debt_ratio": 74.93,
            "inventory_turnover_ratio": 1.24,
            "account_receivable_turnover_ratio": 1.16,
            "reinvestment_rate": -0.17,
            "research_to_sale_ratio": 4.77,
            "price_fair": 254.92,
            "eps_avg_yearly": 7.28,
            "eps_latest_yearly": 7.12,
            "eps_growth_yearly": 1213.7
        },
        "20193": {
            "year_quarter": 20193,
            "year": 2019,
            "quarter": 3,
            "eps": 1.19,
            "eps_growth_year": -21.71,
            "eps_4q": 6.68,
            "eps_4q_growth_year": 15.05,
            "roe": 4.27,
            "roe_4q": 24.099999999999998,
            "gross_profit": 241473,
            "gross_margin": 28.33,
            "gross_margin_4q_avg": 29.36,
            "net_income": 164978,
            "net_income_4q": null,
            "revenue": 852369,
            "revenue_4q": null,
            "common_shares": 1385706,
            "book_valuer_per_share": 28.57,
            "book_valuer_per_share_4q_avg": 28.27,
            "equity": 3959635,
            "current_ratio": 129.08,
            "debt_ratio": 71.35,
            "inventory_turnover_ratio": 1.21,
            "account_receivable_turnover_ratio": 1.17,
            "reinvestment_rate": -0.18,
            "research_to_sale_ratio": 5.14,
            "price_fair": 217.12,
            "eps_avg_yearly": 6.2,
            "eps_latest_yearly": 4.76,
            "eps_growth_yearly": 415.61
        },
        "20194": {
            "year_quarter": 20194,
            "year": 2019,
            "quarter": 4,
            "eps": -0.56,
            "eps_growth_year": -128,
            "eps_4q": 4.14,
            "eps_4q_growth_year": -44.66,
            "roe": -1.98,
            "roe_4q": 14.649999999999999,
            "gross_profit": 213095,
            "gross_margin": 27.04,
            "gross_margin_4q_avg": 28.4,
            "net_income": -77437,
            "net_income_4q": null,
            "revenue": 787964,
            "revenue_4q": null,
            "common_shares": 1385706,
            "book_valuer_per_share": 28.01,
            "book_valuer_per_share_4q_avg": 28.34,
            "equity": 3880947,
            "current_ratio": 505.68,
            "debt_ratio": 15.88,
            "inventory_turnover_ratio": 1.1,
            "account_receivable_turnover_ratio": 1.22,
            "reinvestment_rate": 1.59,
            "research_to_sale_ratio": 6.4,
            "price_fair": 211.53,
            "eps_avg_yearly": 6.04,
            "eps_latest_yearly": 4.76,
            "eps_growth_yearly": 473.42
        },
        "20201": {
            "year_quarter": 20201,
            "year": 2020,
            "quarter": 1,
            "eps": 0.91,
            "eps_growth_year": -47.7,
            "eps_4q": 3.31,
            "eps_4q_growth_year": -64.77,
            "roe": 3.19,
            "roe_4q": 11.75,
            "gross_profit": 242209,
            "gross_margin": 27.8,
            "gross_margin_4q_avg": 28.17,
            "net_income": 125921,
            "net_income_4q": null,
            "revenue": 871337,
            "revenue_4q": null,
            "common_shares": 1385706,
            "book_valuer_per_share": 28.92,
            "book_valuer_per_share_4q_avg": 28.19,
            "equity": 4006868,
            "current_ratio": 591.07,
            "debt_ratio": 13.75,
            "inventory_turnover_ratio": 1.19,
            "account_receivable_turnover_ratio": 1.49,
            "reinvestment_rate": 1.39,
            "research_to_sale_ratio": 4.8,
            "price_fair": 215.32,
            "eps_avg_yearly": 6.15,
            "eps_latest_yearly": 4.76,
            "eps_growth_yearly": 535.84
        },
        "20202": {
            "year_quarter": 20202,
            "year": 2020,
            "quarter": 2,
            "eps": 0.43,
            "eps_growth_year": -75.84,
            "eps_4q": 1.97,
            "eps_4q_growth_year": -71.98,
            "roe": 1.51,
            "roe_4q": 6.99,
            "gross_profit": 192081,
            "gross_margin": 24.4,
            "gross_margin_4q_avg": 26.89,
            "net_income": 59679,
            "net_income_4q": null,
            "revenue": 787067,
            "revenue_4q": null,
            "common_shares": 1385706,
            "book_valuer_per_share": 28.15,
            "book_valuer_per_share_4q_avg": 28.41,
            "equity": 3900534,
            "current_ratio": 446.76,
            "debt_ratio": 18.01,
            "inventory_turnover_ratio": 1.18,
            "account_receivable_turnover_ratio": 1.22,
            "reinvestment_rate": 2.29,
            "research_to_sale_ratio": 5.44,
            "price_fair": 185.5,
            "eps_avg_yearly": 5.3,
            "eps_latest_yearly": 1.72,
            "eps_growth_yearly": 472.16
        },
        "20203": {
            "year_quarter": 20203,
            "year": 2020,
            "quarter": 3,
            "eps": 0.83,
            "eps_growth_year": -30.25,
            "eps_4q": 1.61,
            "eps_4q_growth_year": -75.91,
            "roe": 2.91,
            "roe_4q": 5.629999999999999,
            "gross_profit": 250325,
            "gross_margin": 26.53,
            "gross_margin_4q_avg": 26.44,
            "net_income": 115014,
            "net_income_4q": null,
            "revenue": 943562,
            "revenue_4q": null,
            "common_shares": 1385706,
            "book_valuer_per_share": 28.98,
            "book_valuer_per_share_4q_avg": 28.52,
            "equity": 4015548,
            "current_ratio": 462.4,
            "debt_ratio": 17.53,
            "inventory_turnover_ratio": 1.35,
            "account_receivable_turnover_ratio": 1.24,
            "reinvestment_rate": 2.23,
            "research_to_sale_ratio": 4.69,
            "price_fair": 194.6,
            "eps_avg_yearly": 5.56,
            "eps_latest_yearly": 3.32,
            "eps_growth_yearly": 546.56
        },
        "20204": {
            "year_quarter": 20204,
            "year": 2020,
            "quarter": 4,
            "eps": 0.77,
            "eps_growth_year": null,
            "eps_4q": 2.94,
            "eps_4q_growth_year": -29.05,
            "roe": 2.62,
            "roe_4q": 10.23,
            "gross_profit": 224333,
            "gross_margin": 22.72,
            "gross_margin_4q_avg": 25.36,
            "net_income": 106336,
            "net_income_4q": null,
            "revenue": 987347,
            "revenue_4q": null,
            "common_shares": 1385706,
            "book_valuer_per_share": 29.71,
            "book_valuer_per_share_4q_avg": 28.94,
            "equity": 4116934,
            "current_ratio": 433.63,
            "debt_ratio": 19.1,
            "inventory_turnover_ratio": 1.28,
            "account_receivable_turnover_ratio": 1.15,
            "reinvestment_rate": 3.35,
            "research_to_sale_ratio": 4.62,
            "price_fair": 14.11,
            "eps_avg_yearly": 4.7,
            "eps_latest_yearly": 3.08,
            "eps_growth_yearly": -63
        },
        "20211": {
            "year_quarter": 20211,
            "year": 2021,
            "quarter": 1,
            "eps": 1.06,
            "eps_growth_year": 16.48,
            "eps_4q": 3.09,
            "eps_4q_growth_year": -6.64,
            "roe": 3.52,
            "roe_4q": 10.56,
            "gross_profit": 278286,
            "gross_margin": 25.01,
            "gross_margin_4q_avg": 24.67,
            "net_income": 147356,
            "net_income_4q": null,
            "revenue": 1112782,
            "revenue_4q": null,
            "common_shares": 1385706,
            "book_valuer_per_share": 30.77,
            "book_valuer_per_share_4q_avg": 29.4,
            "equity": 4264290,
            "current_ratio": 456.9,
            "debt_ratio": 18.27,
            "inventory_turnover_ratio": 1.15,
            "account_receivable_turnover_ratio": 1.13,
            "reinvestment_rate": 3.01,
            "research_to_sale_ratio": 3.76,
            "price_fair": 13.99,
            "eps_avg_yearly": 4.66,
            "eps_latest_yearly": 4.24,
            "eps_growth_yearly": -43.58
        },
        "20212": {
            "year_quarter": 20212,
            "year": 2021,
            "quarter": 2,
            "eps": 0.77,
            "eps_growth_year": 79.07,
            "eps_4q": 3.43,
            "eps_4q_growth_year": 74.02,
            "roe": 2.47,
            "roe_4q": 11.52,
            "gross_profit": 260131,
            "gross_margin": 21.72,
            "gross_margin_4q_avg": 24,
            "net_income": 106603,
            "net_income_4q": null,
            "revenue": 1197599,
            "revenue_4q": null,
            "common_shares": 1385706,
            "book_valuer_per_share": 31.54,
            "book_valuer_per_share_4q_avg": 30.25,
            "equity": 4371068,
            "current_ratio": 438.57,
            "debt_ratio": 19.14,
            "inventory_turnover_ratio": 1.09,
            "account_receivable_turnover_ratio": 1.07,
            "reinvestment_rate": 2.45,
            "research_to_sale_ratio": 4.1,
            "price_fair": 13.59,
            "eps_avg_yearly": 4.53,
            "eps_latest_yearly": 3.08,
            "eps_growth_yearly": -49.07
        },
        "20213": {
            "year_quarter": 20213,
            "year": 2021,
            "quarter": 3,
            "eps": 0.81,
            "eps_growth_year": -2.41,
            "eps_4q": 3.41,
            "eps_4q_growth_year": 111.84,
            "roe": 2.64,
            "roe_4q": 11.25,
            "gross_profit": 231129,
            "gross_margin": 19.58,
            "gross_margin_4q_avg": 22.26,
            "net_income": 112481,
            "net_income_4q": null,
            "revenue": 1180536,
            "revenue_4q": null,
            "common_shares": 1385706,
            "book_valuer_per_share": 30.01,
            "book_valuer_per_share_4q_avg": 30.51,
            "equity": 4157908,
            "current_ratio": 359.5,
            "debt_ratio": 23.26,
            "inventory_turnover_ratio": 1.04,
            "account_receivable_turnover_ratio": 0.99,
            "reinvestment_rate": 1.97,
            "research_to_sale_ratio": 3.91,
            "price_fair": 13.23,
            "eps_avg_yearly": 4.41,
            "eps_latest_yearly": 3.24,
            "eps_growth_yearly": -32.93
        },
        "20214": {
            "year_quarter": 20214,
            "year": 2021,
            "quarter": 4,
            "eps": 0.73,
            "eps_growth_year": -5.05,
            "eps_4q": 3.37,
            "eps_4q_growth_year": 14.86,
            "roe": 2.4,
            "roe_4q": 11.03,
            "gross_profit": 205616,
            "gross_margin": 20.69,
            "gross_margin_4q_avg": 21.75,
            "net_income": 100970,
            "net_income_4q": null,
            "revenue": 993821,
            "revenue_4q": null,
            "common_shares": 1385706,
            "book_valuer_per_share": 30.76,
            "book_valuer_per_share_4q_avg": 30.77,
            "equity": 4262895,
            "current_ratio": 490.35,
            "debt_ratio": 16.93,
            "inventory_turnover_ratio": 0.87,
            "account_receivable_turnover_ratio": 0.93,
            "reinvestment_rate": 1.37,
            "research_to_sale_ratio": 4.33,
            "price_fair": 13.63,
            "eps_avg_yearly": 4.54,
            "eps_latest_yearly": 2.92,
            "eps_growth_yearly": -12.29
        },
        "20221": {
            "year_quarter": 20221,
            "year": 2022,
            "quarter": 1,
            "eps": 1.49,
            "eps_growth_year": 40.57,
            "eps_4q": 3.8,
            "eps_4q_growth_year": 23.04,
            "roe": 4.74,
            "roe_4q": 12.250000000000002,
            "gross_profit": 305261,
            "gross_margin": 25.99,
            "gross_margin_4q_avg": 22,
            "net_income": 207020,
            "net_income_4q": null,
            "revenue": 1174443,
            "revenue_4q": null,
            "common_shares": 1385706,
            "book_valuer_per_share": 32.26,
            "book_valuer_per_share_4q_avg": 31.14,
            "equity": 4469915,
            "current_ratio": 523.94,
            "debt_ratio": 16.05,
            "inventory_turnover_ratio": 1.01,
            "account_receivable_turnover_ratio": 1.29,
            "reinvestment_rate": 1.01,
            "research_to_sale_ratio": 3.6,
            "price_fair": 142.75,
            "eps_avg_yearly": 4.65,
            "eps_latest_yearly": 5.96,
            "eps_growth_yearly": 20.68
        },
        "20222": {
            "year_quarter": 20222,
            "year": 2022,
            "quarter": 2,
            "eps": 1.5,
            "eps_growth_year": 94.81,
            "eps_4q": 4.54,
            "eps_4q_growth_year": 32.32,
            "roe": 4.73,
            "roe_4q": 14.510000000000002,
            "gross_profit": 301842,
            "gross_margin": 26.79,
            "gross_margin_4q_avg": 23.26,
            "net_income": 208467,
            "net_income_4q": null,
            "revenue": 1126779,
            "revenue_4q": null,
            "common_shares": 1385706,
            "book_valuer_per_share": 31.36,
            "book_valuer_per_share_4q_avg": 31.1,
            "equity": 4345856,
            "current_ratio": 401.02,
            "debt_ratio": 20.98,
            "inventory_turnover_ratio": 1.06,
            "account_receivable_turnover_ratio": 1.27,
            "reinvestment_rate": 1.27,
            "research_to_sale_ratio": 3.56,
            "price_fair": 139.6,
            "eps_avg_yearly": 4.75,
            "eps_latest_yearly": 6,
            "eps_growth_yearly": 19.4
        },
        "20223": {
            "year_quarter": 20223,
            "year": 2022,
            "quarter": 3,
            "eps": 1.82,
            "eps_growth_year": 124.69,
            "eps_4q": 5.55,
            "eps_4q_growth_year": 62.61,
            "roe": 5.64,
            "roe_4q": 17.51,
            "gross_profit": 271403,
            "gross_margin": 29.81,
            "gross_margin_4q_avg": 25.82,
            "net_income": 252308,
            "net_income_4q": null,
            "revenue": 910551,
            "revenue_4q": null,
            "common_shares": 1385706,
            "book_valuer_per_share": 33.18,
            "book_valuer_per_share_4q_avg": 31.89,
            "equity": 4598164,
            "current_ratio": 603.45,
            "debt_ratio": 13.9,
            "inventory_turnover_ratio": 0.89,
            "account_receivable_turnover_ratio": 1.14,
            "reinvestment_rate": 2.7,
            "research_to_sale_ratio": 4.11,
            "price_fair": 169.2,
            "eps_avg_yearly": 4.83,
            "eps_latest_yearly": 7.28,
            "eps_growth_yearly": 43.58
        },
        "20224": {
            "year_quarter": 20224,
            "year": 2022,
            "quarter": 4,
            "eps": 0.54,
            "eps_growth_year": -26.46,
            "eps_4q": 5.36,
            "eps_4q_growth_year": 58.76,
            "roe": 1.6,
            "roe_4q": 16.71,
            "gross_profit": 220955,
            "gross_margin": 31.26,
            "gross_margin_4q_avg": 28.46,
            "net_income": 74258,
            "net_income_4q": null,
            "revenue": 706904,
            "revenue_4q": null,
            "common_shares": 1385706,
            "book_valuer_per_share": 33.88,
            "book_valuer_per_share_4q_avg": 32.67,
            "equity": 4694099,
            "current_ratio": 656.75,
            "debt_ratio": 13.18,
            "inventory_turnover_ratio": 0.71,
            "account_receivable_turnover_ratio": 1.12,
            "reinvestment_rate": 2.6,
            "research_to_sale_ratio": 5.23,
            "price_fair": 108.04,
            "eps_avg_yearly": 4.42,
            "eps_latest_yearly": 2.16,
            "eps_growth_yearly": 14.46
        },
        "20231": {
            "year_quarter": 20231,
            "year": 2023,
            "quarter": 1,
            "eps": 0.63,
            "eps_growth_year": -57.72,
            "eps_4q": 4.49,
            "eps_4q_growth_year": 17.95,
            "roe": 1.83,
            "roe_4q": 13.8,
            "gross_profit": 184808,
            "gross_margin": 23.08,
            "gross_margin_4q_avg": 27.74,
            "net_income": 86646,
            "net_income_4q": null,
            "revenue": 800897,
            "revenue_4q": null,
            "common_shares": 1385706,
            "book_valuer_per_share": 34.5,
            "book_valuer_per_share_4q_avg": 33.23,
            "equity": 4780745,
            "current_ratio": 706.01,
            "debt_ratio": 12.26,
            "inventory_turnover_ratio": 1.01,
            "account_receivable_turnover_ratio": 1.4,
            "reinvestment_rate": 2.01,
            "research_to_sale_ratio": 4.23,
            "price_fair": 135.03,
            "eps_avg_yearly": 4.1,
            "eps_latest_yearly": 2.52,
            "eps_growth_yearly": 22.94
        },
        "20232": {
            "year_quarter": 20232,
            "year": 2023,
            "quarter": 2,
            "eps": 0.64,
            "eps_growth_year": -57.33,
            "eps_4q": 3.62,
            "eps_4q_growth_year": -20.22,
            "roe": 1.9,
            "roe_4q": 10.969999999999999,
            "gross_profit": 127539,
            "gross_margin": 20.58,
            "gross_margin_4q_avg": 26.18,
            "net_income": 88561,
            "net_income_4q": null,
            "revenue": 619844,
            "revenue_4q": null,
            "common_shares": 1385706,
            "book_valuer_per_share": 32.74,
            "book_valuer_per_share_4q_avg": 33.58,
            "equity": 4536593,
            "current_ratio": 488.7,
            "debt_ratio": 17.43,
            "inventory_turnover_ratio": 0.93,
            "account_receivable_turnover_ratio": 1.17,
            "reinvestment_rate": -0.58,
            "research_to_sale_ratio": 4.94,
            "price_fair": 123.54,
            "eps_avg_yearly": 3.77,
            "eps_latest_yearly": 2.56,
            "eps_growth_yearly": 22.73
        },
        "20233": {
            "year_quarter": 20233,
            "year": 2023,
            "quarter": 3,
            "eps": 1.1,
            "eps_growth_year": -39.56,
            "eps_4q": 2.9,
            "eps_4q_growth_year": -47.7,
            "roe": 3.31,
            "roe_4q": 8.64,
            "gross_profit": 176414,
            "gross_margin": 25.19,
            "gross_margin_4q_avg": 25.03,
            "net_income": 152627,
            "net_income_4q": null,
            "revenue": 700469,
            "revenue_4q": null,
            "common_shares": 1385706,
            "book_valuer_per_share": 33.84,
            "book_valuer_per_share_4q_avg": 33.74,
            "equity": 4689028,
            "current_ratio": 723.9,
            "debt_ratio": 11.85,
            "inventory_turnover_ratio": 1.04,
            "account_receivable_turnover_ratio": 1.45,
            "reinvestment_rate": -0.33,
            "research_to_sale_ratio": 5.17,
            "price_fair": 131.2,
            "eps_avg_yearly": 3.75,
            "eps_latest_yearly": 4.4,
            "eps_growth_yearly": 52.74
        }
    },
    "months": {
        "2001-06": {
            "month": "2001-06",
            "price": "45.74",
            "revenue": 171583
        },
        "2001-07": {
            "month": "2001-07",
            "price": "46.58",
            "revenue": 160321
        },
        "2001-08": {
            "month": "2001-08",
            "price": "36.93",
            "revenue": 199201
        },
        "2001-09": {
            "month": "2001-09",
            "price": "34.86",
            "revenue": 203035
        },
        "2001-10": {
            "month": "2001-10",
            "price": "32.74",
            "revenue": 146298
        },
        "2001-11": {
            "month": "2001-11",
            "price": "35.34",
            "revenue": 140491
        },
        "2001-12": {
            "month": "2001-12",
            "price": "41.25",
            "revenue": 98953
        },
        "2002-01": {
            "month": "2002-01",
            "price": "45.77",
            "revenue": 214948
        },
        "2002-02": {
            "month": "2002-02",
            "price": "46.18",
            "revenue": 122791
        },
        "2002-03": {
            "month": "2002-03",
            "price": "51.52",
            "revenue": 253684
        },
        "2002-04": {
            "month": "2002-04",
            "price": "59.52",
            "revenue": 201979
        },
        "2002-05": {
            "month": "2002-05",
            "price": "58.57",
            "revenue": 183944
        },
        "2002-06": {
            "month": "2002-06",
            "price": "54.95",
            "revenue": 180816
        },
        "2002-07": {
            "month": "2002-07",
            "price": "49.83",
            "revenue": 169438
        },
        "2002-08": {
            "month": "2002-08",
            "price": "52.87",
            "revenue": 208090
        },
        "2002-09": {
            "month": "2002-09",
            "price": "50.41",
            "revenue": 202372
        },
        "2002-10": {
            "month": "2002-10",
            "price": "50.42",
            "revenue": 131158
        },
        "2002-11": {
            "month": "2002-11",
            "price": "53.21",
            "revenue": 189860
        },
        "2002-12": {
            "month": "2002-12",
            "price": "53.55",
            "revenue": 99500
        },
        "2003-01": {
            "month": "2003-01",
            "price": "54.89",
            "revenue": 216774
        },
        "2003-02": {
            "month": "2003-02",
            "price": "57.09",
            "revenue": 178685
        },
        "2003-03": {
            "month": "2003-03",
            "price": "56.40",
            "revenue": 230955
        },
        "2003-04": {
            "month": "2003-04",
            "price": "56.86",
            "revenue": 229540
        },
        "2003-05": {
            "month": "2003-05",
            "price": "59.14",
            "revenue": 322442
        },
        "2003-06": {
            "month": "2003-06",
            "price": "65.22",
            "revenue": 270063
        },
        "2003-07": {
            "month": "2003-07",
            "price": "64.35",
            "revenue": 176308
        },
        "2003-08": {
            "month": "2003-08",
            "price": "65.50",
            "revenue": 180823
        },
        "2003-09": {
            "month": "2003-09",
            "price": "68.36",
            "revenue": 119271
        },
        "2003-10": {
            "month": "2003-10",
            "price": "64.93",
            "revenue": 177440
        },
        "2003-11": {
            "month": "2003-11",
            "price": "68.05",
            "revenue": 228636
        },
        "2003-12": {
            "month": "2003-12",
            "price": "66.17",
            "revenue": 227640
        },
        "2004-01": {
            "month": "2004-01",
            "price": "69.37",
            "revenue": 287629
        },
        "2004-02": {
            "month": "2004-02",
            "price": "74.25",
            "revenue": 265413
        },
        "2004-03": {
            "month": "2004-03",
            "price": "68.02",
            "revenue": 348478
        },
        "2004-04": {
            "month": "2004-04",
            "price": "68.18",
            "revenue": 397812
        },
        "2004-05": {
            "month": "2004-05",
            "price": "69.17",
            "revenue": 344833
        },
        "2004-06": {
            "month": "2004-06",
            "price": "68.31",
            "revenue": 319225
        },
        "2004-07": {
            "month": "2004-07",
            "price": "66.77",
            "revenue": 194765
        },
        "2004-08": {
            "month": "2004-08",
            "price": "64.48",
            "revenue": 215259
        },
        "2004-09": {
            "month": "2004-09",
            "price": "71.74",
            "revenue": 253597
        },
        "2004-10": {
            "month": "2004-10",
            "price": "68.45",
            "revenue": 283458
        },
        "2004-11": {
            "month": "2004-11",
            "price": "67.36",
            "revenue": 280663
        },
        "2004-12": {
            "month": "2004-12",
            "price": "68.22",
            "revenue": 136002
        },
        "2005-01": {
            "month": "2005-01",
            "price": "69.90",
            "revenue": 282861
        },
        "2005-02": {
            "month": "2005-02",
            "price": "74.46",
            "revenue": 265123
        },
        "2005-03": {
            "month": "2005-03",
            "price": "79.30",
            "revenue": 475818
        },
        "2005-04": {
            "month": "2005-04",
            "price": "78.22",
            "revenue": 482050
        },
        "2005-05": {
            "month": "2005-05",
            "price": "76.80",
            "revenue": 397844
        },
        "2005-06": {
            "month": "2005-06",
            "price": "75.33",
            "revenue": 393842
        },
        "2005-07": {
            "month": "2005-07",
            "price": "73.54",
            "revenue": 358795
        },
        "2005-08": {
            "month": "2005-08",
            "price": "73.89",
            "revenue": 317243
        },
        "2005-09": {
            "month": "2005-09",
            "price": "78.06",
            "revenue": 275203
        },
        "2005-10": {
            "month": "2005-10",
            "price": "77.74",
            "revenue": 251594
        },
        "2005-11": {
            "month": "2005-11",
            "price": "74.65",
            "revenue": 109094
        },
        "2005-12": {
            "month": "2005-12",
            "price": "74.86",
            "revenue": 118556
        },
        "2006-01": {
            "month": "2006-01",
            "price": "75.94",
            "revenue": 287348
        },
        "2006-02": {
            "month": "2006-02",
            "price": "72.49",
            "revenue": 204694
        },
        "2006-03": {
            "month": "2006-03",
            "price": "62.66",
            "revenue": 289466
        },
        "2006-04": {
            "month": "2006-04",
            "price": "57.44",
            "revenue": 270709
        },
        "2006-05": {
            "month": "2006-05",
            "price": "52.88",
            "revenue": 308226
        },
        "2006-06": {
            "month": "2006-06",
            "price": "46.63",
            "revenue": 345442
        },
        "2006-07": {
            "month": "2006-07",
            "price": "47.45",
            "revenue": 367208
        },
        "2006-08": {
            "month": "2006-08",
            "price": "45.38",
            "revenue": 439906
        },
        "2006-09": {
            "month": "2006-09",
            "price": "41.64",
            "revenue": 374471
        },
        "2006-10": {
            "month": "2006-10",
            "price": "38.82",
            "revenue": 229598
        },
        "2006-11": {
            "month": "2006-11",
            "price": "40.39",
            "revenue": 166940
        },
        "2006-12": {
            "month": "2006-12",
            "price": "42.96",
            "revenue": 135072
        },
        "2007-01": {
            "month": "2007-01",
            "price": "42.02",
            "revenue": 259898
        },
        "2007-02": {
            "month": "2007-02",
            "price": "41.04",
            "revenue": 157564
        },
        "2007-03": {
            "month": "2007-03",
            "price": "41.00",
            "revenue": 326919
        },
        "2007-04": {
            "month": "2007-04",
            "price": "45.75",
            "revenue": 298072
        },
        "2007-05": {
            "month": "2007-05",
            "price": "48.02",
            "revenue": 317463
        },
        "2007-06": {
            "month": "2007-06",
            "price": "49.70",
            "revenue": 345359
        },
        "2007-07": {
            "month": "2007-07",
            "price": "58.07",
            "revenue": 332768
        },
        "2007-08": {
            "month": "2007-08",
            "price": "49.39",
            "revenue": 359943
        },
        "2007-09": {
            "month": "2007-09",
            "price": "44.91",
            "revenue": 318224
        },
        "2007-10": {
            "month": "2007-10",
            "price": "43.80",
            "revenue": 190089
        },
        "2007-11": {
            "month": "2007-11",
            "price": "40.09",
            "revenue": 252457
        },
        "2007-12": {
            "month": "2007-12",
            "price": "39.84",
            "revenue": 293058
        },
        "2008-01": {
            "month": "2008-01",
            "price": "40.53",
            "revenue": 300304
        },
        "2008-02": {
            "month": "2008-02",
            "price": "38.84",
            "revenue": 169435
        },
        "2008-03": {
            "month": "2008-03",
            "price": "37.96",
            "revenue": 317271
        },
        "2008-04": {
            "month": "2008-04",
            "price": "35.51",
            "revenue": 227421
        },
        "2008-05": {
            "month": "2008-05",
            "price": "31.19",
            "revenue": 227561
        },
        "2008-06": {
            "month": "2008-06",
            "price": "26.90",
            "revenue": 226266
        },
        "2008-07": {
            "month": "2008-07",
            "price": "21.48",
            "revenue": 305713
        },
        "2008-08": {
            "month": "2008-08",
            "price": "23.51",
            "revenue": 278455
        },
        "2008-09": {
            "month": "2008-09",
            "price": "21.51",
            "revenue": 281190
        },
        "2008-10": {
            "month": "2008-10",
            "price": "15.62",
            "revenue": 207004
        },
        "2008-11": {
            "month": "2008-11",
            "price": "15.86",
            "revenue": 132788
        },
        "2008-12": {
            "month": "2008-12",
            "price": "16.09",
            "revenue": 153136
        },
        "2009-01": {
            "month": "2009-01",
            "price": "15.09",
            "revenue": 191096
        },
        "2009-02": {
            "month": "2009-02",
            "price": "14.83",
            "revenue": 137678
        },
        "2009-03": {
            "month": "2009-03",
            "price": "17.03",
            "revenue": 107023
        },
        "2009-04": {
            "month": "2009-04",
            "price": "21.67",
            "revenue": 160015
        },
        "2009-05": {
            "month": "2009-05",
            "price": "26.60",
            "revenue": 126438
        },
        "2009-06": {
            "month": "2009-06",
            "price": "24.86",
            "revenue": 116608
        },
        "2009-07": {
            "month": "2009-07",
            "price": "26.65",
            "revenue": 208103
        },
        "2009-08": {
            "month": "2009-08",
            "price": "29.32",
            "revenue": 200528
        },
        "2009-09": {
            "month": "2009-09",
            "price": "30.34",
            "revenue": 250382
        },
        "2009-10": {
            "month": "2009-10",
            "price": "31.99",
            "revenue": 216583
        },
        "2009-11": {
            "month": "2009-11",
            "price": "33.29",
            "revenue": 170435
        },
        "2009-12": {
            "month": "2009-12",
            "price": "33.32",
            "revenue": 198626
        },
        "2010-01": {
            "month": "2010-01",
            "price": "34.21",
            "revenue": 266033
        },
        "2010-02": {
            "month": "2010-02",
            "price": "30.25",
            "revenue": 132170
        },
        "2010-03": {
            "month": "2010-03",
            "price": "30.01",
            "revenue": 246451
        },
        "2010-04": {
            "month": "2010-04",
            "price": "31.80",
            "revenue": 257197
        },
        "2010-05": {
            "month": "2010-05",
            "price": "28.29",
            "revenue": 273596
        },
        "2010-06": {
            "month": "2010-06",
            "price": "28.94",
            "revenue": 238314
        },
        "2010-07": {
            "month": "2010-07",
            "price": "28.94",
            "revenue": 292626
        },
        "2010-08": {
            "month": "2010-08",
            "price": "31.32",
            "revenue": 210369
        },
        "2010-09": {
            "month": "2010-09",
            "price": "31.82",
            "revenue": 231937
        },
        "2010-10": {
            "month": "2010-10",
            "price": "30.37",
            "revenue": 155358
        },
        "2010-11": {
            "month": "2010-11",
            "price": "25.29",
            "revenue": 213029
        },
        "2010-12": {
            "month": "2010-12",
            "price": "25.81",
            "revenue": 218473
        },
        "2011-01": {
            "month": "2011-01",
            "price": "25.97",
            "revenue": 276138
        },
        "2011-02": {
            "month": "2011-02",
            "price": "25.41",
            "revenue": 151415
        },
        "2011-03": {
            "month": "2011-03",
            "price": "25.15",
            "revenue": 254138
        },
        "2011-04": {
            "month": "2011-04",
            "price": "24.91",
            "revenue": 223540
        },
        "2011-05": {
            "month": "2011-05",
            "price": "26.18",
            "revenue": 241546
        },
        "2011-06": {
            "month": "2011-06",
            "price": "23.20",
            "revenue": 243068
        },
        "2011-07": {
            "month": "2011-07",
            "price": "21.28",
            "revenue": 226266
        },
        "2011-08": {
            "month": "2011-08",
            "price": "17.13",
            "revenue": 265122
        },
        "2011-09": {
            "month": "2011-09",
            "price": "16.01",
            "revenue": 252082
        },
        "2011-10": {
            "month": "2011-10",
            "price": "18.86",
            "revenue": 197697
        },
        "2011-11": {
            "month": "2011-11",
            "price": "19.68",
            "revenue": 224702
        },
        "2011-12": {
            "month": "2011-12",
            "price": "19.00",
            "revenue": 223841
        },
        "2012-01": {
            "month": "2012-01",
            "price": "20.04",
            "revenue": 225776
        },
        "2012-02": {
            "month": "2012-02",
            "price": "21.93",
            "revenue": 233031
        },
        "2012-03": {
            "month": "2012-03",
            "price": "23.42",
            "revenue": 226766
        },
        "2012-04": {
            "month": "2012-04",
            "price": "22.17",
            "revenue": 262773
        },
        "2012-05": {
            "month": "2012-05",
            "price": "21.27",
            "revenue": 242814
        },
        "2012-06": {
            "month": "2012-06",
            "price": "21.81",
            "revenue": 220377
        },
        "2012-07": {
            "month": "2012-07",
            "price": "22.67",
            "revenue": 199121
        },
        "2012-08": {
            "month": "2012-08",
            "price": "21.58",
            "revenue": 197927
        },
        "2012-09": {
            "month": "2012-09",
            "price": "19.46",
            "revenue": 175714
        },
        "2012-10": {
            "month": "2012-10",
            "price": "18.09",
            "revenue": 181746
        },
        "2012-11": {
            "month": "2012-11",
            "price": "17.41",
            "revenue": 159943
        },
        "2012-12": {
            "month": "2012-12",
            "price": "18.04",
            "revenue": 202667
        },
        "2013-01": {
            "month": "2013-01",
            "price": "18.09",
            "revenue": 184083
        },
        "2013-02": {
            "month": "2013-02",
            "price": "18.84",
            "revenue": 157727
        },
        "2013-03": {
            "month": "2013-03",
            "price": "19.12",
            "revenue": 200717
        },
        "2013-04": {
            "month": "2013-04",
            "price": "22.42",
            "revenue": 224134
        },
        "2013-05": {
            "month": "2013-05",
            "price": "21.88",
            "revenue": 231831
        },
        "2013-06": {
            "month": "2013-06",
            "price": "23.18",
            "revenue": 259471
        },
        "2013-07": {
            "month": "2013-07",
            "price": "26.85",
            "revenue": 302801
        },
        "2013-08": {
            "month": "2013-08",
            "price": "32.65",
            "revenue": 260336
        },
        "2013-09": {
            "month": "2013-09",
            "price": "33.82",
            "revenue": 224115
        },
        "2013-10": {
            "month": "2013-10",
            "price": "33.34",
            "revenue": 226135
        },
        "2013-11": {
            "month": "2013-11",
            "price": "30.74",
            "revenue": 176262
        },
        "2013-12": {
            "month": "2013-12",
            "price": "30.06",
            "revenue": 257110
        },
        "2014-01": {
            "month": "2014-01",
            "price": "31.07",
            "revenue": 260311
        },
        "2014-02": {
            "month": "2014-02",
            "price": "32.06",
            "revenue": 213478
        },
        "2014-03": {
            "month": "2014-03",
            "price": "35.70",
            "revenue": 249092
        },
        "2014-04": {
            "month": "2014-04",
            "price": "37.77",
            "revenue": 276418
        },
        "2014-05": {
            "month": "2014-05",
            "price": "39.40",
            "revenue": 265662
        },
        "2014-06": {
            "month": "2014-06",
            "price": "40.41",
            "revenue": 252713
        },
        "2014-07": {
            "month": "2014-07",
            "price": "44.69",
            "revenue": 340804
        },
        "2014-08": {
            "month": "2014-08",
            "price": "40.51",
            "revenue": 255249
        },
        "2014-09": {
            "month": "2014-09",
            "price": "37.62",
            "revenue": 289453
        },
        "2014-10": {
            "month": "2014-10",
            "price": "37.12",
            "revenue": 283811
        },
        "2014-11": {
            "month": "2014-11",
            "price": "38.78",
            "revenue": 199019
        },
        "2014-12": {
            "month": "2014-12",
            "price": "43.30",
            "revenue": 257219
        },
        "2015-01": {
            "month": "2015-01",
            "price": "44.15",
            "revenue": 276264
        },
        "2015-02": {
            "month": "2015-02",
            "price": "43.75",
            "revenue": 211902
        },
        "2015-03": {
            "month": "2015-03",
            "price": "47.85",
            "revenue": 353593
        },
        "2015-04": {
            "month": "2015-04",
            "price": "50.92",
            "revenue": 271757
        },
        "2015-05": {
            "month": "2015-05",
            "price": "43.68",
            "revenue": 309368
        },
        "2015-06": {
            "month": "2015-06",
            "price": "43.66",
            "revenue": 273734
        },
        "2015-07": {
            "month": "2015-07",
            "price": "39.49",
            "revenue": 353403
        },
        "2015-08": {
            "month": "2015-08",
            "price": "40.14",
            "revenue": 277407
        },
        "2015-09": {
            "month": "2015-09",
            "price": "46.03",
            "revenue": 279929
        },
        "2015-10": {
            "month": "2015-10",
            "price": "57.97",
            "revenue": 295364
        },
        "2015-11": {
            "month": "2015-11",
            "price": "61.39",
            "revenue": 227208
        },
        "2015-12": {
            "month": "2015-12",
            "price": "62.48",
            "revenue": 364830
        },
        "2016-01": {
            "month": "2016-01",
            "price": "61.50",
            "revenue": 364781
        },
        "2016-02": {
            "month": "2016-02",
            "price": "64.26",
            "revenue": 245333
        },
        "2016-03": {
            "month": "2016-03",
            "price": "70.51",
            "revenue": 359999
        },
        "2016-04": {
            "month": "2016-04",
            "price": "71.45",
            "revenue": 358076
        },
        "2016-05": {
            "month": "2016-05",
            "price": "69.25",
            "revenue": 386912
        },
        "2016-06": {
            "month": "2016-06",
            "price": "74.42",
            "revenue": 401645
        },
        "2016-07": {
            "month": "2016-07",
            "price": "92.88",
            "revenue": 381943
        },
        "2016-08": {
            "month": "2016-08",
            "price": "103.56",
            "revenue": 326614
        },
        "2016-09": {
            "month": "2016-09",
            "price": "102.69",
            "revenue": 283395
        },
        "2016-10": {
            "month": "2016-10",
            "price": "87.52",
            "revenue": 273127
        },
        "2016-11": {
            "month": "2016-11",
            "price": "81.53",
            "revenue": 286092
        },
        "2016-12": {
            "month": "2016-12",
            "price": "90.20",
            "revenue": 388480
        },
        "2017-01": {
            "month": "2017-01",
            "price": "92.06",
            "revenue": 367101
        },
        "2017-02": {
            "month": "2017-02",
            "price": "91.03",
            "revenue": 266844
        },
        "2017-03": {
            "month": "2017-03",
            "price": "93.07",
            "revenue": 360474
        },
        "2017-04": {
            "month": "2017-04",
            "price": "89.44",
            "revenue": 300794
        },
        "2017-05": {
            "month": "2017-05",
            "price": "83.08",
            "revenue": 319490
        },
        "2017-06": {
            "month": "2017-06",
            "price": "87.30",
            "revenue": 321467
        },
        "2017-07": {
            "month": "2017-07",
            "price": "85.90",
            "revenue": 335512
        },
        "2017-08": {
            "month": "2017-08",
            "price": "90.41",
            "revenue": 381615
        },
        "2017-09": {
            "month": "2017-09",
            "price": "87.28",
            "revenue": 286585
        },
        "2017-10": {
            "month": "2017-10",
            "price": "82.81",
            "revenue": 274864
        },
        "2017-11": {
            "month": "2017-11",
            "price": "80.69",
            "revenue": 282262
        },
        "2017-12": {
            "month": "2017-12",
            "price": "69.17",
            "revenue": 339249
        },
        "2018-01": {
            "month": "2018-01",
            "price": "66.96",
            "revenue": 370117
        },
        "2018-02": {
            "month": "2018-02",
            "price": "62.44",
            "revenue": 226704
        },
        "2018-03": {
            "month": "2018-03",
            "price": "55.89",
            "revenue": 314156
        },
        "2018-04": {
            "month": "2018-04",
            "price": "53.13",
            "revenue": 316159
        },
        "2018-05": {
            "month": "2018-05",
            "price": "55.80",
            "revenue": 302142
        },
        "2018-06": {
            "month": "2018-06",
            "price": "61.12",
            "revenue": 297763
        },
        "2018-07": {
            "month": "2018-07",
            "price": "65.53",
            "revenue": 318871
        },
        "2018-08": {
            "month": "2018-08",
            "price": "64.42",
            "revenue": 412294
        },
        "2018-09": {
            "month": "2018-09",
            "price": "56.17",
            "revenue": 297283
        },
        "2018-10": {
            "month": "2018-10",
            "price": "48.10",
            "revenue": 277301
        },
        "2018-11": {
            "month": "2018-11",
            "price": "45.35",
            "revenue": 272354
        },
        "2018-12": {
            "month": "2018-12",
            "price": "46.81",
            "revenue": 328175
        },
        "2019-01": {
            "month": "2019-01",
            "price": "47.14",
            "revenue": 371214
        },
        "2019-02": {
            "month": "2019-02",
            "price": "49.94",
            "revenue": 230397
        },
        "2019-03": {
            "month": "2019-03",
            "price": "52.56",
            "revenue": 319745
        },
        "2019-04": {
            "month": "2019-04",
            "price": "58.84",
            "revenue": 315568
        },
        "2019-05": {
            "month": "2019-05",
            "price": "57.42",
            "revenue": 306224
        },
        "2019-06": {
            "month": "2019-06",
            "price": "57.15",
            "revenue": 280602
        },
        "2019-07": {
            "month": "2019-07",
            "price": "58.84",
            "revenue": 311394
        },
        "2019-08": {
            "month": "2019-08",
            "price": "55.48",
            "revenue": 317437
        },
        "2019-09": {
            "month": "2019-09",
            "price": "50.32",
            "revenue": 223538
        },
        "2019-10": {
            "month": "2019-10",
            "price": "48.93",
            "revenue": 243075
        },
        "2019-11": {
            "month": "2019-11",
            "price": "49.48",
            "revenue": 236451
        },
        "2019-12": {
            "month": "2019-12",
            "price": "49.68",
            "revenue": 308438
        },
        "2020-01": {
            "month": "2020-01",
            "price": "48.82",
            "revenue": 274371
        },
        "2020-02": {
            "month": "2020-02",
            "price": "46.84",
            "revenue": 286395
        },
        "2020-03": {
            "month": "2020-03",
            "price": "40.66",
            "revenue": 310571
        },
        "2020-04": {
            "month": "2020-04",
            "price": "40.48",
            "revenue": 253386
        },
        "2020-05": {
            "month": "2020-05",
            "price": "40.93",
            "revenue": 285485
        },
        "2020-06": {
            "month": "2020-06",
            "price": "40.94",
            "revenue": 248196
        },
        "2020-07": {
            "month": "2020-07",
            "price": "39.79",
            "revenue": 301298
        },
        "2020-08": {
            "month": "2020-08",
            "price": "39.73",
            "revenue": 318383
        },
        "2020-09": {
            "month": "2020-09",
            "price": "38.83",
            "revenue": 323881
        },
        "2020-10": {
            "month": "2020-10",
            "price": "39.06",
            "revenue": 298915
        },
        "2020-11": {
            "month": "2020-11",
            "price": "41.17",
            "revenue": 284799
        },
        "2020-12": {
            "month": "2020-12",
            "price": "41.94",
            "revenue": 403633
        },
        "2021-01": {
            "month": "2021-01",
            "price": "43.12",
            "revenue": 344093
        },
        "2021-02": {
            "month": "2021-02",
            "price": "43.86",
            "revenue": 335250
        },
        "2021-03": {
            "month": "2021-03",
            "price": "46.68",
            "revenue": 433439
        },
        "2021-04": {
            "month": "2021-04",
            "price": "52.01",
            "revenue": 335787
        },
        "2021-05": {
            "month": "2021-05",
            "price": "45.98",
            "revenue": 443928
        },
        "2021-06": {
            "month": "2021-06",
            "price": "49.17",
            "revenue": 417884
        },
        "2021-07": {
            "month": "2021-07",
            "price": "51.22",
            "revenue": 433095
        },
        "2021-08": {
            "month": "2021-08",
            "price": "47.49",
            "revenue": 383380
        },
        "2021-09": {
            "month": "2021-09",
            "price": "45.50",
            "revenue": 364062
        },
        "2021-10": {
            "month": "2021-10",
            "price": "42.48",
            "revenue": 314176
        },
        "2021-11": {
            "month": "2021-11",
            "price": "42.98",
            "revenue": 354865
        },
        "2021-12": {
            "month": "2021-12",
            "price": "42.77",
            "revenue": 324779
        },
        "2022-01": {
            "month": "2022-01",
            "price": "43.04",
            "revenue": 435041
        },
        "2022-02": {
            "month": "2022-02",
            "price": "42.13",
            "revenue": 263381
        },
        "2022-03": {
            "month": "2022-03",
            "price": "41.38",
            "revenue": 476021
        },
        "2022-04": {
            "month": "2022-04",
            "price": "42.32",
            "revenue": 360476
        },
        "2022-05": {
            "month": "2022-05",
            "price": "43.29",
            "revenue": 430590
        },
        "2022-06": {
            "month": "2022-06",
            "price": "46.32",
            "revenue": 335713
        },
        "2022-07": {
            "month": "2022-07",
            "price": "41.99",
            "revenue": 304470
        },
        "2022-08": {
            "month": "2022-08",
            "price": "42.79",
            "revenue": 318364
        },
        "2022-09": {
            "month": "2022-09",
            "price": "41.88",
            "revenue": 287717
        },
        "2022-10": {
            "month": "2022-10",
            "price": "39.03",
            "revenue": 209171
        },
        "2022-11": {
            "month": "2022-11",
            "price": "40.84",
            "revenue": 284560
        },
        "2022-12": {
            "month": "2022-12",
            "price": "41.40",
            "revenue": 213173
        },
        "2023-01": {
            "month": "2023-01",
            "price": "41.37",
            "revenue": 273295
        },
        "2023-02": {
            "month": "2023-02",
            "price": "42.81",
            "revenue": 220866
        },
        "2023-03": {
            "month": "2023-03",
            "price": "43.69",
            "revenue": 306736
        },
        "2023-04": {
            "month": "2023-04",
            "price": "42.54",
            "revenue": 204088
        },
        "2023-05": {
            "month": "2023-05",
            "price": "41.98",
            "revenue": 215660
        },
        "2023-06": {
            "month": "2023-06",
            "price": "42.02",
            "revenue": 200096
        },
        "2023-07": {
            "month": "2023-07",
            "price": "41.62",
            "revenue": 201096
        },
        "2023-08": {
            "month": "2023-08",
            "price": "40.57",
            "revenue": 266274
        },
        "2023-09": {
            "month": "2023-09",
            "price": "39.75",
            "revenue": 233099
        },
        "2023-10": {
            "month": "2023-10",
            "price": "39.12",
            "revenue": 200496
        },
        "2023-11": {
            "month": "2023-11",
            "price": "39.93",
            "revenue": 273670
        },
        "2023-12": {
            "month": "2023-12",
            "price": "41.05",
            "revenue": 188734
        }
    }
}
