{
    "summary": {
        "stock_name": "恩德",
        "stock_id": "1528",
        "category": "電機機械",
        "main_business": "金屬及非金屬電腦數控加工中心<br>PCB電子機械<br>刀具.板材及其他",
        "website_url": "http://www.anderson.com.tw",
        "ceo": "李明哲",
        "pe_ratio": 22,
        "report_year_from": 2001,
        "report_year_to": 2023,
        "age": 22,
        "eps_negative_percentage": 22,
        "eps_growth_avg": {
            "last_all": -13.36,
            "last_2y": -29.57,
            "last_4y": -61.98,
            "last_8y": -62.11,
            "last_12y": -28.8,
            "last_16y": -23.58,
            "last_20y": -13.36,
            "at_2006_last_3y": 68.91,
            "at_2007_last_3y": 50.84,
            "at_2008_last_3y": 24.26,
            "at_2009_last_3y": -10.52,
            "at_2010_last_3y": -8.12,
            "at_2011_last_3y": -0.68,
            "at_2012_last_3y": 6.47,
            "at_2013_last_3y": 21.17,
            "at_2014_last_3y": -25.06,
            "at_2015_last_3y": -56.66,
            "at_2016_last_3y": -55.09,
            "at_2017_last_3y": -62.24,
            "at_2018_last_3y": -52.72,
            "at_2019_last_3y": -52.72,
            "at_2020_last_3y": -52.72,
            "at_2021_last_3y": -78.18,
            "at_2022_last_3y": -64.78,
            "at_2023_last_3y": -64.78,
            "at_2006_last_all": 68.91,
            "at_2007_last_all": 50.84,
            "at_2008_last_all": 22.67,
            "at_2009_last_all": 12.37,
            "at_2010_last_all": 24.89,
            "at_2011_last_all": 25.08,
            "at_2012_last_all": 15.47,
            "at_2013_last_all": 15.89,
            "at_2014_last_all": 6.73,
            "at_2015_last_all": -2.17,
            "at_2016_last_all": -2.17,
            "at_2017_last_all": -2.14,
            "at_2018_last_all": -6.01,
            "at_2019_last_all": -12.28,
            "at_2020_last_all": -12.28,
            "at_2021_last_all": -12.28,
            "at_2022_last_all": -13.36,
            "at_2023_last_all": -13.36
        },
        "latest_eps": 0.79,
        "latest_price": 17.55,
        "latest_roe": 5.96,
        "latest_gross_margin": 28.85,
        "latest_equity": 2518881,
        "latest_revenue": 931763,
        "latest_gross_profit": 268851,
        "latest_net_income": 10385,
        "latest_debt_ratio": 53.14,
        "latest_current_ratio": 155.56,
        "latest_account_receivable_turnover_ratio": 1.03,
        "latest_inventory_turnover_ratio": 0.43,
        "latest_reinvestment_rate": null,
        "latest_research_to_sale_ratio": 2.05
    },
    "eps_dividends": {
        "1997": {
            "cash": 0,
            "stock": 1.5,
            "eps": 0
        },
        "1998": {
            "cash": 0,
            "stock": 2,
            "eps": 0
        },
        "1999": {
            "cash": 1,
            "stock": 1.5,
            "eps": 0
        },
        "2000": {
            "cash": 1,
            "stock": 1.5,
            "eps": 0
        },
        "2001": {
            "cash": 1,
            "stock": 1,
            "eps": -0.08
        },
        "2002": {
            "cash": 0.24,
            "stock": 0.25,
            "eps": -0.59
        },
        "2003": {
            "cash": 0,
            "stock": 0,
            "eps": 0.49
        },
        "2004": {
            "cash": 0,
            "stock": 0,
            "eps": 0.57
        },
        "2005": {
            "cash": 0.3,
            "stock": 0.25,
            "eps": 1.25
        },
        "2006": {
            "cash": 0.3,
            "stock": 0.7,
            "eps": 2.38
        },
        "2007": {
            "cash": 1.3,
            "stock": 0.4,
            "eps": 2.3
        },
        "2008": {
            "cash": 1.06,
            "stock": 0.53,
            "eps": 0.23
        },
        "2009": {
            "cash": 0.14,
            "stock": 0.22,
            "eps": 0.14
        },
        "2010": {
            "cash": 0.23,
            "stock": 0.2,
            "eps": 1.25
        },
        "2011": {
            "cash": 1.37,
            "stock": 0.65,
            "eps": 1.58
        },
        "2012": {
            "cash": 0,
            "stock": 0,
            "eps": 0.61
        },
        "2013": {
            "cash": 0.55,
            "stock": 0,
            "eps": 0.73
        },
        "2014": {
            "cash": 0.6,
            "stock": 0,
            "eps": 0.11
        },
        "2015": {
            "cash": 0.1,
            "stock": 0,
            "eps": -0.23
        },
        "2016": {
            "cash": 0.1,
            "stock": 0,
            "eps": 0.56
        },
        "2017": {
            "cash": 0.5,
            "stock": 0,
            "eps": 0.55
        },
        "2018": {
            "cash": 0.5,
            "stock": 0,
            "eps": 0.24
        },
        "2019": {
            "cash": 0.2,
            "stock": 0,
            "eps": -1.4
        },
        "2020": {
            "cash": 0.1,
            "stock": 0,
            "eps": -0.62
        },
        "2021": {
            "cash": 0.1,
            "stock": 0,
            "eps": 1.15
        },
        "2022": {
            "cash": 0.1,
            "stock": 0,
            "eps": 0.81
        },
        "2023": {
            "cash": 0.1,
            "stock": 0,
            "eps": 0.07
        }
    },
    "dividends": {
        "1997-06-14": {
            "cash": 0,
            "stock": 1.5
        },
        "1998-05-02": {
            "cash": 0,
            "stock": 2
        },
        "1999-06-08": {
            "cash": 1,
            "stock": 1.5
        },
        "2000-06-17": {
            "cash": 1,
            "stock": 1.5
        },
        "2001-05-08": {
            "cash": 1,
            "stock": 1
        },
        "2002-06-20": {
            "cash": 0.24,
            "stock": 0.25
        },
        "2005-06-23": {
            "cash": 0.3,
            "stock": 0.25
        },
        "2006-04-25": {
            "cash": 0.3,
            "stock": 0.7
        },
        "2007-04-24": {
            "cash": 1.3,
            "stock": 0.4
        },
        "2008-04-23": {
            "cash": 1.06,
            "stock": 0.53
        },
        "2009-03-31": {
            "cash": 0.14,
            "stock": 0.22
        },
        "2010-04-27": {
            "cash": 0.23,
            "stock": 0.2
        },
        "2011-01-01": {
            "cash": 0.6,
            "stock": 0.43
        },
        "2011-04-22": {
            "cash": 0.77,
            "stock": 0.22
        },
        "2013-03-27": {
            "cash": 0.55,
            "stock": 0
        },
        "2014-06-06": {
            "cash": 0.6,
            "stock": 0
        },
        "2015-08-12": {
            "cash": 0.1,
            "stock": 0
        },
        "2016-07-21": {
            "cash": 0.1,
            "stock": 0
        },
        "2017-09-06": {
            "cash": 0.5,
            "stock": 0
        },
        "2018-09-06": {
            "cash": 0.5,
            "stock": 0
        },
        "2019-08-22": {
            "cash": 0.2,
            "stock": 0
        },
        "2020-10-21": {
            "cash": 0.1,
            "stock": 0
        },
        "2021-09-17": {
            "cash": 0.1,
            "stock": 0
        },
        "2022-09-16": {
            "cash": 0.1,
            "stock": 0
        },
        "2023-03-08": {
            "cash": 0.1,
            "stock": 0
        }
    },
    "prices": {
        "200101": "18.16",
        "200102": "19.77",
        "200103": "21.32",
        "200104": "20.52",
        "200105": "16.24",
        "200106": "14.78",
        "200107": "11.45",
        "200108": "8.76",
        "200109": "7.53",
        "200110": "7.44",
        "200111": "7.43",
        "200112": "7.90",
        "200201": "8.23",
        "200202": "8.64",
        "200203": "9.04",
        "200204": "10.76",
        "200205": "9.20",
        "200206": "9.13",
        "200207": "8.56",
        "200208": "7.54",
        "200209": "6.72",
        "200210": "6.68",
        "200211": "7.29",
        "200212": "8.32",
        "200301": "9.29",
        "200302": "10.08",
        "200303": "9.70",
        "200304": "8.41",
        "200305": "7.40",
        "200306": "9.16",
        "200307": "10.03",
        "200308": "8.90",
        "200309": "8.60",
        "200310": "8.98",
        "200311": "10.90",
        "200312": "12.00",
        "200401": "11.70",
        "200402": "13.15",
        "200403": "12.00",
        "200404": "11.32",
        "200405": "9.26",
        "200406": "8.57",
        "200407": "8.02",
        "200408": "7.97",
        "200409": "8.58",
        "200410": "8.81",
        "200411": "8.84",
        "200412": "8.75",
        "200501": "8.76",
        "200502": "8.53",
        "200503": "8.49",
        "200504": "8.18",
        "200505": "8.63",
        "200506": "9.50",
        "200507": "11.86",
        "200508": "11.23",
        "200509": "10.23",
        "200510": "9.13",
        "200511": "9.47",
        "200512": "10.85",
        "200601": "11.86",
        "200602": "11.65",
        "200603": "11.44",
        "200604": "12.35",
        "200605": "14.20",
        "200606": "13.26",
        "200607": "13.79",
        "200608": "14.17",
        "200609": "14.51",
        "200610": "15.11",
        "200611": "16.78",
        "200612": "16.65",
        "200701": "18.10",
        "200702": "18.09",
        "200703": "20.27",
        "200704": "21.48",
        "200705": "20.25",
        "200706": "21.41",
        "200707": "24.57",
        "200708": "22.00",
        "200709": "21.54",
        "200710": "22.12",
        "200711": "20.18",
        "200712": "18.41",
        "200801": "16.77",
        "200802": "16.68",
        "200803": "17.52",
        "200804": "17.92",
        "200805": "16.82",
        "200806": "15.78",
        "200807": "15.22",
        "200808": "14.24",
        "200809": "10.88",
        "200810": "7.91",
        "200811": "6.96",
        "200812": "6.85",
        "200901": "6.34",
        "200902": "6.00",
        "200903": "7.05",
        "200904": "8.18",
        "200905": "8.67",
        "200906": "8.48",
        "200907": "8.99",
        "200908": "9.34",
        "200909": "9.20",
        "200910": "10.15",
        "200911": "10.87",
        "200912": "10.75",
        "201001": "11.60",
        "201002": "10.64",
        "201003": "11.71",
        "201004": "15.91",
        "201005": "14.98",
        "201006": "14.53",
        "201007": "14.80",
        "201008": "16.18",
        "201009": "17.01",
        "201010": "17.05",
        "201011": "16.03",
        "201012": "16.34",
        "201101": "16.55",
        "201102": "15.71",
        "201103": "15.22",
        "201104": "16.59",
        "201105": "19.65",
        "201106": "19.01",
        "201107": "18.75",
        "201108": "15.99",
        "201109": "15.25",
        "201110": "15.12",
        "201111": "14.92",
        "201112": "13.93",
        "201201": "13.47",
        "201202": "15.21",
        "201203": "15.19",
        "201204": "13.55",
        "201205": "11.99",
        "201206": "11.50",
        "201207": "11.62",
        "201208": "11.74",
        "201209": "11.40",
        "201210": "10.25",
        "201211": "9.91",
        "201212": "10.13",
        "201301": "10.46",
        "201302": "11.95",
        "201303": "12.50",
        "201304": "12.86",
        "201305": "14.09",
        "201306": "14.83",
        "201307": "15.49",
        "201308": "16.15",
        "201309": "15.37",
        "201310": "14.54",
        "201311": "13.83",
        "201312": "14.36",
        "201401": "15.06",
        "201402": "15.16",
        "201403": "15.13",
        "201404": "15.02",
        "201405": "15.01",
        "201406": "14.69",
        "201407": "13.78",
        "201408": "13.14",
        "201409": "12.89",
        "201410": "11.64",
        "201411": "11.17",
        "201412": "11.30",
        "201501": "11.12",
        "201502": "11.13",
        "201503": "11.40",
        "201504": "11.25",
        "201505": "10.37",
        "201506": "9.04",
        "201507": "8.73",
        "201508": "8.06",
        "201509": "9.02",
        "201510": "9.82",
        "201511": "9.38",
        "201512": "9.15",
        "201601": "8.39",
        "201602": "9.02",
        "201603": "9.43",
        "201604": "10.17",
        "201605": "9.58",
        "201606": "10.20",
        "201607": "10.54",
        "201608": "10.43",
        "201609": "10.14",
        "201610": "10.80",
        "201611": "10.21",
        "201612": "10.07",
        "201701": "10.10",
        "201702": "10.66",
        "201703": "10.64",
        "201704": "10.81",
        "201705": "10.33",
        "201706": "10.32",
        "201707": "10.39",
        "201708": "11.13",
        "201709": "11.78",
        "201710": "11.40",
        "201711": "13.70",
        "201712": "14.42",
        "201801": "14.48",
        "201802": "14.42",
        "201803": "15.93",
        "201804": "16.01",
        "201805": "16.34",
        "201806": "15.85",
        "201807": "14.43",
        "201808": "13.33",
        "201809": "12.38",
        "201810": "10.84",
        "201811": "10.10",
        "201812": "10.24",
        "201901": "10.10",
        "201902": "10.28",
        "201903": "10.33",
        "201904": "10.13",
        "201905": "9.50",
        "201906": "9.31",
        "201907": "9.43",
        "201908": "9.37",
        "201909": "9.24",
        "201910": "8.99",
        "201911": "8.83",
        "201912": "9.06",
        "202001": "9.04",
        "202002": "8.03",
        "202003": "6.41",
        "202004": "6.50",
        "202005": "7.57",
        "202006": "7.78",
        "202007": "7.89",
        "202008": "7.88",
        "202009": "8.29",
        "202010": "8.08",
        "202011": "8.10",
        "202012": "9.18",
        "202101": "10.01",
        "202102": "9.55",
        "202103": "10.08",
        "202104": "11.07",
        "202105": "9.98",
        "202106": "11.07",
        "202107": "12.00",
        "202108": "11.07",
        "202109": "10.72",
        "202110": "10.54",
        "202111": "11.20",
        "202112": "11.64",
        "202201": "11.11",
        "202202": "10.87",
        "202203": "10.01",
        "202204": "9.48",
        "202205": "9.57",
        "202206": "9.86",
        "202207": "9.28",
        "202208": "10.40",
        "202209": "10.46",
        "202210": "9.21",
        "202211": "9.45",
        "202212": "10.15",
        "202301": "9.98",
        "202302": "10.32",
        "202303": "10.69",
        "202304": "11.48",
        "202305": "12.05",
        "202306": "14.08"
    },
    "quarters": {
        "20011": {
            "year_quarter": 20011,
            "year": 2001,
            "quarter": 1,
            "eps": 0.19,
            "eps_growth_year": -50,
            "eps_4q": 1.38,
            "eps_4q_growth_year": -21.02,
            "roe": 1.14,
            "roe_4q": 1.14,
            "gross_profit": 102075,
            "gross_margin": 19.44,
            "gross_margin_4q_avg": 19.44,
            "net_income": 13462,
            "revenue": 524970,
            "common_shares": 719000,
            "book_valuer_per_share": 16.46,
            "book_valuer_per_share_4q_avg": 16.46,
            "equity": 1183590,
            "current_ratio": 179.19,
            "debt_ratio": 48.03,
            "inventory_turnover_ratio": 0.6,
            "account_receivable_turnover_ratio": null,
            "reinvestment_rate": null,
            "research_to_sale_ratio": null,
            "price_fair": 0,
            "eps_avg_yearly": 0,
            "eps_latest_yearly": 0,
            "eps_growth_yearly": 0
        },
        "20012": {
            "year_quarter": 20012,
            "year": 2001,
            "quarter": 2,
            "eps": 0.22,
            "eps_growth_year": -71.05,
            "eps_4q": 0.88,
            "eps_4q_growth_year": -54.79,
            "roe": 1.54,
            "roe_4q": 2.6799999999999997,
            "gross_profit": 107385,
            "gross_margin": 21.34,
            "gross_margin_4q_avg": 20.39,
            "net_income": 17875,
            "revenue": 503242,
            "common_shares": 719000,
            "book_valuer_per_share": 15.78,
            "book_valuer_per_share_4q_avg": 16.12,
            "equity": 1134272,
            "current_ratio": 164.47,
            "debt_ratio": 50.4,
            "inventory_turnover_ratio": 0.74,
            "account_receivable_turnover_ratio": null,
            "reinvestment_rate": null,
            "research_to_sale_ratio": null,
            "price_fair": 0,
            "eps_avg_yearly": 0,
            "eps_latest_yearly": 0,
            "eps_growth_yearly": 0
        },
        "20013": {
            "year_quarter": 20013,
            "year": 2001,
            "quarter": 3,
            "eps": -0.19,
            "eps_growth_year": -135.85,
            "eps_4q": 0.3,
            "eps_4q_growth_year": -85.09,
            "roe": -1.38,
            "roe_4q": 1.3,
            "gross_profit": 85659,
            "gross_margin": 21.16,
            "gross_margin_4q_avg": 20.65,
            "net_income": -15565,
            "revenue": 404727,
            "common_shares": 800000,
            "book_valuer_per_share": 14.07,
            "book_valuer_per_share_4q_avg": 15.44,
            "equity": 1125460,
            "current_ratio": 162.28,
            "debt_ratio": 50.39,
            "inventory_turnover_ratio": 0.65,
            "account_receivable_turnover_ratio": null,
            "reinvestment_rate": null,
            "research_to_sale_ratio": null,
            "price_fair": 0,
            "eps_avg_yearly": 0,
            "eps_latest_yearly": 0,
            "eps_growth_yearly": 0
        },
        "20014": {
            "year_quarter": 20014,
            "year": 2001,
            "quarter": 4,
            "eps": -0.3,
            "eps_growth_year": -350,
            "eps_4q": 0.01,
            "eps_4q_growth_year": -99.34,
            "roe": -1.38,
            "roe_4q": -0.07999999999999985,
            "gross_profit": 78972,
            "gross_margin": 17.86,
            "gross_margin_4q_avg": 19.95,
            "net_income": -15265,
            "revenue": 442162,
            "common_shares": 800000,
            "book_valuer_per_share": 13.61,
            "book_valuer_per_share_4q_avg": 14.98,
            "equity": 1088887,
            "current_ratio": 153.88,
            "debt_ratio": 56.28,
            "inventory_turnover_ratio": 0.56,
            "account_receivable_turnover_ratio": null,
            "reinvestment_rate": null,
            "research_to_sale_ratio": null,
            "price_fair": 0,
            "eps_avg_yearly": 0,
            "eps_latest_yearly": 0,
            "eps_growth_yearly": 0
        },
        "20021": {
            "year_quarter": 20021,
            "year": 2002,
            "quarter": 1,
            "eps": -0.28,
            "eps_growth_year": -247.37,
            "eps_4q": -0.45,
            "eps_4q_growth_year": -132.4,
            "roe": -2.02,
            "roe_4q": -3.2399999999999993,
            "gross_profit": 75984,
            "gross_margin": 17.55,
            "gross_margin_4q_avg": 19.48,
            "net_income": -21760,
            "revenue": 432872,
            "common_shares": 800000,
            "book_valuer_per_share": 13.33,
            "book_valuer_per_share_4q_avg": 14.2,
            "equity": 1066436,
            "current_ratio": 167.07,
            "debt_ratio": 49.71,
            "inventory_turnover_ratio": 0.56,
            "account_receivable_turnover_ratio": null,
            "reinvestment_rate": null,
            "research_to_sale_ratio": null,
            "price_fair": 0,
            "eps_avg_yearly": 0,
            "eps_latest_yearly": 0,
            "eps_growth_yearly": 0
        },
        "20022": {
            "year_quarter": 20022,
            "year": 2002,
            "quarter": 2,
            "eps": -0.03,
            "eps_growth_year": -113.64,
            "eps_4q": -0.69,
            "eps_4q_growth_year": -178.65,
            "roe": -0.25,
            "roe_4q": -5.029999999999999,
            "gross_profit": 104954,
            "gross_margin": 18.04,
            "gross_margin_4q_avg": 18.65,
            "net_income": -2662,
            "revenue": 581670,
            "common_shares": 800000,
            "book_valuer_per_share": 13.09,
            "book_valuer_per_share_4q_avg": 13.53,
            "equity": 1047116,
            "current_ratio": 157.34,
            "debt_ratio": 54.3,
            "inventory_turnover_ratio": 0.96,
            "account_receivable_turnover_ratio": null,
            "reinvestment_rate": null,
            "research_to_sale_ratio": null,
            "price_fair": 0,
            "eps_avg_yearly": 0,
            "eps_latest_yearly": 0,
            "eps_growth_yearly": 0
        },
        "20023": {
            "year_quarter": 20023,
            "year": 2002,
            "quarter": 3,
            "eps": 0.02,
            "eps_growth_year": null,
            "eps_4q": -0.42,
            "eps_4q_growth_year": -237.98,
            "roe": 0.17,
            "roe_4q": -3.48,
            "gross_profit": 102160,
            "gross_margin": 17.49,
            "gross_margin_4q_avg": 17.74,
            "net_income": 1822,
            "revenue": 584055,
            "common_shares": 820000,
            "book_valuer_per_share": 12.84,
            "book_valuer_per_share_4q_avg": 13.22,
            "equity": 1052945,
            "current_ratio": 147.22,
            "debt_ratio": 55.31,
            "inventory_turnover_ratio": 0.89,
            "account_receivable_turnover_ratio": null,
            "reinvestment_rate": null,
            "research_to_sale_ratio": null,
            "price_fair": 0,
            "eps_avg_yearly": 0,
            "eps_latest_yearly": 0,
            "eps_growth_yearly": 0
        },
        "20024": {
            "year_quarter": 20024,
            "year": 2002,
            "quarter": 4,
            "eps": -0.3,
            "eps_growth_year": null,
            "eps_4q": -0.59,
            "eps_4q_growth_year": -6000,
            "roe": -2.37,
            "roe_4q": -4.470000000000001,
            "gross_profit": 103622,
            "gross_margin": 16.22,
            "gross_margin_4q_avg": 17.33,
            "net_income": -24234,
            "revenue": 638840,
            "common_shares": 820000,
            "book_valuer_per_share": 12.14,
            "book_valuer_per_share_4q_avg": 12.85,
            "equity": 995447,
            "current_ratio": 132.68,
            "debt_ratio": 61.47,
            "inventory_turnover_ratio": 0.8,
            "account_receivable_turnover_ratio": null,
            "reinvestment_rate": 155.83,
            "research_to_sale_ratio": null,
            "price_fair": 0,
            "eps_avg_yearly": 0,
            "eps_latest_yearly": 0,
            "eps_growth_yearly": 0
        },
        "20031": {
            "year_quarter": 20031,
            "year": 2003,
            "quarter": 1,
            "eps": 0.01,
            "eps_growth_year": null,
            "eps_4q": -0.42,
            "eps_4q_growth_year": null,
            "roe": 0.06,
            "roe_4q": -2.39,
            "gross_profit": 87792,
            "gross_margin": 17.39,
            "gross_margin_4q_avg": 17.29,
            "net_income": 581,
            "revenue": 504744,
            "common_shares": 780000,
            "book_valuer_per_share": 12.52,
            "book_valuer_per_share_4q_avg": 12.65,
            "equity": 976426,
            "current_ratio": 134.62,
            "debt_ratio": 58.24,
            "inventory_turnover_ratio": 0.65,
            "account_receivable_turnover_ratio": null,
            "reinvestment_rate": 116.74,
            "research_to_sale_ratio": null,
            "price_fair": 0,
            "eps_avg_yearly": 0,
            "eps_latest_yearly": 0,
            "eps_growth_yearly": 0
        },
        "20032": {
            "year_quarter": 20032,
            "year": 2003,
            "quarter": 2,
            "eps": 0.14,
            "eps_growth_year": null,
            "eps_4q": -0.16,
            "eps_4q_growth_year": null,
            "roe": 1.07,
            "roe_4q": -1.07,
            "gross_profit": 115429,
            "gross_margin": 16.51,
            "gross_margin_4q_avg": 16.9,
            "net_income": 10302,
            "revenue": 699042,
            "common_shares": 780000,
            "book_valuer_per_share": 12.18,
            "book_valuer_per_share_4q_avg": 12.42,
            "equity": 950328,
            "current_ratio": 141.89,
            "debt_ratio": 63.27,
            "inventory_turnover_ratio": 1.17,
            "account_receivable_turnover_ratio": null,
            "reinvestment_rate": 130.33,
            "research_to_sale_ratio": null,
            "price_fair": 19.6,
            "eps_avg_yearly": 0.56,
            "eps_latest_yearly": 0.56,
            "eps_growth_yearly": 5200
        },
        "20033": {
            "year_quarter": 20033,
            "year": 2003,
            "quarter": 3,
            "eps": 0.28,
            "eps_growth_year": 1300,
            "eps_4q": 0.09,
            "eps_4q_growth_year": null,
            "roe": 2.1,
            "roe_4q": 0.8599999999999999,
            "gross_profit": 91223,
            "gross_margin": 15.2,
            "gross_margin_4q_avg": 16.33,
            "net_income": 20088,
            "revenue": 600092,
            "common_shares": 742000,
            "book_valuer_per_share": 12.99,
            "book_valuer_per_share_4q_avg": 12.46,
            "equity": 963993,
            "current_ratio": 144.44,
            "debt_ratio": 62.01,
            "inventory_turnover_ratio": 1.1,
            "account_receivable_turnover_ratio": null,
            "reinvestment_rate": 128.11,
            "research_to_sale_ratio": null,
            "price_fair": 29.4,
            "eps_avg_yearly": 0.84,
            "eps_latest_yearly": 1.12,
            "eps_growth_yearly": 2800
        },
        "20034": {
            "year_quarter": 20034,
            "year": 2003,
            "quarter": 4,
            "eps": 0.06,
            "eps_growth_year": null,
            "eps_4q": 0.46,
            "eps_4q_growth_year": null,
            "roe": 0.48,
            "roe_4q": 3.7100000000000004,
            "gross_profit": 96751,
            "gross_margin": 13.98,
            "gross_margin_4q_avg": 15.77,
            "net_income": 4665,
            "revenue": 691908,
            "common_shares": 742000,
            "book_valuer_per_share": 13.11,
            "book_valuer_per_share_4q_avg": 12.7,
            "equity": 972577,
            "current_ratio": 146.69,
            "debt_ratio": 64.33,
            "inventory_turnover_ratio": 1.11,
            "account_receivable_turnover_ratio": null,
            "reinvestment_rate": 184.02,
            "research_to_sale_ratio": null,
            "price_fair": 22.4,
            "eps_avg_yearly": 0.64,
            "eps_latest_yearly": 0.24,
            "eps_growth_yearly": 1761.9
        },
        "20041": {
            "year_quarter": 20041,
            "year": 2004,
            "quarter": 1,
            "eps": 0.08,
            "eps_growth_year": 700,
            "eps_4q": 0.59,
            "eps_4q_growth_year": null,
            "roe": 0.56,
            "roe_4q": 4.21,
            "gross_profit": 101038,
            "gross_margin": 17.35,
            "gross_margin_4q_avg": 15.76,
            "net_income": 5504,
            "revenue": 582271,
            "common_shares": 742000,
            "book_valuer_per_share": 13.45,
            "book_valuer_per_share_4q_avg": 12.93,
            "equity": 998247,
            "current_ratio": 144.2,
            "debt_ratio": 61.12,
            "inventory_turnover_ratio": 0.83,
            "account_receivable_turnover_ratio": null,
            "reinvestment_rate": 155.11,
            "research_to_sale_ratio": null,
            "price_fair": 19.6,
            "eps_avg_yearly": 0.56,
            "eps_latest_yearly": 0.32,
            "eps_growth_yearly": 1354.76
        },
        "20042": {
            "year_quarter": 20042,
            "year": 2004,
            "quarter": 2,
            "eps": 0.1,
            "eps_growth_year": -28.57,
            "eps_4q": 0.5,
            "eps_4q_growth_year": null,
            "roe": 0.76,
            "roe_4q": 3.9000000000000004,
            "gross_profit": 122612,
            "gross_margin": 17.3,
            "gross_margin_4q_avg": 15.96,
            "net_income": 7639,
            "revenue": 708893,
            "common_shares": 742000,
            "book_valuer_per_share": 13.61,
            "book_valuer_per_share_4q_avg": 13.29,
            "equity": 1010009,
            "current_ratio": 153.1,
            "debt_ratio": 61.54,
            "inventory_turnover_ratio": 1.05,
            "account_receivable_turnover_ratio": null,
            "reinvestment_rate": 269.45,
            "research_to_sale_ratio": null,
            "price_fair": 18.48,
            "eps_avg_yearly": 0.53,
            "eps_latest_yearly": 0.4,
            "eps_growth_yearly": 1103.81
        },
        "20043": {
            "year_quarter": 20043,
            "year": 2004,
            "quarter": 3,
            "eps": 0.26,
            "eps_growth_year": -7.14,
            "eps_4q": 0.5,
            "eps_4q_growth_year": 432.97,
            "roe": 1.89,
            "roe_4q": 3.69,
            "gross_profit": 143535,
            "gross_margin": 18.99,
            "gross_margin_4q_avg": 16.91,
            "net_income": 19253,
            "revenue": 755993,
            "common_shares": 742000,
            "book_valuer_per_share": 13.9,
            "book_valuer_per_share_4q_avg": 13.52,
            "equity": 1031278,
            "current_ratio": 155.9,
            "debt_ratio": 60.52,
            "inventory_turnover_ratio": 1,
            "account_receivable_turnover_ratio": null,
            "reinvestment_rate": 324.94,
            "research_to_sale_ratio": null,
            "price_fair": 21.47,
            "eps_avg_yearly": 0.61,
            "eps_latest_yearly": 1.04,
            "eps_growth_yearly": 1026.51
        },
        "20044": {
            "year_quarter": 20044,
            "year": 2004,
            "quarter": 4,
            "eps": 0.13,
            "eps_growth_year": 116.67,
            "eps_4q": 0.56,
            "eps_4q_growth_year": 22.48,
            "roe": 0.95,
            "roe_4q": 4.16,
            "gross_profit": 104367,
            "gross_margin": 15.73,
            "gross_margin_4q_avg": 17.34,
            "net_income": 9763,
            "revenue": 663621,
            "common_shares": 742000,
            "book_valuer_per_share": 13.86,
            "book_valuer_per_share_4q_avg": 13.71,
            "equity": 1028409,
            "current_ratio": 161.5,
            "debt_ratio": 61.13,
            "inventory_turnover_ratio": 0.81,
            "account_receivable_turnover_ratio": null,
            "reinvestment_rate": 333.89,
            "research_to_sale_ratio": null,
            "price_fair": 21,
            "eps_avg_yearly": 0.6,
            "eps_latest_yearly": 0.52,
            "eps_growth_yearly": 851.29
        },
        "20051": {
            "year_quarter": 20051,
            "year": 2005,
            "quarter": 1,
            "eps": 0.25,
            "eps_growth_year": 212.5,
            "eps_4q": 0.74,
            "eps_4q_growth_year": 25.3,
            "roe": 1.81,
            "roe_4q": 5.409999999999999,
            "gross_profit": 98927,
            "gross_margin": 16.87,
            "gross_margin_4q_avg": 17.22,
            "net_income": 18753,
            "revenue": 586513,
            "common_shares": 742000,
            "book_valuer_per_share": 14.05,
            "book_valuer_per_share_4q_avg": 13.86,
            "equity": 1042698,
            "current_ratio": 166.36,
            "debt_ratio": 56.27,
            "inventory_turnover_ratio": 0.72,
            "account_receivable_turnover_ratio": null,
            "reinvestment_rate": 221.94,
            "research_to_sale_ratio": null,
            "price_fair": 22.75,
            "eps_avg_yearly": 0.65,
            "eps_latest_yearly": 1,
            "eps_growth_yearly": 791.03
        },
        "20052": {
            "year_quarter": 20052,
            "year": 2005,
            "quarter": 2,
            "eps": 0.38,
            "eps_growth_year": 280,
            "eps_4q": 1.03,
            "eps_4q_growth_year": 107.79,
            "roe": 2.68,
            "roe_4q": 7.33,
            "gross_profit": 137619,
            "gross_margin": 17.61,
            "gross_margin_4q_avg": 17.3,
            "net_income": 27892,
            "revenue": 781515,
            "common_shares": 742000,
            "book_valuer_per_share": 14.03,
            "book_valuer_per_share_4q_avg": 13.96,
            "equity": 1041096,
            "current_ratio": 127.09,
            "debt_ratio": 56.05,
            "inventory_turnover_ratio": 1.16,
            "account_receivable_turnover_ratio": null,
            "reinvestment_rate": 138.99,
            "research_to_sale_ratio": null,
            "price_fair": 26.13,
            "eps_avg_yearly": 0.75,
            "eps_latest_yearly": 1.52,
            "eps_growth_yearly": 726.25
        },
        "20053": {
            "year_quarter": 20053,
            "year": 2005,
            "quarter": 3,
            "eps": 0.28,
            "eps_growth_year": 7.69,
            "eps_4q": 1.01,
            "eps_4q_growth_year": 101.97,
            "roe": 2.04,
            "roe_4q": 7.480000000000001,
            "gross_profit": 107766,
            "gross_margin": 16.12,
            "gross_margin_4q_avg": 16.58,
            "net_income": 21612,
            "revenue": 668429,
            "common_shares": 762000,
            "book_valuer_per_share": 14.15,
            "book_valuer_per_share_4q_avg": 14.02,
            "equity": 1078536,
            "current_ratio": 127.55,
            "debt_ratio": 56.97,
            "inventory_turnover_ratio": 1.01,
            "account_receivable_turnover_ratio": null,
            "reinvestment_rate": 48.51,
            "research_to_sale_ratio": null,
            "price_fair": 27.44,
            "eps_avg_yearly": 0.78,
            "eps_latest_yearly": 1.12,
            "eps_growth_yearly": 643.1
        },
        "20054": {
            "year_quarter": 20054,
            "year": 2005,
            "quarter": 4,
            "eps": 0.34,
            "eps_growth_year": 161.54,
            "eps_4q": 1.23,
            "eps_4q_growth_year": 119.01,
            "roe": 2.33,
            "roe_4q": 8.860000000000001,
            "gross_profit": 134870,
            "gross_margin": 16.63,
            "gross_margin_4q_avg": 16.81,
            "net_income": 26091,
            "revenue": 811091,
            "common_shares": 828462,
            "book_valuer_per_share": 14.04,
            "book_valuer_per_share_4q_avg": 14.07,
            "equity": 1163218,
            "current_ratio": 230.17,
            "debt_ratio": 53.76,
            "inventory_turnover_ratio": 1.03,
            "account_receivable_turnover_ratio": null,
            "reinvestment_rate": 19.44,
            "research_to_sale_ratio": null,
            "price_fair": 29.27,
            "eps_avg_yearly": 0.84,
            "eps_latest_yearly": 1.36,
            "eps_growth_yearly": 592.43
        },
        "20061": {
            "year_quarter": 20061,
            "year": 2006,
            "quarter": 1,
            "eps": 0.47,
            "eps_growth_year": 88,
            "eps_4q": 1.39,
            "eps_4q_growth_year": 87.83,
            "roe": 3.19,
            "roe_4q": 10.24,
            "gross_profit": 139608,
            "gross_margin": 19.8,
            "gross_margin_4q_avg": 17.54,
            "net_income": 38729,
            "revenue": 705098,
            "common_shares": 894923,
            "book_valuer_per_share": 14.16,
            "book_valuer_per_share_4q_avg": 14.1,
            "equity": 1267485,
            "current_ratio": 210.28,
            "debt_ratio": 50.26,
            "inventory_turnover_ratio": 0.9,
            "account_receivable_turnover_ratio": null,
            "reinvestment_rate": 26.91,
            "research_to_sale_ratio": null,
            "price_fair": 32.32,
            "eps_avg_yearly": 0.92,
            "eps_latest_yearly": 1.88,
            "eps_growth_yearly": 555.81
        },
        "20062": {
            "year_quarter": 20062,
            "year": 2006,
            "quarter": 2,
            "eps": 0.67,
            "eps_growth_year": 76.32,
            "eps_4q": 1.67,
            "eps_4q_growth_year": 61.57,
            "roe": 4.55,
            "roe_4q": 12.11,
            "gross_profit": 166419,
            "gross_margin": 20.33,
            "gross_margin_4q_avg": 18.22,
            "net_income": 58171,
            "revenue": 818580,
            "common_shares": 894923,
            "book_valuer_per_share": 14.39,
            "book_valuer_per_share_4q_avg": 14.19,
            "equity": 1287490,
            "current_ratio": 195.83,
            "debt_ratio": 51.62,
            "inventory_turnover_ratio": 1.29,
            "account_receivable_turnover_ratio": null,
            "reinvestment_rate": 19.96,
            "research_to_sale_ratio": null,
            "price_fair": 37.05,
            "eps_avg_yearly": 1.06,
            "eps_latest_yearly": 2.68,
            "eps_growth_yearly": 526.14
        },
        "20063": {
            "year_quarter": 20063,
            "year": 2006,
            "quarter": 3,
            "eps": 0.68,
            "eps_growth_year": 142.86,
            "eps_4q": 1.99,
            "eps_4q_growth_year": 96.95,
            "roe": 4.82,
            "roe_4q": 14.89,
            "gross_profit": 165316,
            "gross_margin": 22.26,
            "gross_margin_4q_avg": 19.76,
            "net_income": 63804,
            "revenue": 742571,
            "common_shares": 894923,
            "book_valuer_per_share": 15.21,
            "book_valuer_per_share_4q_avg": 14.45,
            "equity": 1360800,
            "current_ratio": 184.44,
            "debt_ratio": 50.64,
            "inventory_turnover_ratio": 1.16,
            "account_receivable_turnover_ratio": null,
            "reinvestment_rate": 3.04,
            "research_to_sale_ratio": null,
            "price_fair": 41.2,
            "eps_avg_yearly": 1.18,
            "eps_latest_yearly": 2.72,
            "eps_growth_yearly": 488.99
        },
        "20064": {
            "year_quarter": 20064,
            "year": 2006,
            "quarter": 4,
            "eps": 0.56,
            "eps_growth_year": 64.71,
            "eps_4q": 2.27,
            "eps_4q_growth_year": 84.72,
            "roe": 3.78,
            "roe_4q": 16.34,
            "gross_profit": 114199,
            "gross_margin": 17,
            "gross_margin_4q_avg": 19.85,
            "net_income": 52593,
            "revenue": 671786,
            "common_shares": 960000,
            "book_valuer_per_share": 14.75,
            "book_valuer_per_share_4q_avg": 14.63,
            "equity": 1423941,
            "current_ratio": 217.31,
            "debt_ratio": 50.63,
            "inventory_turnover_ratio": 0.9,
            "account_receivable_turnover_ratio": null,
            "reinvestment_rate": -6.85,
            "research_to_sale_ratio": null,
            "price_fair": 43.68,
            "eps_avg_yearly": 1.25,
            "eps_latest_yearly": 2.24,
            "eps_growth_yearly": 451.68
        },
        "20071": {
            "year_quarter": 20071,
            "year": 2007,
            "quarter": 1,
            "eps": 0.47,
            "eps_growth_year": 0,
            "eps_4q": 2.28,
            "eps_4q_growth_year": 64.7,
            "roe": 3.12,
            "roe_4q": 16.27,
            "gross_profit": 127785,
            "gross_margin": 19.16,
            "gross_margin_4q_avg": 19.69,
            "net_income": 45205,
            "revenue": 666824,
            "common_shares": 960000,
            "book_valuer_per_share": 15.32,
            "book_valuer_per_share_4q_avg": 14.92,
            "equity": 1470371,
            "current_ratio": 163.56,
            "debt_ratio": 48.68,
            "inventory_turnover_ratio": 0.91,
            "account_receivable_turnover_ratio": null,
            "reinvestment_rate": -2.67,
            "research_to_sale_ratio": null,
            "price_fair": 45.06,
            "eps_avg_yearly": 1.29,
            "eps_latest_yearly": 1.88,
            "eps_growth_yearly": 419.44
        },
        "20072": {
            "year_quarter": 20072,
            "year": 2007,
            "quarter": 2,
            "eps": 0.85,
            "eps_growth_year": 26.87,
            "eps_4q": 2.46,
            "eps_4q_growth_year": 47.66,
            "roe": 5.86,
            "roe_4q": 17.58,
            "gross_profit": 123532,
            "gross_margin": 17.69,
            "gross_margin_4q_avg": 19.03,
            "net_income": 85354,
            "revenue": 698501,
            "common_shares": 960000,
            "book_valuer_per_share": 15.01,
            "book_valuer_per_share_4q_avg": 15.07,
            "equity": 1441372,
            "current_ratio": 163.75,
            "debt_ratio": 56.84,
            "inventory_turnover_ratio": 1.21,
            "account_receivable_turnover_ratio": null,
            "reinvestment_rate": 0.32,
            "research_to_sale_ratio": null,
            "price_fair": 51.28,
            "eps_avg_yearly": 1.47,
            "eps_latest_yearly": 3.4,
            "eps_growth_yearly": 114.65
        },
        "20073": {
            "year_quarter": 20073,
            "year": 2007,
            "quarter": 3,
            "eps": 0.57,
            "eps_growth_year": -16.18,
            "eps_4q": 2.34,
            "eps_4q_growth_year": 17.57,
            "roe": 3.61,
            "roe_4q": 16.37,
            "gross_profit": 149634,
            "gross_margin": 18.85,
            "gross_margin_4q_avg": 18.18,
            "net_income": 58960,
            "revenue": 793793,
            "common_shares": 1200000,
            "book_valuer_per_share": 15.19,
            "book_valuer_per_share_4q_avg": 15.07,
            "equity": 1822909,
            "current_ratio": 216.94,
            "debt_ratio": 42.66,
            "inventory_turnover_ratio": 1.3,
            "account_receivable_turnover_ratio": null,
            "reinvestment_rate": 3.82,
            "research_to_sale_ratio": null,
            "price_fair": 53.81,
            "eps_avg_yearly": 1.54,
            "eps_latest_yearly": 2.28,
            "eps_growth_yearly": 81.41
        },
        "20074": {
            "year_quarter": 20074,
            "year": 2007,
            "quarter": 4,
            "eps": 0.41,
            "eps_growth_year": -26.79,
            "eps_4q": 2.16,
            "eps_4q_growth_year": -4.95,
            "roe": 2.4,
            "roe_4q": 14.990000000000002,
            "gross_profit": 143560,
            "gross_margin": 17.25,
            "gross_margin_4q_avg": 18.24,
            "net_income": 44432,
            "revenue": 832273,
            "common_shares": 1200711,
            "book_valuer_per_share": 15.48,
            "book_valuer_per_share_4q_avg": 15.25,
            "equity": 1882862,
            "current_ratio": 220.5,
            "debt_ratio": 49.1,
            "inventory_turnover_ratio": 0.95,
            "account_receivable_turnover_ratio": null,
            "reinvestment_rate": 23.29,
            "research_to_sale_ratio": null,
            "price_fair": 56.88,
            "eps_avg_yearly": 1.63,
            "eps_latest_yearly": 1.64,
            "eps_growth_yearly": 94.04
        },
        "20081": {
            "year_quarter": 20081,
            "year": 2008,
            "quarter": 1,
            "eps": 0.01,
            "eps_growth_year": -97.87,
            "eps_4q": 13.3,
            "eps_4q_growth_year": 482.01,
            "roe": 0.01,
            "roe_4q": 11.879999999999999,
            "gross_profit": 185237,
            "gross_margin": 21.94,
            "gross_margin_4q_avg": 18.93,
            "net_income": 143,
            "revenue": 844247,
            "common_shares": 1201282,
            "book_valuer_per_share": 15.3,
            "book_valuer_per_share_4q_avg": 15.25,
            "equity": 1860813,
            "current_ratio": 214.83,
            "debt_ratio": 49.38,
            "inventory_turnover_ratio": 0.65,
            "account_receivable_turnover_ratio": null,
            "reinvestment_rate": 50.96,
            "research_to_sale_ratio": null,
            "price_fair": 56.26,
            "eps_avg_yearly": 1.61,
            "eps_latest_yearly": 0.04,
            "eps_growth_yearly": 61.32
        },
        "20082": {
            "year_quarter": 20082,
            "year": 2008,
            "quarter": 2,
            "eps": 0.16,
            "eps_growth_year": -81.18,
            "eps_4q": 1.03,
            "eps_4q_growth_year": -58.2,
            "roe": 1.08,
            "roe_4q": 7.1,
            "gross_profit": 190078,
            "gross_margin": 20.45,
            "gross_margin_4q_avg": 19.62,
            "net_income": 19268,
            "revenue": 929560,
            "common_shares": 1209682,
            "book_valuer_per_share": 14.06,
            "book_valuer_per_share_4q_avg": 15.01,
            "equity": 1723775,
            "current_ratio": 203.95,
            "debt_ratio": 54.68,
            "inventory_turnover_ratio": 0.7,
            "account_receivable_turnover_ratio": null,
            "reinvestment_rate": 56.22,
            "research_to_sale_ratio": null,
            "price_fair": 56.79,
            "eps_avg_yearly": 1.62,
            "eps_latest_yearly": 0.64,
            "eps_growth_yearly": 430.07
        },
        "20083": {
            "year_quarter": 20083,
            "year": 2008,
            "quarter": 3,
            "eps": 0.15,
            "eps_growth_year": -73.68,
            "eps_4q": 0.66,
            "eps_4q_growth_year": -71.96,
            "roe": 1.15,
            "roe_4q": 4.64,
            "gross_profit": 191950,
            "gross_margin": 21.48,
            "gross_margin_4q_avg": 20.28,
            "net_income": 19106,
            "revenue": 893779,
            "common_shares": 1270682,
            "book_valuer_per_share": 12.46,
            "book_valuer_per_share_4q_avg": 14.33,
            "equity": 1606311,
            "current_ratio": 210.08,
            "debt_ratio": 60.27,
            "inventory_turnover_ratio": 0.62,
            "account_receivable_turnover_ratio": null,
            "reinvestment_rate": 62.07,
            "research_to_sale_ratio": null,
            "price_fair": 55.83,
            "eps_avg_yearly": 1.6,
            "eps_latest_yearly": 0.6,
            "eps_growth_yearly": 388.5
        },
        "20084": {
            "year_quarter": 20084,
            "year": 2008,
            "quarter": 4,
            "eps": -0.09,
            "eps_growth_year": -121.95,
            "eps_4q": 0.27,
            "eps_4q_growth_year": -87.55,
            "roe": -0.82,
            "roe_4q": 1.4200000000000002,
            "gross_profit": 167090,
            "gross_margin": 26.15,
            "gross_margin_4q_avg": 22.51,
            "net_income": -12968,
            "revenue": 639069,
            "common_shares": 1150682,
            "book_valuer_per_share": 13.42,
            "book_valuer_per_share_4q_avg": 13.81,
            "equity": 1564929,
            "current_ratio": 217.92,
            "debt_ratio": 58.49,
            "inventory_turnover_ratio": 0.41,
            "account_receivable_turnover_ratio": 1.18,
            "reinvestment_rate": 39.28,
            "research_to_sale_ratio": null,
            "price_fair": 58.33,
            "eps_avg_yearly": 1.67,
            "eps_latest_yearly": 0.6,
            "eps_growth_yearly": 427.74
        },
        "20091": {
            "year_quarter": 20091,
            "year": 2009,
            "quarter": 1,
            "eps": 0.03,
            "eps_growth_year": 200,
            "eps_4q": 0.22,
            "eps_4q_growth_year": -98.35,
            "roe": 0.27,
            "roe_4q": 1.6800000000000002,
            "gross_profit": 78503,
            "gross_margin": 19.2,
            "gross_margin_4q_avg": 21.82,
            "net_income": 4199,
            "revenue": 408769,
            "common_shares": 1150682,
            "book_valuer_per_share": 13.64,
            "book_valuer_per_share_4q_avg": 13.4,
            "equity": 1590876,
            "current_ratio": 263.04,
            "debt_ratio": 52.93,
            "inventory_turnover_ratio": 0.31,
            "account_receivable_turnover_ratio": 0.41,
            "reinvestment_rate": 63.1,
            "research_to_sale_ratio": null,
            "price_fair": 60,
            "eps_avg_yearly": 1.71,
            "eps_latest_yearly": 0.6,
            "eps_growth_yearly": 431.92
        },
        "20092": {
            "year_quarter": 20092,
            "year": 2009,
            "quarter": 2,
            "eps": -0.11,
            "eps_growth_year": -168.75,
            "eps_4q": -0.01,
            "eps_4q_growth_year": -100.49,
            "roe": -0.51,
            "roe_4q": 0.08999999999999986,
            "gross_profit": 93413,
            "gross_margin": 22.17,
            "gross_margin_4q_avg": 22.25,
            "net_income": -7983,
            "revenue": 421358,
            "common_shares": 1150682,
            "book_valuer_per_share": 13.33,
            "book_valuer_per_share_4q_avg": 13.21,
            "equity": 1559434,
            "current_ratio": 252.78,
            "debt_ratio": 51.78,
            "inventory_turnover_ratio": 0.34,
            "account_receivable_turnover_ratio": 0.49,
            "reinvestment_rate": 65.26,
            "research_to_sale_ratio": null,
            "price_fair": 60.52,
            "eps_avg_yearly": 1.73,
            "eps_latest_yearly": 0.6,
            "eps_growth_yearly": 449.14
        },
        "20093": {
            "year_quarter": 20093,
            "year": 2009,
            "quarter": 3,
            "eps": 0.14,
            "eps_growth_year": -6.67,
            "eps_4q": -0.02,
            "eps_4q_growth_year": -103.64,
            "roe": 1.07,
            "roe_4q": 0.01000000000000012,
            "gross_profit": 144499,
            "gross_margin": 25.34,
            "gross_margin_4q_avg": 23.22,
            "net_income": 16868,
            "revenue": 570171,
            "common_shares": 1175682,
            "book_valuer_per_share": 13.26,
            "book_valuer_per_share_4q_avg": 13.41,
            "equity": 1584436,
            "current_ratio": 248.35,
            "debt_ratio": 51.57,
            "inventory_turnover_ratio": 0.46,
            "account_receivable_turnover_ratio": 0.67,
            "reinvestment_rate": 66.79,
            "research_to_sale_ratio": null,
            "price_fair": 62.3,
            "eps_avg_yearly": 1.78,
            "eps_latest_yearly": 0.6,
            "eps_growth_yearly": 495.34
        },
        "20094": {
            "year_quarter": 20094,
            "year": 2009,
            "quarter": 4,
            "eps": 0.08,
            "eps_growth_year": null,
            "eps_4q": 0.15,
            "eps_4q_growth_year": -45.07,
            "roe": 0.52,
            "roe_4q": 1.35,
            "gross_profit": 155928,
            "gross_margin": 27.55,
            "gross_margin_4q_avg": 23.57,
            "net_income": 8358,
            "revenue": 566081,
            "common_shares": 1178114,
            "book_valuer_per_share": 13.66,
            "book_valuer_per_share_4q_avg": 13.47,
            "equity": 1600378,
            "current_ratio": 236.53,
            "debt_ratio": 50.7,
            "inventory_turnover_ratio": 0.48,
            "account_receivable_turnover_ratio": 1.24,
            "reinvestment_rate": 221.81,
            "research_to_sale_ratio": null,
            "price_fair": 59.27,
            "eps_avg_yearly": 1.69,
            "eps_latest_yearly": 0.32,
            "eps_growth_yearly": 473.91
        },
        "20101": {
            "year_quarter": 20101,
            "year": 2010,
            "quarter": 1,
            "eps": 0.2,
            "eps_growth_year": 566.67,
            "eps_4q": 0.32,
            "eps_4q_growth_year": 44.31,
            "roe": 1.51,
            "roe_4q": 2.5900000000000007,
            "gross_profit": 178911,
            "gross_margin": 23.54,
            "gross_margin_4q_avg": 24.65,
            "net_income": 24328,
            "revenue": 759946,
            "common_shares": 1178114,
            "book_valuer_per_share": 13.81,
            "book_valuer_per_share_4q_avg": 13.52,
            "equity": 1618437,
            "current_ratio": 204.58,
            "debt_ratio": 52.73,
            "inventory_turnover_ratio": 0.74,
            "account_receivable_turnover_ratio": 0.8,
            "reinvestment_rate": 248.73,
            "research_to_sale_ratio": 1.78,
            "price_fair": 56.12,
            "eps_avg_yearly": 1.6,
            "eps_latest_yearly": 0.8,
            "eps_growth_yearly": 511.17
        },
        "20102": {
            "year_quarter": 20102,
            "year": 2010,
            "quarter": 2,
            "eps": 0.47,
            "eps_growth_year": null,
            "eps_4q": 0.88,
            "eps_4q_growth_year": null,
            "roe": 3.48,
            "roe_4q": 6.58,
            "gross_profit": 245173,
            "gross_margin": 27.16,
            "gross_margin_4q_avg": 25.9,
            "net_income": 56894,
            "revenue": 902612,
            "common_shares": 1178114,
            "book_valuer_per_share": 14.1,
            "book_valuer_per_share_4q_avg": 13.71,
            "equity": 1654255,
            "current_ratio": 182.8,
            "debt_ratio": 55.73,
            "inventory_turnover_ratio": 0.81,
            "account_receivable_turnover_ratio": 0.81,
            "reinvestment_rate": 259.56,
            "research_to_sale_ratio": 2.08,
            "price_fair": 53.78,
            "eps_avg_yearly": 1.54,
            "eps_latest_yearly": 1.88,
            "eps_growth_yearly": 541.98
        },
        "20103": {
            "year_quarter": 20103,
            "year": 2010,
            "quarter": 3,
            "eps": 0.72,
            "eps_growth_year": 410.73,
            "eps_4q": 1.46,
            "eps_4q_growth_year": null,
            "roe": 4.9,
            "roe_4q": 10.41,
            "gross_profit": 298876,
            "gross_margin": 27.64,
            "gross_margin_4q_avg": 26.47,
            "net_income": 84059,
            "revenue": 1081360,
            "common_shares": 1201177,
            "book_valuer_per_share": 14.87,
            "book_valuer_per_share_4q_avg": 14.11,
            "equity": 1777172,
            "current_ratio": 210.8,
            "debt_ratio": 55.94,
            "inventory_turnover_ratio": 0.89,
            "account_receivable_turnover_ratio": 0.82,
            "reinvestment_rate": 256.2,
            "research_to_sale_ratio": 1.49,
            "price_fair": 54.25,
            "eps_avg_yearly": 1.55,
            "eps_latest_yearly": 2.88,
            "eps_growth_yearly": 559.21
        },
        "20104": {
            "year_quarter": 20104,
            "year": 2010,
            "quarter": 4,
            "eps": -0.14,
            "eps_growth_year": -275.56,
            "eps_4q": 1.19,
            "eps_4q_growth_year": 709.33,
            "roe": -1,
            "roe_4q": 8.89,
            "gross_profit": 155720,
            "gross_margin": 21.46,
            "gross_margin_4q_avg": 24.95,
            "net_income": -17629,
            "revenue": 725481,
            "common_shares": 1238260,
            "book_valuer_per_share": 14.28,
            "book_valuer_per_share_4q_avg": 14.27,
            "equity": 1760092,
            "current_ratio": 206.49,
            "debt_ratio": 53.82,
            "inventory_turnover_ratio": 0.63,
            "account_receivable_turnover_ratio": 0.54,
            "reinvestment_rate": 276,
            "research_to_sale_ratio": 1.19,
            "price_fair": 52.05,
            "eps_avg_yearly": 1.49,
            "eps_latest_yearly": 2.88,
            "eps_growth_yearly": 616.47
        },
        "20111": {
            "year_quarter": 20111,
            "year": 2011,
            "quarter": 1,
            "eps": 0.35,
            "eps_growth_year": 75,
            "eps_4q": 1.32,
            "eps_4q_growth_year": 315.25,
            "roe": 2.31,
            "roe_4q": 9.690000000000001,
            "gross_profit": 189858,
            "gross_margin": 25.57,
            "gross_margin_4q_avg": 25.46,
            "net_income": 43135,
            "revenue": 742434,
            "common_shares": 1279441,
            "book_valuer_per_share": 15.57,
            "book_valuer_per_share_4q_avg": 14.71,
            "equity": 1980076,
            "current_ratio": 204.27,
            "debt_ratio": 52.41,
            "inventory_turnover_ratio": 0.57,
            "account_receivable_turnover_ratio": 0.58,
            "reinvestment_rate": 342.89,
            "research_to_sale_ratio": 2.06,
            "price_fair": 50.68,
            "eps_avg_yearly": 1.45,
            "eps_latest_yearly": 2.88,
            "eps_growth_yearly": 684.55
        },
        "20112": {
            "year_quarter": 20112,
            "year": 2011,
            "quarter": 2,
            "eps": 0.93,
            "eps_growth_year": 99.86,
            "eps_4q": 1.75,
            "eps_4q_growth_year": 98.48,
            "roe": 6.23,
            "roe_4q": 12.440000000000001,
            "gross_profit": 249733,
            "gross_margin": 26.78,
            "gross_margin_4q_avg": 25.36,
            "net_income": 126162,
            "revenue": 932523,
            "common_shares": 1340829,
            "book_valuer_per_share": 15.47,
            "book_valuer_per_share_4q_avg": 15.05,
            "equity": 2068453,
            "current_ratio": 179.38,
            "debt_ratio": 54.4,
            "inventory_turnover_ratio": 0.61,
            "account_receivable_turnover_ratio": 0.67,
            "reinvestment_rate": 319.92,
            "research_to_sale_ratio": 1.8,
            "price_fair": 51.8,
            "eps_avg_yearly": 1.48,
            "eps_latest_yearly": 3.72,
            "eps_growth_yearly": 718.49
        },
        "20113": {
            "year_quarter": 20113,
            "year": 2011,
            "quarter": 3,
            "eps": 0.44,
            "eps_growth_year": -39.04,
            "eps_4q": 1.52,
            "eps_4q_growth_year": 4.55,
            "roe": 2.92,
            "roe_4q": 10.46,
            "gross_profit": 222493,
            "gross_margin": 25.45,
            "gross_margin_4q_avg": 24.82,
            "net_income": 61992,
            "revenue": 874266,
            "common_shares": 1426945,
            "book_valuer_per_share": 15.38,
            "book_valuer_per_share_4q_avg": 15.18,
            "equity": 2177735,
            "current_ratio": 187.37,
            "debt_ratio": 53.05,
            "inventory_turnover_ratio": 0.52,
            "account_receivable_turnover_ratio": 0.57,
            "reinvestment_rate": 326.6,
            "research_to_sale_ratio": 2.21,
            "price_fair": 49.98,
            "eps_avg_yearly": 1.43,
            "eps_latest_yearly": 1.76,
            "eps_growth_yearly": 710.59
        },
        "20114": {
            "year_quarter": 20114,
            "year": 2011,
            "quarter": 4,
            "eps": -0.14,
            "eps_growth_year": null,
            "eps_4q": 1.49,
            "eps_4q_growth_year": 25.1,
            "roe": -0.72,
            "roe_4q": 10.74,
            "gross_profit": 144359,
            "gross_margin": 19.45,
            "gross_margin_4q_avg": 24.31,
            "net_income": -15720,
            "revenue": 742244,
            "common_shares": 1409188,
            "book_valuer_per_share": 15.23,
            "book_valuer_per_share_4q_avg": 15.41,
            "equity": 2178757,
            "current_ratio": 189.81,
            "debt_ratio": 51.53,
            "inventory_turnover_ratio": 0.48,
            "account_receivable_turnover_ratio": 0.48,
            "reinvestment_rate": 313.08,
            "research_to_sale_ratio": 0.96,
            "price_fair": 49.16,
            "eps_avg_yearly": 1.4,
            "eps_latest_yearly": 1.76,
            "eps_growth_yearly": 802.02
        },
        "20121": {
            "year_quarter": 20121,
            "year": 2012,
            "quarter": 1,
            "eps": 0.02,
            "eps_growth_year": -94.29,
            "eps_4q": 1.21,
            "eps_4q_growth_year": -8.1,
            "roe": 0.09,
            "roe_4q": 8.52,
            "gross_profit": 152893,
            "gross_margin": 21.03,
            "gross_margin_4q_avg": 23.18,
            "net_income": 1941,
            "revenue": 727007,
            "common_shares": 1409188,
            "book_valuer_per_share": 15.23,
            "book_valuer_per_share_4q_avg": 15.33,
            "equity": 2177904,
            "current_ratio": 184.55,
            "debt_ratio": 51.78,
            "inventory_turnover_ratio": 0.48,
            "account_receivable_turnover_ratio": 0.48,
            "reinvestment_rate": 296.04,
            "research_to_sale_ratio": 2.29,
            "price_fair": 55.13,
            "eps_avg_yearly": 1.58,
            "eps_latest_yearly": 1.76,
            "eps_growth_yearly": 951.06
        },
        "20122": {
            "year_quarter": 20122,
            "year": 2012,
            "quarter": 2,
            "eps": 0.23,
            "eps_growth_year": -74.98,
            "eps_4q": 0.54,
            "eps_4q_growth_year": -69.14,
            "roe": 1.58,
            "roe_4q": 3.87,
            "gross_profit": 192557,
            "gross_margin": 23.31,
            "gross_margin_4q_avg": 22.31,
            "net_income": 33769,
            "revenue": 826068,
            "common_shares": 1409188,
            "book_valuer_per_share": 14.73,
            "book_valuer_per_share_4q_avg": 15.14,
            "equity": 2106541,
            "current_ratio": 185.01,
            "debt_ratio": 52.94,
            "inventory_turnover_ratio": 0.55,
            "account_receivable_turnover_ratio": 0.55,
            "reinvestment_rate": 271.53,
            "research_to_sale_ratio": 2.07,
            "price_fair": 56.35,
            "eps_avg_yearly": 1.61,
            "eps_latest_yearly": 0.92,
            "eps_growth_yearly": 726.06
        },
        "20123": {
            "year_quarter": 20123,
            "year": 2012,
            "quarter": 3,
            "eps": 0.2,
            "eps_growth_year": -53.89,
            "eps_4q": 0.33,
            "eps_4q_growth_year": -78.55,
            "roe": 1.37,
            "roe_4q": 2.3200000000000003,
            "gross_profit": 208963,
            "gross_margin": 26.68,
            "gross_margin_4q_avg": 22.62,
            "net_income": 28847,
            "revenue": 783161,
            "common_shares": 1470000,
            "book_valuer_per_share": 14.23,
            "book_valuer_per_share_4q_avg": 14.86,
            "equity": 2115922,
            "current_ratio": 224.94,
            "debt_ratio": 51.89,
            "inventory_turnover_ratio": 0.52,
            "account_receivable_turnover_ratio": 0.54,
            "reinvestment_rate": 259.77,
            "research_to_sale_ratio": 2.39,
            "price_fair": 57.23,
            "eps_avg_yearly": 1.64,
            "eps_latest_yearly": 0.8,
            "eps_growth_yearly": 722.66
        },
        "20124": {
            "year_quarter": 20124,
            "year": 2012,
            "quarter": 4,
            "eps": 0.16,
            "eps_growth_year": null,
            "eps_4q": 0.62,
            "eps_4q_growth_year": -58.77,
            "roe": 1.05,
            "roe_4q": 4.09,
            "gross_profit": 136940,
            "gross_margin": 25.26,
            "gross_margin_4q_avg": 24.07,
            "net_income": 22316,
            "revenue": 542017,
            "common_shares": 1470000,
            "book_valuer_per_share": 14.29,
            "book_valuer_per_share_4q_avg": 14.62,
            "equity": 2123836,
            "current_ratio": 286.92,
            "debt_ratio": 48.38,
            "inventory_turnover_ratio": 0.36,
            "account_receivable_turnover_ratio": 0.41,
            "reinvestment_rate": 238.93,
            "research_to_sale_ratio": 3.24,
            "price_fair": 53.36,
            "eps_avg_yearly": 1.52,
            "eps_latest_yearly": 0.64,
            "eps_growth_yearly": 633.47
        },
        "20131": {
            "year_quarter": 20131,
            "year": 2013,
            "quarter": 1,
            "eps": 0.15,
            "eps_growth_year": 650,
            "eps_4q": 0.75,
            "eps_4q_growth_year": -38.44,
            "roe": 1.02,
            "roe_4q": 5.0200000000000005,
            "gross_profit": 158167,
            "gross_margin": 23.05,
            "gross_margin_4q_avg": 24.58,
            "net_income": 21604,
            "revenue": 686061,
            "common_shares": 1470000,
            "book_valuer_per_share": 14.16,
            "book_valuer_per_share_4q_avg": 14.35,
            "equity": 2104247,
            "current_ratio": 257.27,
            "debt_ratio": 51.39,
            "inventory_turnover_ratio": 0.46,
            "account_receivable_turnover_ratio": 0.58,
            "reinvestment_rate": 51.67,
            "research_to_sale_ratio": 2.57,
            "price_fair": 50.12,
            "eps_avg_yearly": 1.43,
            "eps_latest_yearly": 0.6,
            "eps_growth_yearly": 567.63
        },
        "20132": {
            "year_quarter": 20132,
            "year": 2013,
            "quarter": 2,
            "eps": 0.36,
            "eps_growth_year": 54.79,
            "eps_4q": 0.87,
            "eps_4q_growth_year": 61.44,
            "roe": 2.57,
            "roe_4q": 6.01,
            "gross_profit": 299151,
            "gross_margin": 25.5,
            "gross_margin_4q_avg": 25.12,
            "net_income": 53899,
            "revenue": 1172990,
            "common_shares": 1470000,
            "book_valuer_per_share": 14.05,
            "book_valuer_per_share_4q_avg": 14.18,
            "equity": 2088852,
            "current_ratio": 208.36,
            "debt_ratio": 55.75,
            "inventory_turnover_ratio": 0.82,
            "account_receivable_turnover_ratio": 0.89,
            "reinvestment_rate": 46.21,
            "research_to_sale_ratio": 1.48,
            "price_fair": 50.15,
            "eps_avg_yearly": 1.43,
            "eps_latest_yearly": 1.44,
            "eps_growth_yearly": 566.93
        },
        "20133": {
            "year_quarter": 20133,
            "year": 2013,
            "quarter": 3,
            "eps": 0.04,
            "eps_growth_year": -80.1,
            "eps_4q": 0.71,
            "eps_4q_growth_year": 118.33,
            "roe": 0.3,
            "roe_4q": 4.9399999999999995,
            "gross_profit": 181345,
            "gross_margin": 28.52,
            "gross_margin_4q_avg": 25.58,
            "net_income": 6331,
            "revenue": 635902,
            "common_shares": 1470000,
            "book_valuer_per_share": 13.97,
            "book_valuer_per_share_4q_avg": 14.12,
            "equity": 2076179,
            "current_ratio": 210.88,
            "debt_ratio": 56.52,
            "inventory_turnover_ratio": 0.45,
            "account_receivable_turnover_ratio": 0.46,
            "reinvestment_rate": 44.87,
            "research_to_sale_ratio": 4.2,
            "price_fair": 46.43,
            "eps_avg_yearly": 1.33,
            "eps_latest_yearly": 0.16,
            "eps_growth_yearly": 490.06
        },
        "20134": {
            "year_quarter": 20134,
            "year": 2013,
            "quarter": 4,
            "eps": 0.18,
            "eps_growth_year": 12.78,
            "eps_4q": 0.73,
            "eps_4q_growth_year": 19.05,
            "roe": 1.16,
            "roe_4q": 5.049999999999999,
            "gross_profit": 142204,
            "gross_margin": 21.23,
            "gross_margin_4q_avg": 24.58,
            "net_income": 24387,
            "revenue": 669955,
            "common_shares": 1470000,
            "book_valuer_per_share": 14.23,
            "book_valuer_per_share_4q_avg": 14.1,
            "equity": 2112953,
            "current_ratio": 223.38,
            "debt_ratio": 53.94,
            "inventory_turnover_ratio": 0.5,
            "account_receivable_turnover_ratio": 0.54,
            "reinvestment_rate": -112.54,
            "research_to_sale_ratio": 1.69,
            "price_fair": 47.6,
            "eps_avg_yearly": 1.36,
            "eps_latest_yearly": 0.72,
            "eps_growth_yearly": 621.01
        },
        "20141": {
            "year_quarter": 20141,
            "year": 2014,
            "quarter": 1,
            "eps": 0.18,
            "eps_growth_year": 20,
            "eps_4q": 0.76,
            "eps_4q_growth_year": 2.62,
            "roe": 1.23,
            "roe_4q": 5.26,
            "gross_profit": 213558,
            "gross_margin": 26.66,
            "gross_margin_4q_avg": 25.48,
            "net_income": 26006,
            "revenue": 800980,
            "common_shares": 1470000,
            "book_valuer_per_share": 14.36,
            "book_valuer_per_share_4q_avg": 14.15,
            "equity": 2111021,
            "current_ratio": 196.16,
            "debt_ratio": 55.35,
            "inventory_turnover_ratio": 0.53,
            "account_receivable_turnover_ratio": 0.67,
            "reinvestment_rate": -114.32,
            "research_to_sale_ratio": 2.23,
            "price_fair": 47.37,
            "eps_avg_yearly": 1.35,
            "eps_latest_yearly": 0.72,
            "eps_growth_yearly": 571.01
        },
        "20142": {
            "year_quarter": 20142,
            "year": 2014,
            "quarter": 2,
            "eps": 0.05,
            "eps_growth_year": -86.11,
            "eps_4q": 0.46,
            "eps_4q_growth_year": -47.72,
            "roe": 0.34,
            "roe_4q": 3.03,
            "gross_profit": 253458,
            "gross_margin": 27.02,
            "gross_margin_4q_avg": 25.86,
            "net_income": 7088,
            "revenue": 937906,
            "common_shares": 1470000,
            "book_valuer_per_share": 13.74,
            "book_valuer_per_share_4q_avg": 14.08,
            "equity": 2018581,
            "current_ratio": 167.16,
            "debt_ratio": 58.78,
            "inventory_turnover_ratio": 0.62,
            "account_receivable_turnover_ratio": 0.74,
            "reinvestment_rate": -138.25,
            "research_to_sale_ratio": 2.11,
            "price_fair": 42.47,
            "eps_avg_yearly": 1.21,
            "eps_latest_yearly": 0.2,
            "eps_growth_yearly": 501.94
        },
        "20143": {
            "year_quarter": 20143,
            "year": 2014,
            "quarter": 3,
            "eps": -0.21,
            "eps_growth_year": -625,
            "eps_4q": 0.21,
            "eps_4q_growth_year": -71.12,
            "roe": -1.54,
            "roe_4q": 1.19,
            "gross_profit": 142609,
            "gross_margin": 18.83,
            "gross_margin_4q_avg": 23.44,
            "net_income": -31008,
            "revenue": 757476,
            "common_shares": 1470000,
            "book_valuer_per_share": 13.63,
            "book_valuer_per_share_4q_avg": 13.99,
            "equity": 2002845,
            "current_ratio": 169.93,
            "debt_ratio": 58.93,
            "inventory_turnover_ratio": 0.53,
            "account_receivable_turnover_ratio": 0.59,
            "reinvestment_rate": -212.9,
            "research_to_sale_ratio": 3.83,
            "price_fair": 37.16,
            "eps_avg_yearly": 1.06,
            "eps_latest_yearly": 0.2,
            "eps_growth_yearly": 528.23
        },
        "20144": {
            "year_quarter": 20144,
            "year": 2014,
            "quarter": 4,
            "eps": 0.09,
            "eps_growth_year": -48.63,
            "eps_4q": 0.12,
            "eps_4q_growth_year": -83.82,
            "roe": 0.69,
            "roe_4q": 0.72,
            "gross_profit": 159417,
            "gross_margin": 20.64,
            "gross_margin_4q_avg": 23.29,
            "net_income": 13966,
            "revenue": 772261,
            "common_shares": 1470000,
            "book_valuer_per_share": 13.87,
            "book_valuer_per_share_4q_avg": 13.9,
            "equity": 2038221,
            "current_ratio": 184.83,
            "debt_ratio": 55.34,
            "inventory_turnover_ratio": 0.49,
            "account_receivable_turnover_ratio": 0.62,
            "reinvestment_rate": -151.4,
            "research_to_sale_ratio": 3.14,
            "price_fair": 37.16,
            "eps_avg_yearly": 1.06,
            "eps_latest_yearly": 0.2,
            "eps_growth_yearly": 528.23
        },
        "20151": {
            "year_quarter": 20151,
            "year": 2015,
            "quarter": 1,
            "eps": 0,
            "eps_growth_year": -100,
            "eps_4q": -0.06,
            "eps_4q_growth_year": -108.07,
            "roe": 0,
            "roe_4q": -0.51,
            "gross_profit": 239808,
            "gross_margin": 30.64,
            "gross_margin_4q_avg": 24.28,
            "net_income": 50,
            "revenue": 782680,
            "common_shares": 1470000,
            "book_valuer_per_share": 13.72,
            "book_valuer_per_share_4q_avg": 13.74,
            "equity": 2031766,
            "current_ratio": 171.93,
            "debt_ratio": 55.56,
            "inventory_turnover_ratio": 0.42,
            "account_receivable_turnover_ratio": 0.68,
            "reinvestment_rate": -217.03,
            "research_to_sale_ratio": 2.44,
            "price_fair": 37.16,
            "eps_avg_yearly": 1.06,
            "eps_latest_yearly": 0.2,
            "eps_growth_yearly": 528.23
        },
        "20152": {
            "year_quarter": 20152,
            "year": 2015,
            "quarter": 2,
            "eps": 0.05,
            "eps_growth_year": 0,
            "eps_4q": -0.05,
            "eps_4q_growth_year": -109.99,
            "roe": 0.36,
            "roe_4q": -0.4900000000000002,
            "gross_profit": 262670,
            "gross_margin": 28.47,
            "gross_margin_4q_avg": 24.65,
            "net_income": 7964,
            "revenue": 922506,
            "common_shares": 1800000,
            "book_valuer_per_share": 13.12,
            "book_valuer_per_share_4q_avg": 13.59,
            "equity": 2375095,
            "current_ratio": 180.3,
            "debt_ratio": 46.98,
            "inventory_turnover_ratio": 0.53,
            "account_receivable_turnover_ratio": 0.8,
            "reinvestment_rate": -334.1,
            "research_to_sale_ratio": 2.05,
            "price_fair": 27.86,
            "eps_avg_yearly": 0.8,
            "eps_latest_yearly": 0.2,
            "eps_growth_yearly": 514.76
        },
        "20153": {
            "year_quarter": 20153,
            "year": 2015,
            "quarter": 3,
            "eps": 0.01,
            "eps_growth_year": null,
            "eps_4q": 0.13,
            "eps_4q_growth_year": -37.37,
            "roe": 0.02,
            "roe_4q": 1.0699999999999998,
            "gross_profit": 210069,
            "gross_margin": 30.52,
            "gross_margin_4q_avg": 27.57,
            "net_income": 549,
            "revenue": 688200,
            "common_shares": 1800000,
            "book_valuer_per_share": 13.35,
            "book_valuer_per_share_4q_avg": 13.52,
            "equity": 2402606,
            "current_ratio": 180.01,
            "debt_ratio": 47.63,
            "inventory_turnover_ratio": 0.39,
            "account_receivable_turnover_ratio": 0.57,
            "reinvestment_rate": -453.68,
            "research_to_sale_ratio": 2.9,
            "price_fair": 21.84,
            "eps_avg_yearly": 0.62,
            "eps_latest_yearly": 0.04,
            "eps_growth_yearly": 503.84
        },
        "20154": {
            "year_quarter": 20154,
            "year": 2015,
            "quarter": 4,
            "eps": -0.29,
            "eps_growth_year": -410.96,
            "eps_4q": -0.23,
            "eps_4q_growth_year": -296.31,
            "roe": -2.16,
            "roe_4q": -1.7800000000000002,
            "gross_profit": 194584,
            "gross_margin": 26.18,
            "gross_margin_4q_avg": 28.95,
            "net_income": -50653,
            "revenue": 743301,
            "common_shares": 1800000,
            "book_valuer_per_share": 12.79,
            "book_valuer_per_share_4q_avg": 13.25,
            "equity": 2283001,
            "current_ratio": 165.92,
            "debt_ratio": 50.74,
            "inventory_turnover_ratio": 0.45,
            "account_receivable_turnover_ratio": 0.7,
            "reinvestment_rate": -552.49,
            "research_to_sale_ratio": 2.42,
            "price_fair": 21.84,
            "eps_avg_yearly": 0.62,
            "eps_latest_yearly": 0.04,
            "eps_growth_yearly": 503.84
        },
        "20161": {
            "year_quarter": 20161,
            "year": 2016,
            "quarter": 1,
            "eps": 0.15,
            "eps_growth_year": null,
            "eps_4q": -0.09,
            "eps_4q_growth_year": null,
            "roe": 1.1,
            "roe_4q": -0.68,
            "gross_profit": 266375,
            "gross_margin": 33.84,
            "gross_margin_4q_avg": 29.75,
            "net_income": 25299,
            "revenue": 787190,
            "common_shares": 1800000,
            "book_valuer_per_share": 12.96,
            "book_valuer_per_share_4q_avg": 13.06,
            "equity": 2305540,
            "current_ratio": 171.17,
            "debt_ratio": 52.54,
            "inventory_turnover_ratio": 0.42,
            "account_receivable_turnover_ratio": 0.88,
            "reinvestment_rate": -467.14,
            "research_to_sale_ratio": 2.31,
            "price_fair": 21.84,
            "eps_avg_yearly": 0.62,
            "eps_latest_yearly": 0.04,
            "eps_growth_yearly": 503.84
        },
        "20162": {
            "year_quarter": 20162,
            "year": 2016,
            "quarter": 2,
            "eps": 0.15,
            "eps_growth_year": 200,
            "eps_4q": 0.01,
            "eps_4q_growth_year": null,
            "roe": 1.14,
            "roe_4q": 0.10000000000000007,
            "gross_profit": 301504,
            "gross_margin": 30.64,
            "gross_margin_4q_avg": 30.3,
            "net_income": 26229,
            "revenue": 983886,
            "common_shares": 1800000,
            "book_valuer_per_share": 12.99,
            "book_valuer_per_share_4q_avg": 13.02,
            "equity": 2309856,
            "current_ratio": 174.19,
            "debt_ratio": 55.51,
            "inventory_turnover_ratio": 0.55,
            "account_receivable_turnover_ratio": 0.98,
            "reinvestment_rate": -478.11,
            "research_to_sale_ratio": 1.81,
            "price_fair": 20.72,
            "eps_avg_yearly": 0.59,
            "eps_latest_yearly": 0.6,
            "eps_growth_yearly": 83.84
        },
        "20163": {
            "year_quarter": 20163,
            "year": 2016,
            "quarter": 3,
            "eps": 0.05,
            "eps_growth_year": 400,
            "eps_4q": 0.06,
            "eps_4q_growth_year": -54.03,
            "roe": 0.38,
            "roe_4q": 0.45999999999999996,
            "gross_profit": 352421,
            "gross_margin": 33.95,
            "gross_margin_4q_avg": 31.15,
            "net_income": 8693,
            "revenue": 1038115,
            "common_shares": 1800000,
            "book_valuer_per_share": 12.87,
            "book_valuer_per_share_4q_avg": 12.9,
            "equity": 2293613,
            "current_ratio": 186.86,
            "debt_ratio": 51.93,
            "inventory_turnover_ratio": 0.57,
            "account_receivable_turnover_ratio": 0.91,
            "reinvestment_rate": -492.17,
            "research_to_sale_ratio": 1.99,
            "price_fair": 18.62,
            "eps_avg_yearly": 0.53,
            "eps_latest_yearly": 0.2,
            "eps_growth_yearly": 62.39
        },
        "20164": {
            "year_quarter": 20164,
            "year": 2016,
            "quarter": 4,
            "eps": 0.21,
            "eps_growth_year": null,
            "eps_4q": 0.56,
            "eps_4q_growth_year": null,
            "roe": 1.6,
            "roe_4q": 4.220000000000001,
            "gross_profit": 314198,
            "gross_margin": 35.37,
            "gross_margin_4q_avg": 33.45,
            "net_income": 36804,
            "revenue": 888288,
            "common_shares": 1800000,
            "book_valuer_per_share": 13.03,
            "book_valuer_per_share_4q_avg": 12.96,
            "equity": 2320833,
            "current_ratio": 181.43,
            "debt_ratio": 51.69,
            "inventory_turnover_ratio": 0.48,
            "account_receivable_turnover_ratio": 0.73,
            "reinvestment_rate": -445.73,
            "research_to_sale_ratio": 2.1,
            "price_fair": 19.32,
            "eps_avg_yearly": 0.55,
            "eps_latest_yearly": 0.84,
            "eps_growth_yearly": 198.39
        },
        "20171": {
            "year_quarter": 20171,
            "year": 2017,
            "quarter": 1,
            "eps": -0.09,
            "eps_growth_year": -160,
            "eps_4q": 0.33,
            "eps_4q_growth_year": null,
            "roe": -0.69,
            "roe_4q": 2.4299999999999997,
            "gross_profit": 262085,
            "gross_margin": 30.73,
            "gross_margin_4q_avg": 32.67,
            "net_income": -15721,
            "revenue": 852937,
            "common_shares": 1800000,
            "book_valuer_per_share": 12.7,
            "book_valuer_per_share_4q_avg": 12.9,
            "equity": 2260716,
            "current_ratio": 162.49,
            "debt_ratio": 56.08,
            "inventory_turnover_ratio": 0.44,
            "account_receivable_turnover_ratio": 0.66,
            "reinvestment_rate": 24.44,
            "research_to_sale_ratio": 2.03,
            "price_fair": 19.13,
            "eps_avg_yearly": 0.55,
            "eps_latest_yearly": 0.84,
            "eps_growth_yearly": 223.21
        },
        "20172": {
            "year_quarter": 20172,
            "year": 2017,
            "quarter": 2,
            "eps": 0.24,
            "eps_growth_year": 60,
            "eps_4q": 0.41,
            "eps_4q_growth_year": 2919.92,
            "roe": 1.82,
            "roe_4q": 3.1100000000000003,
            "gross_profit": 308602,
            "gross_margin": 29.91,
            "gross_margin_4q_avg": 32.49,
            "net_income": 40848,
            "revenue": 1031838,
            "common_shares": 1800000,
            "book_valuer_per_share": 12.54,
            "book_valuer_per_share_4q_avg": 12.79,
            "equity": 2232646,
            "current_ratio": 148.33,
            "debt_ratio": 60.37,
            "inventory_turnover_ratio": 0.49,
            "account_receivable_turnover_ratio": 0.77,
            "reinvestment_rate": 159.7,
            "research_to_sale_ratio": 1.9,
            "price_fair": 15.23,
            "eps_avg_yearly": 0.44,
            "eps_latest_yearly": 0.84,
            "eps_growth_yearly": 181.11
        },
        "20173": {
            "year_quarter": 20173,
            "year": 2017,
            "quarter": 3,
            "eps": 0.4,
            "eps_growth_year": 700,
            "eps_4q": 0.76,
            "eps_4q_growth_year": 1188.23,
            "roe": 3.11,
            "roe_4q": 5.84,
            "gross_profit": 415667,
            "gross_margin": 30.74,
            "gross_margin_4q_avg": 31.69,
            "net_income": 70865,
            "revenue": 1352286,
            "common_shares": 1800000,
            "book_valuer_per_share": 13.08,
            "book_valuer_per_share_4q_avg": 12.84,
            "equity": 2328217,
            "current_ratio": 166.45,
            "debt_ratio": 57.57,
            "inventory_turnover_ratio": 0.61,
            "account_receivable_turnover_ratio": 1,
            "reinvestment_rate": 114.71,
            "research_to_sale_ratio": 1.44,
            "price_fair": 21.53,
            "eps_avg_yearly": 0.62,
            "eps_latest_yearly": 1.6,
            "eps_growth_yearly": 258.89
        },
        "20174": {
            "year_quarter": 20174,
            "year": 2017,
            "quarter": 4,
            "eps": -0,
            "eps_growth_year": -101.95,
            "eps_4q": 0.55,
            "eps_4q_growth_year": -2.12,
            "roe": -0.05,
            "roe_4q": 4.1899999999999995,
            "gross_profit": 349644,
            "gross_margin": 28.47,
            "gross_margin_4q_avg": 29.96,
            "net_income": -1057,
            "revenue": 1228073,
            "common_shares": 1800000,
            "book_valuer_per_share": 13.05,
            "book_valuer_per_share_4q_avg": 12.84,
            "equity": 2321529,
            "current_ratio": 146.35,
            "debt_ratio": 59.15,
            "inventory_turnover_ratio": 0.54,
            "account_receivable_turnover_ratio": 0.93,
            "reinvestment_rate": 132.13,
            "research_to_sale_ratio": 1.84,
            "price_fair": 21,
            "eps_avg_yearly": 0.6,
            "eps_latest_yearly": 1.6,
            "eps_growth_yearly": 95.87
        },
        "20181": {
            "year_quarter": 20181,
            "year": 2018,
            "quarter": 1,
            "eps": 0.13,
            "eps_growth_year": null,
            "eps_4q": 0.76,
            "eps_4q_growth_year": 131.68,
            "roe": 0.97,
            "roe_4q": 5.85,
            "gross_profit": 321205,
            "gross_margin": 25.38,
            "gross_margin_4q_avg": 28.63,
            "net_income": 22863,
            "revenue": 1265551,
            "common_shares": 1800000,
            "book_valuer_per_share": 13.19,
            "book_valuer_per_share_4q_avg": 12.97,
            "equity": 2376226,
            "current_ratio": 144.85,
            "debt_ratio": 58.51,
            "inventory_turnover_ratio": 0.53,
            "account_receivable_turnover_ratio": 0.93,
            "reinvestment_rate": 127.83,
            "research_to_sale_ratio": 1.59,
            "price_fair": 20.3,
            "eps_avg_yearly": 0.58,
            "eps_latest_yearly": 1.6,
            "eps_growth_yearly": 111.85
        },
        "20182": {
            "year_quarter": 20182,
            "year": 2018,
            "quarter": 2,
            "eps": 0.22,
            "eps_growth_year": -8.33,
            "eps_4q": 0.74,
            "eps_4q_growth_year": 80.19,
            "roe": 1.64,
            "roe_4q": 5.67,
            "gross_profit": 382013,
            "gross_margin": 28.93,
            "gross_margin_4q_avg": 28.38,
            "net_income": 38661,
            "revenue": 1320295,
            "common_shares": 1800000,
            "book_valuer_per_share": 12.85,
            "book_valuer_per_share_4q_avg": 13.04,
            "equity": 2326665,
            "current_ratio": 139.94,
            "debt_ratio": 60.88,
            "inventory_turnover_ratio": 0.5,
            "account_receivable_turnover_ratio": 0.91,
            "reinvestment_rate": 113.07,
            "research_to_sale_ratio": 1.56,
            "price_fair": 24.27,
            "eps_avg_yearly": 0.69,
            "eps_latest_yearly": 0.88,
            "eps_growth_yearly": 206.15
        },
        "20183": {
            "year_quarter": 20183,
            "year": 2018,
            "quarter": 3,
            "eps": 0,
            "eps_growth_year": -100,
            "eps_4q": 0.32,
            "eps_4q_growth_year": -58.59,
            "roe": 0.05,
            "roe_4q": 2.6100000000000003,
            "gross_profit": 352407,
            "gross_margin": 29.26,
            "gross_margin_4q_avg": 28.01,
            "net_income": 1318,
            "revenue": 1204567,
            "common_shares": 2000000,
            "book_valuer_per_share": 12.94,
            "book_valuer_per_share_4q_avg": 13.01,
            "equity": 2627597,
            "current_ratio": 157.73,
            "debt_ratio": 55.28,
            "inventory_turnover_ratio": 0.45,
            "account_receivable_turnover_ratio": 0.77,
            "reinvestment_rate": 142.35,
            "research_to_sale_ratio": 1.71,
            "price_fair": 24.27,
            "eps_avg_yearly": 0.69,
            "eps_latest_yearly": 0.88,
            "eps_growth_yearly": 206.15
        },
        "20184": {
            "year_quarter": 20184,
            "year": 2018,
            "quarter": 4,
            "eps": -0.11,
            "eps_growth_year": null,
            "eps_4q": 0.21,
            "eps_4q_growth_year": -62.44,
            "roe": -0.86,
            "roe_4q": 1.7999999999999998,
            "gross_profit": 236941,
            "gross_margin": 21.25,
            "gross_margin_4q_avg": 26.21,
            "net_income": -22654,
            "revenue": 1114821,
            "common_shares": 1998810,
            "book_valuer_per_share": 12.93,
            "book_valuer_per_share_4q_avg": 12.98,
            "equity": 2624889,
            "current_ratio": 159.75,
            "debt_ratio": 55.14,
            "inventory_turnover_ratio": 0.48,
            "account_receivable_turnover_ratio": 0.74,
            "reinvestment_rate": 64.98,
            "research_to_sale_ratio": 1.85,
            "price_fair": 24.27,
            "eps_avg_yearly": 0.69,
            "eps_latest_yearly": 0.88,
            "eps_growth_yearly": 206.15
        },
        "20191": {
            "year_quarter": 20191,
            "year": 2019,
            "quarter": 1,
            "eps": 0.01,
            "eps_growth_year": -92.31,
            "eps_4q": 0.1,
            "eps_4q_growth_year": -86.99,
            "roe": 0.16,
            "roe_4q": 0.99,
            "gross_profit": 255328,
            "gross_margin": 27.61,
            "gross_margin_4q_avg": 26.76,
            "net_income": 4269,
            "revenue": 924656,
            "common_shares": 1993310,
            "book_valuer_per_share": 12.95,
            "book_valuer_per_share_4q_avg": 12.92,
            "equity": 2631466,
            "current_ratio": 165.85,
            "debt_ratio": 53.14,
            "inventory_turnover_ratio": 0.38,
            "account_receivable_turnover_ratio": 0.7,
            "reinvestment_rate": 60.52,
            "research_to_sale_ratio": 2.12,
            "price_fair": 24.27,
            "eps_avg_yearly": 0.69,
            "eps_latest_yearly": 0.88,
            "eps_growth_yearly": 206.15
        },
        "20192": {
            "year_quarter": 20192,
            "year": 2019,
            "quarter": 2,
            "eps": -0.41,
            "eps_growth_year": -286.36,
            "eps_4q": -0.51,
            "eps_4q_growth_year": -169.09,
            "roe": -3.19,
            "roe_4q": -3.84,
            "gross_profit": 255430,
            "gross_margin": 25.64,
            "gross_margin_4q_avg": 25.94,
            "net_income": -83904,
            "revenue": 996203,
            "common_shares": 1993310,
            "book_valuer_per_share": 12.59,
            "book_valuer_per_share_4q_avg": 12.85,
            "equity": 2627197,
            "current_ratio": 160.28,
            "debt_ratio": 54.03,
            "inventory_turnover_ratio": 0.42,
            "account_receivable_turnover_ratio": 0.81,
            "reinvestment_rate": 109.98,
            "research_to_sale_ratio": 2,
            "price_fair": 24.27,
            "eps_avg_yearly": 0.69,
            "eps_latest_yearly": 0.88,
            "eps_growth_yearly": 206.15
        },
        "20193": {
            "year_quarter": 20193,
            "year": 2019,
            "quarter": 3,
            "eps": -0.31,
            "eps_growth_year": null,
            "eps_4q": -0.84,
            "eps_4q_growth_year": -366.88,
            "roe": -2.49,
            "roe_4q": -6.38,
            "gross_profit": 263585,
            "gross_margin": 25.5,
            "gross_margin_4q_avg": 25,
            "net_income": -63689,
            "revenue": 1033655,
            "common_shares": 1993310,
            "book_valuer_per_share": 12.17,
            "book_valuer_per_share_4q_avg": 12.66,
            "equity": 2480384,
            "current_ratio": 150.39,
            "debt_ratio": 55.11,
            "inventory_turnover_ratio": 0.44,
            "account_receivable_turnover_ratio": 0.9,
            "reinvestment_rate": 273.09,
            "research_to_sale_ratio": 1.93,
            "price_fair": 28.84,
            "eps_avg_yearly": 0.82,
            "eps_latest_yearly": 0.88,
            "eps_growth_yearly": 311.38
        },
        "20194": {
            "year_quarter": 20194,
            "year": 2019,
            "quarter": 4,
            "eps": -0.69,
            "eps_growth_year": null,
            "eps_4q": -1.41,
            "eps_4q_growth_year": -787.42,
            "roe": -5.37,
            "roe_4q": -10.89,
            "gross_profit": 245686,
            "gross_margin": 20.37,
            "gross_margin_4q_avg": 24.78,
            "net_income": -129727,
            "revenue": 1206031,
            "common_shares": 1993310,
            "book_valuer_per_share": 11.48,
            "book_valuer_per_share_4q_avg": 12.3,
            "equity": 2351150,
            "current_ratio": 150.62,
            "debt_ratio": 52.91,
            "inventory_turnover_ratio": 0.61,
            "account_receivable_turnover_ratio": 1.13,
            "reinvestment_rate": null,
            "research_to_sale_ratio": 2.38,
            "price_fair": 28.84,
            "eps_avg_yearly": 0.82,
            "eps_latest_yearly": 0.88,
            "eps_growth_yearly": 311.38
        },
        "20201": {
            "year_quarter": 20201,
            "year": 2020,
            "quarter": 1,
            "eps": -0.08,
            "eps_growth_year": -900,
            "eps_4q": -1.5,
            "eps_4q_growth_year": -1630.14,
            "roe": -0.6,
            "roe_4q": -11.65,
            "gross_profit": 267147,
            "gross_margin": 32.74,
            "gross_margin_4q_avg": 26.06,
            "net_income": -14076,
            "revenue": 816063,
            "common_shares": 1993310,
            "book_valuer_per_share": 11.31,
            "book_valuer_per_share_4q_avg": 11.89,
            "equity": 2318485,
            "current_ratio": 146.35,
            "debt_ratio": 52.62,
            "inventory_turnover_ratio": 0.39,
            "account_receivable_turnover_ratio": 0.78,
            "reinvestment_rate": null,
            "research_to_sale_ratio": 2.39,
            "price_fair": 28.84,
            "eps_avg_yearly": 0.82,
            "eps_latest_yearly": 0.88,
            "eps_growth_yearly": 311.38
        },
        "20202": {
            "year_quarter": 20202,
            "year": 2020,
            "quarter": 2,
            "eps": -0.28,
            "eps_growth_year": null,
            "eps_4q": -1.36,
            "eps_4q_growth_year": null,
            "roe": -2.32,
            "roe_4q": -10.78,
            "gross_profit": 173431,
            "gross_margin": 23.41,
            "gross_margin_4q_avg": 25.51,
            "net_income": -52837,
            "revenue": 740872,
            "common_shares": 1993310,
            "book_valuer_per_share": 10.87,
            "book_valuer_per_share_4q_avg": 11.46,
            "equity": 2228475,
            "current_ratio": 137.35,
            "debt_ratio": 55.64,
            "inventory_turnover_ratio": 0.41,
            "account_receivable_turnover_ratio": 0.75,
            "reinvestment_rate": null,
            "research_to_sale_ratio": 2.78,
            "price_fair": 30.8,
            "eps_avg_yearly": 0.88,
            "eps_latest_yearly": 0.88,
            "eps_growth_yearly": 389.23
        },
        "20203": {
            "year_quarter": 20203,
            "year": 2020,
            "quarter": 3,
            "eps": 0.01,
            "eps_growth_year": null,
            "eps_4q": -1.05,
            "eps_4q_growth_year": null,
            "roe": -0.02,
            "roe_4q": -8.31,
            "gross_profit": 228479,
            "gross_margin": 27.41,
            "gross_margin_4q_avg": 25.98,
            "net_income": -538,
            "revenue": 833658,
            "common_shares": 1993310,
            "book_valuer_per_share": 10.97,
            "book_valuer_per_share_4q_avg": 11.16,
            "equity": 2213466,
            "current_ratio": 141.13,
            "debt_ratio": 55.72,
            "inventory_turnover_ratio": 0.45,
            "account_receivable_turnover_ratio": 0.91,
            "reinvestment_rate": null,
            "research_to_sale_ratio": 2.74,
            "price_fair": 38.73,
            "eps_avg_yearly": 1.11,
            "eps_latest_yearly": 0.88,
            "eps_growth_yearly": 607.86
        },
        "20204": {
            "year_quarter": 20204,
            "year": 2020,
            "quarter": 4,
            "eps": -0.27,
            "eps_growth_year": null,
            "eps_4q": -0.62,
            "eps_4q_growth_year": null,
            "roe": -2.3,
            "roe_4q": -5.239999999999999,
            "gross_profit": 185429,
            "gross_margin": 22.6,
            "gross_margin_4q_avg": 26.54,
            "net_income": -50568,
            "revenue": 820353,
            "common_shares": 1993310,
            "book_valuer_per_share": 10.82,
            "book_valuer_per_share_4q_avg": 10.99,
            "equity": 2184250,
            "current_ratio": 143.74,
            "debt_ratio": 56.41,
            "inventory_turnover_ratio": 0.52,
            "account_receivable_turnover_ratio": 0.89,
            "reinvestment_rate": null,
            "research_to_sale_ratio": 2.34,
            "price_fair": 43.4,
            "eps_avg_yearly": 1.24,
            "eps_latest_yearly": 0.88,
            "eps_growth_yearly": 271.79
        },
        "20211": {
            "year_quarter": 20211,
            "year": 2021,
            "quarter": 1,
            "eps": 0.05,
            "eps_growth_year": null,
            "eps_4q": -0.49,
            "eps_4q_growth_year": null,
            "roe": 0.38,
            "roe_4q": -4.26,
            "gross_profit": 179690,
            "gross_margin": 23.64,
            "gross_margin_4q_avg": 24.27,
            "net_income": 8348,
            "revenue": 760230,
            "common_shares": 1993310,
            "book_valuer_per_share": 10.78,
            "book_valuer_per_share_4q_avg": 10.86,
            "equity": 2174431,
            "current_ratio": 145.64,
            "debt_ratio": 56.22,
            "inventory_turnover_ratio": 0.51,
            "account_receivable_turnover_ratio": 0.85,
            "reinvestment_rate": null,
            "research_to_sale_ratio": 3.48,
            "price_fair": 43.4,
            "eps_avg_yearly": 1.24,
            "eps_latest_yearly": 0.88,
            "eps_growth_yearly": 271.79
        },
        "20212": {
            "year_quarter": 20212,
            "year": 2021,
            "quarter": 2,
            "eps": 0.06,
            "eps_growth_year": null,
            "eps_4q": -0.15,
            "eps_4q_growth_year": null,
            "roe": 0.48,
            "roe_4q": -1.46,
            "gross_profit": 222781,
            "gross_margin": 25.43,
            "gross_margin_4q_avg": 24.77,
            "net_income": 10549,
            "revenue": 876206,
            "common_shares": 1993310,
            "book_valuer_per_share": 10.83,
            "book_valuer_per_share_4q_avg": 10.85,
            "equity": 2185708,
            "current_ratio": 148.6,
            "debt_ratio": 56.75,
            "inventory_turnover_ratio": 0.56,
            "account_receivable_turnover_ratio": 0.99,
            "reinvestment_rate": null,
            "research_to_sale_ratio": 2.16,
            "price_fair": 31.73,
            "eps_avg_yearly": 0.91,
            "eps_latest_yearly": 0.24,
            "eps_growth_yearly": 207.86
        },
        "20213": {
            "year_quarter": 20213,
            "year": 2021,
            "quarter": 3,
            "eps": 1.08,
            "eps_growth_year": 10700,
            "eps_4q": 0.92,
            "eps_4q_growth_year": null,
            "roe": 9.11,
            "roe_4q": 7.670000000000001,
            "gross_profit": 265149,
            "gross_margin": 26.5,
            "gross_margin_4q_avg": 24.54,
            "net_income": 206939,
            "revenue": 1000392,
            "common_shares": 1993310,
            "book_valuer_per_share": 11.74,
            "book_valuer_per_share_4q_avg": 11.04,
            "equity": 2358353,
            "current_ratio": 156.01,
            "debt_ratio": 54.11,
            "inventory_turnover_ratio": 0.62,
            "account_receivable_turnover_ratio": 1.05,
            "reinvestment_rate": null,
            "research_to_sale_ratio": 1.68,
            "price_fair": 63.47,
            "eps_avg_yearly": 1.81,
            "eps_latest_yearly": 4.32,
            "eps_growth_yearly": 2385.64
        },
        "20214": {
            "year_quarter": 20214,
            "year": 2021,
            "quarter": 4,
            "eps": -0.04,
            "eps_growth_year": null,
            "eps_4q": 1.14,
            "eps_4q_growth_year": null,
            "roe": -0.3,
            "roe_4q": 9.67,
            "gross_profit": 260633,
            "gross_margin": 27.41,
            "gross_margin_4q_avg": 25.75,
            "net_income": -6864,
            "revenue": 950778,
            "common_shares": 1993310,
            "book_valuer_per_share": 11.38,
            "book_valuer_per_share_4q_avg": 11.18,
            "equity": 2290842,
            "current_ratio": 161.52,
            "debt_ratio": 55.1,
            "inventory_turnover_ratio": 0.55,
            "account_receivable_turnover_ratio": 0.97,
            "reinvestment_rate": null,
            "research_to_sale_ratio": 1.79,
            "price_fair": 63.47,
            "eps_avg_yearly": 1.81,
            "eps_latest_yearly": 4.32,
            "eps_growth_yearly": 2385.64
        },
        "20221": {
            "year_quarter": 20221,
            "year": 2022,
            "quarter": 1,
            "eps": 0.09,
            "eps_growth_year": 80,
            "eps_4q": 1.18,
            "eps_4q_growth_year": null,
            "roe": 0.84,
            "roe_4q": 10.129999999999999,
            "gross_profit": 228020,
            "gross_margin": 28.46,
            "gross_margin_4q_avg": 26.95,
            "net_income": 19404,
            "revenue": 801180,
            "common_shares": 1993310,
            "book_valuer_per_share": 11.65,
            "book_valuer_per_share_4q_avg": 11.4,
            "equity": 2343286,
            "current_ratio": 157.04,
            "debt_ratio": 55.55,
            "inventory_turnover_ratio": 0.42,
            "account_receivable_turnover_ratio": 0.87,
            "reinvestment_rate": null,
            "research_to_sale_ratio": 2.29,
            "price_fair": 63.47,
            "eps_avg_yearly": 1.81,
            "eps_latest_yearly": 4.32,
            "eps_growth_yearly": 2385.64
        },
        "20222": {
            "year_quarter": 20222,
            "year": 2022,
            "quarter": 2,
            "eps": 0.35,
            "eps_growth_year": 483.33,
            "eps_4q": 1.48,
            "eps_4q_growth_year": null,
            "roe": 2.8,
            "roe_4q": 12.45,
            "gross_profit": 316250,
            "gross_margin": 30.33,
            "gross_margin_4q_avg": 28.18,
            "net_income": 66116,
            "revenue": 1042829,
            "common_shares": 1993310,
            "book_valuer_per_share": 11.81,
            "book_valuer_per_share_4q_avg": 11.65,
            "equity": 2372895,
            "current_ratio": 158.77,
            "debt_ratio": 55.03,
            "inventory_turnover_ratio": 0.51,
            "account_receivable_turnover_ratio": 1.15,
            "reinvestment_rate": null,
            "research_to_sale_ratio": 1.68,
            "price_fair": 69.53,
            "eps_avg_yearly": 1.99,
            "eps_latest_yearly": 1.4,
            "eps_growth_yearly": 2678.52
        },
        "20223": {
            "year_quarter": 20223,
            "year": 2022,
            "quarter": 3,
            "eps": 0.29,
            "eps_growth_year": -73.15,
            "eps_4q": 0.69,
            "eps_4q_growth_year": -25.18,
            "roe": 2.33,
            "roe_4q": 5.67,
            "gross_profit": 246210,
            "gross_margin": 29.08,
            "gross_margin_4q_avg": 28.82,
            "net_income": 55998,
            "revenue": 846620,
            "common_shares": 1943310,
            "book_valuer_per_share": 12.15,
            "book_valuer_per_share_4q_avg": 11.75,
            "equity": 2438378,
            "current_ratio": 158.77,
            "debt_ratio": 55.77,
            "inventory_turnover_ratio": 0.41,
            "account_receivable_turnover_ratio": 0.96,
            "reinvestment_rate": null,
            "research_to_sale_ratio": 2.03,
            "price_fair": 62.3,
            "eps_avg_yearly": 1.78,
            "eps_latest_yearly": 1.16,
            "eps_growth_yearly": 1991.75
        },
        "20224": {
            "year_quarter": 20224,
            "year": 2022,
            "quarter": 4,
            "eps": 0.08,
            "eps_growth_year": null,
            "eps_4q": 0.81,
            "eps_4q_growth_year": -28.67,
            "roe": 0.5,
            "roe_4q": 6.47,
            "gross_profit": 331165,
            "gross_margin": 30.15,
            "gross_margin_4q_avg": 29.51,
            "net_income": 12406,
            "revenue": 1098489,
            "common_shares": 1943310,
            "book_valuer_per_share": 12.48,
            "book_valuer_per_share_4q_avg": 12.02,
            "equity": 2498803,
            "current_ratio": 152.57,
            "debt_ratio": 55.05,
            "inventory_turnover_ratio": 0.5,
            "account_receivable_turnover_ratio": 1.24,
            "reinvestment_rate": null,
            "research_to_sale_ratio": 1.49,
            "price_fair": 52.08,
            "eps_avg_yearly": 1.49,
            "eps_latest_yearly": 0.32,
            "eps_growth_yearly": 1535.47
        },
        "20231": {
            "year_quarter": 20231,
            "year": 2023,
            "quarter": 1,
            "eps": 0.07,
            "eps_growth_year": -22.22,
            "eps_4q": 0.79,
            "eps_4q_growth_year": -33.39,
            "roe": 0.41,
            "roe_4q": 6.04,
            "gross_profit": 268851,
            "gross_margin": 28.85,
            "gross_margin_4q_avg": 29.6,
            "net_income": 10385,
            "revenue": 931763,
            "common_shares": 1943310,
            "book_valuer_per_share": 12.6,
            "book_valuer_per_share_4q_avg": 12.26,
            "equity": 2518881,
            "current_ratio": 155.56,
            "debt_ratio": 53.14,
            "inventory_turnover_ratio": 0.43,
            "account_receivable_turnover_ratio": 1.03,
            "reinvestment_rate": null,
            "research_to_sale_ratio": 2.05,
            "price_fair": 45.03,
            "eps_avg_yearly": 1.29,
            "eps_latest_yearly": 0.28,
            "eps_growth_yearly": 1271.22
        }
    },
    "months": {
        "2001-06": {
            "month": "2001-06",
            "price": "14.78",
            "revenue": 220092
        },
        "2001-07": {
            "month": "2001-07",
            "price": "11.45",
            "revenue": 142122
        },
        "2001-08": {
            "month": "2001-08",
            "price": "8.76",
            "revenue": 145929
        },
        "2001-09": {
            "month": "2001-09",
            "price": "7.53",
            "revenue": 125586
        },
        "2001-10": {
            "month": "2001-10",
            "price": "7.44",
            "revenue": 142145
        },
        "2001-11": {
            "month": "2001-11",
            "price": "7.43",
            "revenue": 156535
        },
        "2001-12": {
            "month": "2001-12",
            "price": "7.90",
            "revenue": 153551
        },
        "2002-01": {
            "month": "2002-01",
            "price": "8.23",
            "revenue": 125271
        },
        "2002-02": {
            "month": "2002-02",
            "price": "8.64",
            "revenue": 98865
        },
        "2002-03": {
            "month": "2002-03",
            "price": "9.04",
            "revenue": 215655
        },
        "2002-04": {
            "month": "2002-04",
            "price": "10.76",
            "revenue": 199466
        },
        "2002-05": {
            "month": "2002-05",
            "price": "9.20",
            "revenue": 198774
        },
        "2002-06": {
            "month": "2002-06",
            "price": "9.13",
            "revenue": 202962
        },
        "2002-07": {
            "month": "2002-07",
            "price": "8.56",
            "revenue": 207839
        },
        "2002-08": {
            "month": "2002-08",
            "price": "7.54",
            "revenue": 189624
        },
        "2002-09": {
            "month": "2002-09",
            "price": "6.72",
            "revenue": 207243
        },
        "2002-10": {
            "month": "2002-10",
            "price": "6.68",
            "revenue": 188817
        },
        "2002-11": {
            "month": "2002-11",
            "price": "7.29",
            "revenue": 243433
        },
        "2002-12": {
            "month": "2002-12",
            "price": "8.32",
            "revenue": 226172
        },
        "2003-01": {
            "month": "2003-01",
            "price": "9.29",
            "revenue": 160999
        },
        "2003-02": {
            "month": "2003-02",
            "price": "10.08",
            "revenue": 145256
        },
        "2003-03": {
            "month": "2003-03",
            "price": "9.70",
            "revenue": 217302
        },
        "2003-04": {
            "month": "2003-04",
            "price": "8.41",
            "revenue": 221659
        },
        "2003-05": {
            "month": "2003-05",
            "price": "7.40",
            "revenue": 246116
        },
        "2003-06": {
            "month": "2003-06",
            "price": "9.16",
            "revenue": 245190
        },
        "2003-07": {
            "month": "2003-07",
            "price": "10.03",
            "revenue": 198691
        },
        "2003-08": {
            "month": "2003-08",
            "price": "8.90",
            "revenue": 171953
        },
        "2003-09": {
            "month": "2003-09",
            "price": "8.60",
            "revenue": 236660
        },
        "2003-10": {
            "month": "2003-10",
            "price": "8.98",
            "revenue": 244686
        },
        "2003-11": {
            "month": "2003-11",
            "price": "10.90",
            "revenue": 209741
        },
        "2003-12": {
            "month": "2003-12",
            "price": "12.00",
            "revenue": 255492
        },
        "2004-01": {
            "month": "2004-01",
            "price": "11.70",
            "revenue": 144562
        },
        "2004-02": {
            "month": "2004-02",
            "price": "13.15",
            "revenue": 212944
        },
        "2004-03": {
            "month": "2004-03",
            "price": "12.00",
            "revenue": 253612
        },
        "2004-04": {
            "month": "2004-04",
            "price": "11.32",
            "revenue": 232100
        },
        "2004-05": {
            "month": "2004-05",
            "price": "9.26",
            "revenue": 245121
        },
        "2004-06": {
            "month": "2004-06",
            "price": "8.57",
            "revenue": 263231
        },
        "2004-07": {
            "month": "2004-07",
            "price": "8.02",
            "revenue": 266925
        },
        "2004-08": {
            "month": "2004-08",
            "price": "7.97",
            "revenue": 269178
        },
        "2004-09": {
            "month": "2004-09",
            "price": "8.58",
            "revenue": 237295
        },
        "2004-10": {
            "month": "2004-10",
            "price": "8.81",
            "revenue": 250454
        },
        "2004-11": {
            "month": "2004-11",
            "price": "8.84",
            "revenue": 224300
        },
        "2004-12": {
            "month": "2004-12",
            "price": "8.75",
            "revenue": 209871
        },
        "2005-01": {
            "month": "2005-01",
            "price": "8.76",
            "revenue": 234445
        },
        "2005-02": {
            "month": "2005-02",
            "price": "8.53",
            "revenue": 139134
        },
        "2005-03": {
            "month": "2005-03",
            "price": "8.49",
            "revenue": 243731
        },
        "2005-04": {
            "month": "2005-04",
            "price": "8.18",
            "revenue": 258303
        },
        "2005-05": {
            "month": "2005-05",
            "price": "8.63",
            "revenue": 252212
        },
        "2005-06": {
            "month": "2005-06",
            "price": "9.50",
            "revenue": 240575
        },
        "2005-07": {
            "month": "2005-07",
            "price": "11.86",
            "revenue": 215343
        },
        "2005-08": {
            "month": "2005-08",
            "price": "11.23",
            "revenue": 220492
        },
        "2005-09": {
            "month": "2005-09",
            "price": "10.23",
            "revenue": 232836
        },
        "2005-10": {
            "month": "2005-10",
            "price": "9.13",
            "revenue": 261817
        },
        "2005-11": {
            "month": "2005-11",
            "price": "9.47",
            "revenue": 300724
        },
        "2005-12": {
            "month": "2005-12",
            "price": "10.85",
            "revenue": 252029
        },
        "2006-01": {
            "month": "2006-01",
            "price": "11.86",
            "revenue": 238672
        },
        "2006-02": {
            "month": "2006-02",
            "price": "11.65",
            "revenue": 204971
        },
        "2006-03": {
            "month": "2006-03",
            "price": "11.44",
            "revenue": 258091
        },
        "2006-04": {
            "month": "2006-04",
            "price": "12.35",
            "revenue": 285051
        },
        "2006-05": {
            "month": "2006-05",
            "price": "14.20",
            "revenue": 265718
        },
        "2006-06": {
            "month": "2006-06",
            "price": "13.26",
            "revenue": 272160
        },
        "2006-07": {
            "month": "2006-07",
            "price": "13.79",
            "revenue": 244877
        },
        "2006-08": {
            "month": "2006-08",
            "price": "14.17",
            "revenue": 273162
        },
        "2006-09": {
            "month": "2006-09",
            "price": "14.51",
            "revenue": 220147
        },
        "2006-10": {
            "month": "2006-10",
            "price": "15.11",
            "revenue": 258544
        },
        "2006-11": {
            "month": "2006-11",
            "price": "16.78",
            "revenue": 218114
        },
        "2006-12": {
            "month": "2006-12",
            "price": "16.65",
            "revenue": 195128
        },
        "2007-01": {
            "month": "2007-01",
            "price": "18.10",
            "revenue": 261888
        },
        "2007-02": {
            "month": "2007-02",
            "price": "18.09",
            "revenue": 143217
        },
        "2007-03": {
            "month": "2007-03",
            "price": "20.27",
            "revenue": 261719
        },
        "2007-04": {
            "month": "2007-04",
            "price": "21.48",
            "revenue": 231357
        },
        "2007-05": {
            "month": "2007-05",
            "price": "20.25",
            "revenue": 235267
        },
        "2007-06": {
            "month": "2007-06",
            "price": "21.41",
            "revenue": 229894
        },
        "2007-07": {
            "month": "2007-07",
            "price": "24.57",
            "revenue": 260440
        },
        "2007-08": {
            "month": "2007-08",
            "price": "22.00",
            "revenue": 282270
        },
        "2007-09": {
            "month": "2007-09",
            "price": "21.54",
            "revenue": 251084
        },
        "2007-10": {
            "month": "2007-10",
            "price": "22.12",
            "revenue": 264365
        },
        "2007-11": {
            "month": "2007-11",
            "price": "20.18",
            "revenue": 298770
        },
        "2007-12": {
            "month": "2007-12",
            "price": "18.41",
            "revenue": 266812
        },
        "2008-01": {
            "month": "2008-01",
            "price": "16.77",
            "revenue": 228814
        },
        "2008-02": {
            "month": "2008-02",
            "price": "16.68",
            "revenue": 169729
        },
        "2008-03": {
            "month": "2008-03",
            "price": "17.52",
            "revenue": 254132
        },
        "2008-04": {
            "month": "2008-04",
            "price": "17.92",
            "revenue": 244220
        },
        "2008-05": {
            "month": "2008-05",
            "price": "16.82",
            "revenue": 240951
        },
        "2008-06": {
            "month": "2008-06",
            "price": "15.78",
            "revenue": 244044
        },
        "2008-07": {
            "month": "2008-07",
            "price": "15.22",
            "revenue": 268645
        },
        "2008-08": {
            "month": "2008-08",
            "price": "14.24",
            "revenue": 268715
        },
        "2008-09": {
            "month": "2008-09",
            "price": "10.88",
            "revenue": 268573
        },
        "2008-10": {
            "month": "2008-10",
            "price": "7.91",
            "revenue": 219699
        },
        "2008-11": {
            "month": "2008-11",
            "price": "6.96",
            "revenue": 206357
        },
        "2008-12": {
            "month": "2008-12",
            "price": "6.85",
            "revenue": 168467
        },
        "2009-01": {
            "month": "2009-01",
            "price": "6.34",
            "revenue": 89863
        },
        "2009-02": {
            "month": "2009-02",
            "price": "6.00",
            "revenue": 103314
        },
        "2009-03": {
            "month": "2009-03",
            "price": "7.05",
            "revenue": 86268
        },
        "2009-04": {
            "month": "2009-04",
            "price": "8.18",
            "revenue": 87326
        },
        "2009-05": {
            "month": "2009-05",
            "price": "8.67",
            "revenue": 125412
        },
        "2009-06": {
            "month": "2009-06",
            "price": "8.48",
            "revenue": 111463
        },
        "2009-07": {
            "month": "2009-07",
            "price": "8.99",
            "revenue": 137879
        },
        "2009-08": {
            "month": "2009-08",
            "price": "9.34",
            "revenue": 124505
        },
        "2009-09": {
            "month": "2009-09",
            "price": "9.20",
            "revenue": 173481
        },
        "2009-10": {
            "month": "2009-10",
            "price": "10.15",
            "revenue": 158894
        },
        "2009-11": {
            "month": "2009-11",
            "price": "10.87",
            "revenue": 163437
        },
        "2009-12": {
            "month": "2009-12",
            "price": "10.75",
            "revenue": 164773
        },
        "2010-01": {
            "month": "2010-01",
            "price": "11.60",
            "revenue": 233334
        },
        "2010-02": {
            "month": "2010-02",
            "price": "10.64",
            "revenue": 180851
        },
        "2010-03": {
            "month": "2010-03",
            "price": "11.71",
            "revenue": 354162
        },
        "2010-04": {
            "month": "2010-04",
            "price": "15.91",
            "revenue": 283543
        },
        "2010-05": {
            "month": "2010-05",
            "price": "14.98",
            "revenue": 262708
        },
        "2010-06": {
            "month": "2010-06",
            "price": "14.53",
            "revenue": 350135
        },
        "2010-07": {
            "month": "2010-07",
            "price": "14.80",
            "revenue": 314492
        },
        "2010-08": {
            "month": "2010-08",
            "price": "16.18",
            "revenue": 348669
        },
        "2010-09": {
            "month": "2010-09",
            "price": "17.01",
            "revenue": 417843
        },
        "2010-10": {
            "month": "2010-10",
            "price": "17.05",
            "revenue": 258966
        },
        "2010-11": {
            "month": "2010-11",
            "price": "16.03",
            "revenue": 238944
        },
        "2010-12": {
            "month": "2010-12",
            "price": "16.34",
            "revenue": 264574
        },
        "2011-01": {
            "month": "2011-01",
            "price": "16.55",
            "revenue": 230216
        },
        "2011-02": {
            "month": "2011-02",
            "price": "15.71",
            "revenue": 209487
        },
        "2011-03": {
            "month": "2011-03",
            "price": "15.22",
            "revenue": 303980
        },
        "2011-04": {
            "month": "2011-04",
            "price": "16.59",
            "revenue": 277067
        },
        "2011-05": {
            "month": "2011-05",
            "price": "19.65",
            "revenue": 313558
        },
        "2011-06": {
            "month": "2011-06",
            "price": "19.01",
            "revenue": 350333
        },
        "2011-07": {
            "month": "2011-07",
            "price": "18.75",
            "revenue": 319660
        },
        "2011-08": {
            "month": "2011-08",
            "price": "15.99",
            "revenue": 279179
        },
        "2011-09": {
            "month": "2011-09",
            "price": "15.25",
            "revenue": 265329
        },
        "2011-10": {
            "month": "2011-10",
            "price": "15.12",
            "revenue": 295530
        },
        "2011-11": {
            "month": "2011-11",
            "price": "14.92",
            "revenue": 305029
        },
        "2011-12": {
            "month": "2011-12",
            "price": "13.93",
            "revenue": 238717
        },
        "2012-01": {
            "month": "2012-01",
            "price": "13.47",
            "revenue": 151876
        },
        "2012-02": {
            "month": "2012-02",
            "price": "15.21",
            "revenue": 224689
        },
        "2012-03": {
            "month": "2012-03",
            "price": "15.19",
            "revenue": 353135
        },
        "2012-04": {
            "month": "2012-04",
            "price": "13.55",
            "revenue": 236311
        },
        "2012-05": {
            "month": "2012-05",
            "price": "11.99",
            "revenue": 285296
        },
        "2012-06": {
            "month": "2012-06",
            "price": "11.50",
            "revenue": 316111
        },
        "2012-07": {
            "month": "2012-07",
            "price": "11.62",
            "revenue": 275758
        },
        "2012-08": {
            "month": "2012-08",
            "price": "11.74",
            "revenue": 280645
        },
        "2012-09": {
            "month": "2012-09",
            "price": "11.40",
            "revenue": 223078
        },
        "2012-10": {
            "month": "2012-10",
            "price": "10.25",
            "revenue": 254050
        },
        "2012-11": {
            "month": "2012-11",
            "price": "9.91",
            "revenue": 148348
        },
        "2012-12": {
            "month": "2012-12",
            "price": "10.13",
            "revenue": 174151
        },
        "2013-01": {
            "month": "2013-01",
            "price": "10.46",
            "revenue": 182590
        },
        "2013-02": {
            "month": "2013-02",
            "price": "11.95",
            "revenue": 217935
        },
        "2013-03": {
            "month": "2013-03",
            "price": "12.50",
            "revenue": 309433
        },
        "2013-04": {
            "month": "2013-04",
            "price": "12.86",
            "revenue": 234922
        },
        "2013-05": {
            "month": "2013-05",
            "price": "14.09",
            "revenue": 470238
        },
        "2013-06": {
            "month": "2013-06",
            "price": "14.83",
            "revenue": 452848
        },
        "2013-07": {
            "month": "2013-07",
            "price": "15.49",
            "revenue": 208026
        },
        "2013-08": {
            "month": "2013-08",
            "price": "16.15",
            "revenue": 213645
        },
        "2013-09": {
            "month": "2013-09",
            "price": "15.37",
            "revenue": 203474
        },
        "2013-10": {
            "month": "2013-10",
            "price": "14.54",
            "revenue": 209639
        },
        "2013-11": {
            "month": "2013-11",
            "price": "13.83",
            "revenue": 246272
        },
        "2013-12": {
            "month": "2013-12",
            "price": "14.36",
            "revenue": 247328
        },
        "2014-01": {
            "month": "2014-01",
            "price": "15.06",
            "revenue": 224985
        },
        "2014-02": {
            "month": "2014-02",
            "price": "15.16",
            "revenue": 194250
        },
        "2014-03": {
            "month": "2014-03",
            "price": "15.13",
            "revenue": 377934
        },
        "2014-04": {
            "month": "2014-04",
            "price": "15.02",
            "revenue": 343365
        },
        "2014-05": {
            "month": "2014-05",
            "price": "15.01",
            "revenue": 309707
        },
        "2014-06": {
            "month": "2014-06",
            "price": "14.69",
            "revenue": 284713
        },
        "2014-07": {
            "month": "2014-07",
            "price": "13.78",
            "revenue": 258483
        },
        "2014-08": {
            "month": "2014-08",
            "price": "13.14",
            "revenue": 238252
        },
        "2014-09": {
            "month": "2014-09",
            "price": "12.89",
            "revenue": 253430
        },
        "2014-10": {
            "month": "2014-10",
            "price": "11.64",
            "revenue": 317058
        },
        "2014-11": {
            "month": "2014-11",
            "price": "11.17",
            "revenue": 207861
        },
        "2014-12": {
            "month": "2014-12",
            "price": "11.30",
            "revenue": 285276
        },
        "2015-01": {
            "month": "2015-01",
            "price": "11.12",
            "revenue": 248534
        },
        "2015-02": {
            "month": "2015-02",
            "price": "11.13",
            "revenue": 182737
        },
        "2015-03": {
            "month": "2015-03",
            "price": "11.40",
            "revenue": 352463
        },
        "2015-04": {
            "month": "2015-04",
            "price": "11.25",
            "revenue": 228066
        },
        "2015-05": {
            "month": "2015-05",
            "price": "10.37",
            "revenue": 358005
        },
        "2015-06": {
            "month": "2015-06",
            "price": "9.04",
            "revenue": 334252
        },
        "2015-07": {
            "month": "2015-07",
            "price": "8.73",
            "revenue": 232893
        },
        "2015-08": {
            "month": "2015-08",
            "price": "8.06",
            "revenue": 241937
        },
        "2015-09": {
            "month": "2015-09",
            "price": "9.02",
            "revenue": 214302
        },
        "2015-10": {
            "month": "2015-10",
            "price": "9.82",
            "revenue": 250357
        },
        "2015-11": {
            "month": "2015-11",
            "price": "9.38",
            "revenue": 280649
        },
        "2015-12": {
            "month": "2015-12",
            "price": "9.15",
            "revenue": 212295
        },
        "2016-01": {
            "month": "2016-01",
            "price": "8.39",
            "revenue": 251257
        },
        "2016-02": {
            "month": "2016-02",
            "price": "9.02",
            "revenue": 175161
        },
        "2016-03": {
            "month": "2016-03",
            "price": "9.43",
            "revenue": 369589
        },
        "2016-04": {
            "month": "2016-04",
            "price": "10.17",
            "revenue": 329602
        },
        "2016-05": {
            "month": "2016-05",
            "price": "9.58",
            "revenue": 260161
        },
        "2016-06": {
            "month": "2016-06",
            "price": "10.20",
            "revenue": 389232
        },
        "2016-07": {
            "month": "2016-07",
            "price": "10.54",
            "revenue": 328038
        },
        "2016-08": {
            "month": "2016-08",
            "price": "10.43",
            "revenue": 317001
        },
        "2016-09": {
            "month": "2016-09",
            "price": "10.14",
            "revenue": 402336
        },
        "2016-10": {
            "month": "2016-10",
            "price": "10.80",
            "revenue": 276516
        },
        "2016-11": {
            "month": "2016-11",
            "price": "10.21",
            "revenue": 259076
        },
        "2016-12": {
            "month": "2016-12",
            "price": "10.07",
            "revenue": 346209
        },
        "2017-01": {
            "month": "2017-01",
            "price": "10.10",
            "revenue": 276807
        },
        "2017-02": {
            "month": "2017-02",
            "price": "10.66",
            "revenue": 203425
        },
        "2017-03": {
            "month": "2017-03",
            "price": "10.64",
            "revenue": 363261
        },
        "2017-04": {
            "month": "2017-04",
            "price": "10.81",
            "revenue": 307914
        },
        "2017-05": {
            "month": "2017-05",
            "price": "10.33",
            "revenue": 352225
        },
        "2017-06": {
            "month": "2017-06",
            "price": "10.32",
            "revenue": 375369
        },
        "2017-07": {
            "month": "2017-07",
            "price": "10.39",
            "revenue": 507028
        },
        "2017-08": {
            "month": "2017-08",
            "price": "11.13",
            "revenue": 453038
        },
        "2017-09": {
            "month": "2017-09",
            "price": "11.78",
            "revenue": 399825
        },
        "2017-10": {
            "month": "2017-10",
            "price": "11.40",
            "revenue": 392308
        },
        "2017-11": {
            "month": "2017-11",
            "price": "13.70",
            "revenue": 456071
        },
        "2017-12": {
            "month": "2017-12",
            "price": "14.42",
            "revenue": 372799
        },
        "2018-01": {
            "month": "2018-01",
            "price": "14.48",
            "revenue": 341431
        },
        "2018-02": {
            "month": "2018-02",
            "price": "14.42",
            "revenue": 400210
        },
        "2018-03": {
            "month": "2018-03",
            "price": "15.93",
            "revenue": 523784
        },
        "2018-04": {
            "month": "2018-04",
            "price": "16.01",
            "revenue": 474294
        },
        "2018-05": {
            "month": "2018-05",
            "price": "16.34",
            "revenue": 408036
        },
        "2018-06": {
            "month": "2018-06",
            "price": "15.85",
            "revenue": 423102
        },
        "2018-07": {
            "month": "2018-07",
            "price": "14.43",
            "revenue": 415143
        },
        "2018-08": {
            "month": "2018-08",
            "price": "13.33",
            "revenue": 388553
        },
        "2018-09": {
            "month": "2018-09",
            "price": "12.38",
            "revenue": 409880
        },
        "2018-10": {
            "month": "2018-10",
            "price": "10.84",
            "revenue": 339347
        },
        "2018-11": {
            "month": "2018-11",
            "price": "10.10",
            "revenue": 381249
        },
        "2018-12": {
            "month": "2018-12",
            "price": "10.24",
            "revenue": 381782
        },
        "2019-01": {
            "month": "2019-01",
            "price": "10.10",
            "revenue": 339618
        },
        "2019-02": {
            "month": "2019-02",
            "price": "10.28",
            "revenue": 261018
        },
        "2019-03": {
            "month": "2019-03",
            "price": "10.33",
            "revenue": 339249
        },
        "2019-04": {
            "month": "2019-04",
            "price": "10.13",
            "revenue": 322028
        },
        "2019-05": {
            "month": "2019-05",
            "price": "9.50",
            "revenue": 335413
        },
        "2019-06": {
            "month": "2019-06",
            "price": "9.31",
            "revenue": 334033
        },
        "2019-07": {
            "month": "2019-07",
            "price": "9.43",
            "revenue": 311111
        },
        "2019-08": {
            "month": "2019-08",
            "price": "9.37",
            "revenue": 324550
        },
        "2019-09": {
            "month": "2019-09",
            "price": "9.24",
            "revenue": 394638
        },
        "2019-10": {
            "month": "2019-10",
            "price": "8.99",
            "revenue": 410436
        },
        "2019-11": {
            "month": "2019-11",
            "price": "8.83",
            "revenue": 390007
        },
        "2019-12": {
            "month": "2019-12",
            "price": "9.06",
            "revenue": 403618
        },
        "2020-01": {
            "month": "2020-01",
            "price": "9.04",
            "revenue": 231176
        },
        "2020-02": {
            "month": "2020-02",
            "price": "8.03",
            "revenue": 281766
        },
        "2020-03": {
            "month": "2020-03",
            "price": "6.41",
            "revenue": 325884
        },
        "2020-04": {
            "month": "2020-04",
            "price": "6.50",
            "revenue": 272687
        },
        "2020-05": {
            "month": "2020-05",
            "price": "7.57",
            "revenue": 211278
        },
        "2020-06": {
            "month": "2020-06",
            "price": "7.78",
            "revenue": 274098
        },
        "2020-07": {
            "month": "2020-07",
            "price": "7.89",
            "revenue": 248639
        },
        "2020-08": {
            "month": "2020-08",
            "price": "7.88",
            "revenue": 281561
        },
        "2020-09": {
            "month": "2020-09",
            "price": "8.29",
            "revenue": 290830
        },
        "2020-10": {
            "month": "2020-10",
            "price": "8.08",
            "revenue": 243531
        },
        "2020-11": {
            "month": "2020-11",
            "price": "8.10",
            "revenue": 236571
        },
        "2020-12": {
            "month": "2020-12",
            "price": "9.18",
            "revenue": 320896
        },
        "2021-01": {
            "month": "2021-01",
            "price": "10.01",
            "revenue": 216644
        },
        "2021-02": {
            "month": "2021-02",
            "price": "9.55",
            "revenue": 198296
        },
        "2021-03": {
            "month": "2021-03",
            "price": "10.08",
            "revenue": 344820
        },
        "2021-04": {
            "month": "2021-04",
            "price": "11.07",
            "revenue": 287133
        },
        "2021-05": {
            "month": "2021-05",
            "price": "9.98",
            "revenue": 307483
        },
        "2021-06": {
            "month": "2021-06",
            "price": "11.07",
            "revenue": 281614
        },
        "2021-07": {
            "month": "2021-07",
            "price": "12.00",
            "revenue": 310150
        },
        "2021-08": {
            "month": "2021-08",
            "price": "11.07",
            "revenue": 369008
        },
        "2021-09": {
            "month": "2021-09",
            "price": "10.72",
            "revenue": 317563
        },
        "2021-10": {
            "month": "2021-10",
            "price": "10.54",
            "revenue": 275958
        },
        "2021-11": {
            "month": "2021-11",
            "price": "11.20",
            "revenue": 285752
        },
        "2021-12": {
            "month": "2021-12",
            "price": "11.64",
            "revenue": 372935
        },
        "2022-01": {
            "month": "2022-01",
            "price": "11.11",
            "revenue": 234592
        },
        "2022-02": {
            "month": "2022-02",
            "price": "10.87",
            "revenue": 199306
        },
        "2022-03": {
            "month": "2022-03",
            "price": "10.01",
            "revenue": 362127
        },
        "2022-04": {
            "month": "2022-04",
            "price": "9.48",
            "revenue": 345836
        },
        "2022-05": {
            "month": "2022-05",
            "price": "9.57",
            "revenue": 307660
        },
        "2022-06": {
            "month": "2022-06",
            "price": "9.86",
            "revenue": 398023
        },
        "2022-07": {
            "month": "2022-07",
            "price": "9.28",
            "revenue": 287238
        },
        "2022-08": {
            "month": "2022-08",
            "price": "10.40",
            "revenue": 286967
        },
        "2022-09": {
            "month": "2022-09",
            "price": "10.46",
            "revenue": 295730
        },
        "2022-10": {
            "month": "2022-10",
            "price": "9.21",
            "revenue": 326923
        },
        "2022-11": {
            "month": "2022-11",
            "price": "9.45",
            "revenue": 394266
        },
        "2022-12": {
            "month": "2022-12",
            "price": "10.15",
            "revenue": 376144
        },
        "2023-01": {
            "month": "2023-01",
            "price": "9.98",
            "revenue": 282962
        },
        "2023-02": {
            "month": "2023-02",
            "price": "10.32",
            "revenue": 242839
        },
        "2023-03": {
            "month": "2023-03",
            "price": "10.69",
            "revenue": 375756
        },
        "2023-04": {
            "month": "2023-04",
            "price": "11.48",
            "revenue": 335234
        },
        "2023-05": {
            "month": "2023-05",
            "price": "12.05",
            "revenue": 300035
        }
    }
}
