{
    "summary": {
        "stock_name": "樂事綠能",
        "stock_id": "1529",
        "category": "電機機械",
        "main_business": "高低壓配電盤自動控制盤馬達起動盤及試驗儀器設計製造安裝及買賣<br>各種電工(含變比器)電機電子器材設計製造及買賣<br>各種電力(含太陽能)及水管系統工程設計承包",
        "website_url": "http://www.luxe.com.tw",
        "ceo": "陳連聰",
        "pe_ratio": 52,
        "report_year_from": 2001,
        "report_year_to": 2023,
        "age": 23,
        "eps_negative_percentage": 57,
        "eps_growth_avg": {
            "last_all": 0.07,
            "last_2y": 27.55,
            "last_4y": 35.42,
            "last_8y": 46.18,
            "last_12y": 46.18,
            "last_16y": 46.18,
            "last_20y": 9.64,
            "at_2006_last_3y": -100,
            "at_2007_last_3y": -100,
            "at_2008_last_3y": -100,
            "at_2009_last_3y": -100,
            "at_2010_last_3y": null,
            "at_2011_last_3y": null,
            "at_2012_last_3y": null,
            "at_2013_last_3y": null,
            "at_2014_last_3y": null,
            "at_2015_last_3y": null,
            "at_2016_last_3y": null,
            "at_2017_last_3y": null,
            "at_2018_last_3y": 100,
            "at_2019_last_3y": 75,
            "at_2020_last_3y": 64.81,
            "at_2021_last_3y": 64.38,
            "at_2022_last_3y": 21.69,
            "at_2023_last_3y": 31.77,
            "at_2024_last_3y": 31.77,
            "at_2006_last_all": -92.16,
            "at_2007_last_all": -92.16,
            "at_2008_last_all": -92.16,
            "at_2009_last_all": -92.16,
            "at_2010_last_all": -92.16,
            "at_2011_last_all": -92.16,
            "at_2012_last_all": -92.16,
            "at_2013_last_all": -92.16,
            "at_2014_last_all": -92.16,
            "at_2015_last_all": -92.16,
            "at_2016_last_all": -92.16,
            "at_2017_last_all": -92.16,
            "at_2018_last_all": -44.12,
            "at_2019_last_all": -25.29,
            "at_2020_last_all": -13.67,
            "at_2021_last_all": -2.71,
            "at_2022_last_all": -11.21,
            "at_2023_last_all": 0.07,
            "at_2024_last_all": 0.07
        },
        "latest_eps": 0.63,
        "latest_price": 32.6,
        "latest_roe": 5.71,
        "latest_gross_margin": 25.06,
        "latest_equity": 1767762,
        "latest_revenue": 237551,
        "latest_gross_profit": 59535,
        "latest_net_income": -40521,
        "latest_debt_ratio": 43.63,
        "latest_current_ratio": 201.74,
        "latest_account_receivable_turnover_ratio": 2.15,
        "latest_inventory_turnover_ratio": 1.07,
        "latest_reinvestment_rate": 205.6,
        "latest_research_to_sale_ratio": 0.16
    },
    "eps_dividends": {
        "1999": {
            "cash": 0,
            "stock": 1,
            "eps": 0
        },
        "2000": {
            "cash": 0,
            "stock": 2,
            "eps": 0
        },
        "2001": {
            "cash": 0.2,
            "stock": 0.6,
            "eps": 0.34
        },
        "2002": {
            "cash": 0,
            "stock": 0.5,
            "eps": 0.08
        },
        "2003": {
            "cash": 0,
            "stock": 0,
            "eps": -0.6
        },
        "2004": {
            "cash": 0,
            "stock": 0,
            "eps": -0.05
        },
        "2005": {
            "cash": 0,
            "stock": 0,
            "eps": 0.05
        },
        "2006": {
            "cash": 0,
            "stock": 0,
            "eps": -0.24
        },
        "2007": {
            "cash": 0,
            "stock": 0,
            "eps": -1.85
        },
        "2008": {
            "cash": 0,
            "stock": 0,
            "eps": -2.43
        },
        "2009": {
            "cash": 0,
            "stock": 0,
            "eps": -1.57
        },
        "2010": {
            "cash": 0,
            "stock": 0,
            "eps": -2.31
        },
        "2011": {
            "cash": 0,
            "stock": 0,
            "eps": -0.04
        },
        "2012": {
            "cash": 0,
            "stock": 0,
            "eps": -1.03
        },
        "2013": {
            "cash": 0,
            "stock": 0,
            "eps": -0.34
        },
        "2014": {
            "cash": 0,
            "stock": 0,
            "eps": -0.24
        },
        "2015": {
            "cash": 0,
            "stock": 0,
            "eps": -0.72
        },
        "2016": {
            "cash": 0,
            "stock": 0,
            "eps": -0.16
        },
        "2017": {
            "cash": 0,
            "stock": 0,
            "eps": 0.1
        },
        "2018": {
            "cash": 0,
            "stock": 0,
            "eps": 0.3
        },
        "2019": {
            "cash": 0.2,
            "stock": 0,
            "eps": 0.45
        },
        "2020": {
            "cash": 0.5,
            "stock": 0,
            "eps": 0.65
        },
        "2021": {
            "cash": 0.5,
            "stock": 0,
            "eps": 1.06
        },
        "2022": {
            "cash": 0.2,
            "stock": 0.7,
            "eps": 0.31
        },
        "2023": {
            "cash": 0.5,
            "stock": 0.7,
            "eps": 0.59
        }
    },
    "dividends": {
        "1999-05-28": {
            "cash": 0,
            "stock": 1
        },
        "2000-05-23": {
            "cash": 0,
            "stock": 2
        },
        "2001-06-13": {
            "cash": 0.2,
            "stock": 0.6
        },
        "2002-06-11": {
            "cash": 0,
            "stock": 0.5
        },
        "2019-07-24": {
            "cash": 0.2,
            "stock": 0
        },
        "2020-08-13": {
            "cash": 0.5,
            "stock": 0
        },
        "2021-08-18": {
            "cash": 0.5,
            "stock": 0
        },
        "2022-10-20": {
            "cash": 0.2,
            "stock": 0.7
        },
        "2023-02-21": {
            "cash": 0.25,
            "stock": 0.35
        },
        "2023-07-27": {
            "cash": 0.25,
            "stock": 0.35
        }
    },
    "prices": {
        "200101": "9.94",
        "200102": "9.60",
        "200103": "9.60",
        "200104": "8.93",
        "200105": "7.85",
        "200106": "7.42",
        "200107": "6.18",
        "200108": "6.07",
        "200109": "5.33",
        "200110": "4.93",
        "200111": "4.82",
        "200112": "5.15",
        "200201": "5.77",
        "200202": "5.93",
        "200203": "9.90",
        "200204": "13.51",
        "200205": "10.29",
        "200206": "11.99",
        "200207": "12.42",
        "200208": "11.60",
        "200209": "11.61",
        "200210": "11.50",
        "200211": "11.80",
        "200212": "11.06",
        "200301": "11.73",
        "200302": "10.84",
        "200303": "10.77",
        "200304": "10.37",
        "200305": "8.42",
        "200306": "9.00",
        "200307": "9.44",
        "200308": "8.86",
        "200309": "8.17",
        "200310": "7.98",
        "200311": "8.22",
        "200312": "10.56",
        "200401": "10.94",
        "200402": "11.84",
        "200403": "11.47",
        "200404": "11.25",
        "200405": "10.05",
        "200406": "8.50",
        "200407": "7.50",
        "200408": "7.47",
        "200409": "6.92",
        "200410": "6.77",
        "200411": "6.51",
        "200412": "6.00",
        "200501": "5.30",
        "200502": "4.88",
        "200503": "5.24",
        "200504": "4.78",
        "200505": "3.94",
        "200506": "4.58",
        "200507": "6.01",
        "200508": "6.88",
        "200509": "5.85",
        "200510": "5.72",
        "200511": "5.28",
        "200512": "5.17",
        "200601": "5.86",
        "200602": "5.81",
        "200603": "5.40",
        "200604": "5.91",
        "200605": "6.22",
        "200606": "5.32",
        "200607": "5.12",
        "200608": "4.53",
        "200609": "4.16",
        "200610": "4.47",
        "200611": "4.69",
        "200612": "6.03",
        "200701": "5.62",
        "200702": "5.25",
        "200703": "8.88",
        "200704": "12.26",
        "200705": "12.02",
        "200706": "14.74",
        "200707": "15.98",
        "200708": "15.73",
        "200709": "12.92",
        "200710": "11.48",
        "200711": "10.44",
        "200712": "9.33",
        "200801": "8.59",
        "200802": "8.17",
        "200803": "8.64",
        "200804": "8.46",
        "200805": "8.29",
        "200806": "8.06",
        "200807": "5.05",
        "200808": "3.94",
        "200809": "2.64",
        "200810": "2.37",
        "200811": "1.86",
        "200812": "1.92",
        "200901": "1.78",
        "200902": "2.00",
        "200903": "3.16",
        "200904": "4.16",
        "200905": "3.68",
        "200906": "3.83",
        "200907": "3.60",
        "200908": "3.85",
        "200909": "3.80",
        "200910": "4.30",
        "200911": "4.82",
        "200912": "5.48",
        "201001": "5.50",
        "201002": "4.73",
        "201003": "4.98",
        "201004": "7.05",
        "201005": "8.42",
        "201006": "8.63",
        "201007": "8.79",
        "201008": "9.29",
        "201009": "5.98",
        "201010": "5.33",
        "201011": "5.13",
        "201012": "4.77",
        "201101": "4.48",
        "201102": "4.75",
        "201103": "4.52",
        "201104": "4.44",
        "201105": "4.80",
        "201106": "5.30",
        "201107": "4.67",
        "201108": "4.17",
        "201109": "4.45",
        "201110": "3.87",
        "201111": "3.54",
        "201112": "3.42",
        "201201": "2.85",
        "201202": "3.03",
        "201203": "2.72",
        "201204": "2.54",
        "201205": "2.11",
        "201206": "1.86",
        "201207": "1.68",
        "201208": "1.77",
        "201209": "2.45",
        "201210": "2.34",
        "201211": "2.11",
        "201212": "1.88",
        "201301": "2.03",
        "201302": "2.28",
        "201303": "2.10",
        "201304": "2.09",
        "201305": "2.39",
        "201306": "2.40",
        "201307": "2.48",
        "201308": "2.61",
        "201309": "3.07",
        "201310": "3.13",
        "201311": "2.89",
        "201312": "2.40",
        "201401": "2.71",
        "201402": "2.90",
        "201403": "3.08",
        "201404": "3.17",
        "201405": "3.01",
        "201406": "3.27",
        "201407": "3.33",
        "201408": "3.44",
        "201409": "3.45",
        "201410": "3.86",
        "201411": "4.15",
        "201412": "4.27",
        "201501": "4.07",
        "201502": "3.94",
        "201503": "3.74",
        "201504": "3.79",
        "201505": "3.52",
        "201506": "3.38",
        "201507": "3.61",
        "201508": "4.02",
        "201509": "4.76",
        "201510": "5.22",
        "201511": "5.73",
        "201512": "4.76",
        "201601": "4.94",
        "201602": "4.89",
        "201603": "3.00",
        "201604": "2.49",
        "201605": "2.88",
        "201606": "4.02",
        "201607": "4.03",
        "201608": "4.55",
        "201609": "4.31",
        "201610": "3.89",
        "201611": "3.81",
        "201612": "3.44",
        "201701": "3.40",
        "201702": "3.92",
        "201703": "3.94",
        "201704": "3.69",
        "201705": "3.47",
        "201706": "3.28",
        "201707": "3.59",
        "201708": "3.44",
        "201709": "3.39",
        "201710": "3.25",
        "201711": "3.11",
        "201712": "3.13",
        "201801": "3.87",
        "201802": "3.86",
        "201803": "3.55",
        "201804": "3.61",
        "201805": "3.46",
        "201806": "3.33",
        "201807": "3.11",
        "201808": "2.93",
        "201809": "2.99",
        "201810": "2.90",
        "201811": "2.80",
        "201812": "8.97",
        "201901": "15.56",
        "201902": "14.70",
        "201903": "14.06",
        "201904": "14.93",
        "201905": "16.11",
        "201906": "15.57",
        "201907": "14.42",
        "201908": "14.34",
        "201909": "17.20",
        "201910": "17.28",
        "201911": "16.86",
        "201912": "17.78",
        "202001": "16.64",
        "202002": "15.24",
        "202003": "12.83",
        "202004": "12.63",
        "202005": "14.24",
        "202006": "16.19",
        "202007": "17.27",
        "202008": "15.34",
        "202009": "16.16",
        "202010": "15.08",
        "202011": "14.77",
        "202012": "16.87",
        "202101": "16.60",
        "202102": "16.24",
        "202103": "15.75",
        "202104": "17.82",
        "202105": "16.67",
        "202106": "16.95",
        "202107": "17.23",
        "202108": "16.23",
        "202109": "16.74",
        "202110": "16.31",
        "202111": "16.92",
        "202112": "21.40",
        "202201": "22.04",
        "202202": "31.48",
        "202203": "24.32",
        "202204": "23.10",
        "202205": "20.03",
        "202206": "19.77",
        "202207": "17.54",
        "202208": "17.58",
        "202209": "18.86",
        "202210": "18.11",
        "202211": "17.02",
        "202212": "19.31",
        "202301": "23.11",
        "202302": "24.12",
        "202303": "26.28",
        "202304": "36.58",
        "202305": "38.89",
        "202306": "41.10",
        "202307": "41.06",
        "202308": "35.87",
        "202309": "31.32",
        "202310": "31.29",
        "202311": "30.12",
        "202312": "33.15"
    },
    "quarters": {
        "20011": {
            "year_quarter": 20011,
            "year": 2001,
            "quarter": 1,
            "eps": 0.29,
            "eps_growth_year": -32.56,
            "eps_4q": 0.37,
            "eps_4q_growth_year": -74.93,
            "roe": 2.26,
            "roe_4q": 2.26,
            "gross_profit": 34217,
            "gross_margin": 13.66,
            "gross_margin_4q_avg": 13.66,
            "net_income": 19269,
            "net_income_4q": null,
            "revenue": 250414,
            "revenue_4q": null,
            "common_shares": 672720,
            "book_valuer_per_share": 12.81,
            "book_valuer_per_share_4q_avg": 12.81,
            "equity": 861556,
            "current_ratio": 159.91,
            "debt_ratio": 45.41,
            "inventory_turnover_ratio": 0.46,
            "account_receivable_turnover_ratio": null,
            "reinvestment_rate": null,
            "research_to_sale_ratio": null,
            "price_fair": 0,
            "eps_avg_yearly": 0,
            "eps_latest_yearly": 0,
            "eps_growth_yearly": 0
        },
        "20012": {
            "year_quarter": 20012,
            "year": 2001,
            "quarter": 2,
            "eps": -0.14,
            "eps_growth_year": -133.33,
            "eps_4q": -0.12,
            "eps_4q_growth_year": -108.44,
            "roe": -1.1,
            "roe_4q": 1.1599999999999997,
            "gross_profit": 18090,
            "gross_margin": 7.06,
            "gross_margin_4q_avg": 10.36,
            "net_income": -9369,
            "net_income_4q": null,
            "revenue": 256410,
            "revenue_4q": null,
            "common_shares": 672720,
            "book_valuer_per_share": 12.46,
            "book_valuer_per_share_4q_avg": 12.64,
            "equity": 838370,
            "current_ratio": 158.47,
            "debt_ratio": 45.34,
            "inventory_turnover_ratio": 0.52,
            "account_receivable_turnover_ratio": null,
            "reinvestment_rate": null,
            "research_to_sale_ratio": null,
            "price_fair": 0,
            "eps_avg_yearly": 0,
            "eps_latest_yearly": 0,
            "eps_growth_yearly": 0
        },
        "20013": {
            "year_quarter": 20013,
            "year": 2001,
            "quarter": 3,
            "eps": -0.32,
            "eps_growth_year": null,
            "eps_4q": -0.41,
            "eps_4q_growth_year": -130.2,
            "roe": -2.74,
            "roe_4q": -1.5800000000000005,
            "gross_profit": 7521,
            "gross_margin": 5.65,
            "gross_margin_4q_avg": 8.79,
            "net_income": -22670,
            "net_income_4q": null,
            "revenue": 133168,
            "revenue_4q": null,
            "common_shares": 713083,
            "book_valuer_per_share": 11.48,
            "book_valuer_per_share_4q_avg": 12.25,
            "equity": 818341,
            "current_ratio": 155.67,
            "debt_ratio": 45.49,
            "inventory_turnover_ratio": 0.27,
            "account_receivable_turnover_ratio": null,
            "reinvestment_rate": null,
            "research_to_sale_ratio": null,
            "price_fair": 0,
            "eps_avg_yearly": 0,
            "eps_latest_yearly": 0,
            "eps_growth_yearly": 0
        },
        "20014": {
            "year_quarter": 20014,
            "year": 2001,
            "quarter": 4,
            "eps": 0.51,
            "eps_growth_year": null,
            "eps_4q": 0.33,
            "eps_4q_growth_year": -23.17,
            "roe": 4.34,
            "roe_4q": 2.7599999999999993,
            "gross_profit": 47069,
            "gross_margin": 12.96,
            "gross_margin_4q_avg": 9.83,
            "net_income": 36257,
            "net_income_4q": null,
            "revenue": 363263,
            "revenue_4q": null,
            "common_shares": 713083,
            "book_valuer_per_share": 11.94,
            "book_valuer_per_share_4q_avg": 12.17,
            "equity": 851233,
            "current_ratio": 144.78,
            "debt_ratio": 47.53,
            "inventory_turnover_ratio": 0.69,
            "account_receivable_turnover_ratio": null,
            "reinvestment_rate": null,
            "research_to_sale_ratio": null,
            "price_fair": 0,
            "eps_avg_yearly": 0,
            "eps_latest_yearly": 0,
            "eps_growth_yearly": 0
        },
        "20021": {
            "year_quarter": 20021,
            "year": 2002,
            "quarter": 1,
            "eps": 0.28,
            "eps_growth_year": -3.45,
            "eps_4q": 0.34,
            "eps_4q_growth_year": -7.72,
            "roe": 2.33,
            "roe_4q": 2.8299999999999996,
            "gross_profit": 42358,
            "gross_margin": 14.47,
            "gross_margin_4q_avg": 10.04,
            "net_income": 20142,
            "net_income_4q": null,
            "revenue": 292768,
            "revenue_4q": null,
            "common_shares": 713083,
            "book_valuer_per_share": 12.35,
            "book_valuer_per_share_4q_avg": 12.06,
            "equity": 880319,
            "current_ratio": 146.02,
            "debt_ratio": 46.63,
            "inventory_turnover_ratio": 0.59,
            "account_receivable_turnover_ratio": null,
            "reinvestment_rate": null,
            "research_to_sale_ratio": null,
            "price_fair": 3.36,
            "eps_avg_yearly": 1.12,
            "eps_latest_yearly": 1.12,
            "eps_growth_yearly": -180.39
        },
        "20022": {
            "year_quarter": 20022,
            "year": 2002,
            "quarter": 2,
            "eps": 0.02,
            "eps_growth_year": null,
            "eps_4q": 0.44,
            "eps_4q_growth_year": null,
            "roe": 0.18,
            "roe_4q": 4.109999999999999,
            "gross_profit": 32244,
            "gross_margin": 10.28,
            "gross_margin_4q_avg": 10.84,
            "net_income": 1620,
            "net_income_4q": null,
            "revenue": 313614,
            "revenue_4q": null,
            "common_shares": 713083,
            "book_valuer_per_share": 12.33,
            "book_valuer_per_share_4q_avg": 12.03,
            "equity": 879538,
            "current_ratio": 141.48,
            "debt_ratio": 47.24,
            "inventory_turnover_ratio": 0.59,
            "account_receivable_turnover_ratio": null,
            "reinvestment_rate": null,
            "research_to_sale_ratio": null,
            "price_fair": 1.8,
            "eps_avg_yearly": 0.6,
            "eps_latest_yearly": 0.08,
            "eps_growth_yearly": -275.91
        },
        "20023": {
            "year_quarter": 20023,
            "year": 2002,
            "quarter": 3,
            "eps": -0.39,
            "eps_growth_year": null,
            "eps_4q": 0.39,
            "eps_4q_growth_year": null,
            "roe": -3.36,
            "roe_4q": 3.49,
            "gross_profit": 5271,
            "gross_margin": 2.3,
            "gross_margin_4q_avg": 10,
            "net_income": -29073,
            "net_income_4q": null,
            "revenue": 229369,
            "revenue_4q": null,
            "common_shares": 748737,
            "book_valuer_per_share": 11.36,
            "book_valuer_per_share_4q_avg": 12,
            "equity": 850465,
            "current_ratio": 143.43,
            "debt_ratio": 47.03,
            "inventory_turnover_ratio": 0.4,
            "account_receivable_turnover_ratio": null,
            "reinvestment_rate": null,
            "research_to_sale_ratio": null,
            "price_fair": 1.8,
            "eps_avg_yearly": 0.6,
            "eps_latest_yearly": 0.08,
            "eps_growth_yearly": -275.91
        },
        "20024": {
            "year_quarter": 20024,
            "year": 2002,
            "quarter": 4,
            "eps": 0.17,
            "eps_growth_year": -66.67,
            "eps_4q": 0.07,
            "eps_4q_growth_year": -78.62,
            "roe": 1.46,
            "roe_4q": 0.6100000000000001,
            "gross_profit": 44073,
            "gross_margin": 13.92,
            "gross_margin_4q_avg": 10.24,
            "net_income": 12507,
            "net_income_4q": null,
            "revenue": 316715,
            "revenue_4q": null,
            "common_shares": 748737,
            "book_valuer_per_share": 11.57,
            "book_valuer_per_share_4q_avg": 11.9,
            "equity": 866338,
            "current_ratio": 138.05,
            "debt_ratio": 47.44,
            "inventory_turnover_ratio": 0.49,
            "account_receivable_turnover_ratio": null,
            "reinvestment_rate": 142.1,
            "research_to_sale_ratio": null,
            "price_fair": 1.8,
            "eps_avg_yearly": 0.6,
            "eps_latest_yearly": 0.08,
            "eps_growth_yearly": -275.91
        },
        "20031": {
            "year_quarter": 20031,
            "year": 2003,
            "quarter": 1,
            "eps": -0.17,
            "eps_growth_year": -160.71,
            "eps_4q": -0.36,
            "eps_4q_growth_year": -207.64,
            "roe": -1.52,
            "roe_4q": -3.2399999999999998,
            "gross_profit": 17212,
            "gross_margin": 7.42,
            "gross_margin_4q_avg": 8.48,
            "net_income": -13063,
            "net_income_4q": null,
            "revenue": 231907,
            "revenue_4q": null,
            "common_shares": 748737,
            "book_valuer_per_share": 11.4,
            "book_valuer_per_share_4q_avg": 11.67,
            "equity": 853275,
            "current_ratio": 150.26,
            "debt_ratio": 47.82,
            "inventory_turnover_ratio": 0.44,
            "account_receivable_turnover_ratio": null,
            "reinvestment_rate": 169.64,
            "research_to_sale_ratio": null,
            "price_fair": 1.8,
            "eps_avg_yearly": 0.6,
            "eps_latest_yearly": 0.08,
            "eps_growth_yearly": -275.91
        },
        "20032": {
            "year_quarter": 20032,
            "year": 2003,
            "quarter": 2,
            "eps": -0.1,
            "eps_growth_year": -600,
            "eps_4q": -0.5,
            "eps_4q_growth_year": -214.54,
            "roe": -0.92,
            "roe_4q": -4.34,
            "gross_profit": 14725,
            "gross_margin": 9.04,
            "gross_margin_4q_avg": 8.17,
            "net_income": -7796,
            "net_income_4q": null,
            "revenue": 162864,
            "revenue_4q": null,
            "common_shares": 748737,
            "book_valuer_per_share": 11.28,
            "book_valuer_per_share_4q_avg": 11.4,
            "equity": 844918,
            "current_ratio": 143.15,
            "debt_ratio": 51.63,
            "inventory_turnover_ratio": 0.28,
            "account_receivable_turnover_ratio": null,
            "reinvestment_rate": 241.44,
            "research_to_sale_ratio": null,
            "price_fair": 1.8,
            "eps_avg_yearly": 0.6,
            "eps_latest_yearly": 0.08,
            "eps_growth_yearly": -275.91
        },
        "20033": {
            "year_quarter": 20033,
            "year": 2003,
            "quarter": 3,
            "eps": -0.52,
            "eps_growth_year": null,
            "eps_4q": -0.63,
            "eps_4q_growth_year": -262.83,
            "roe": -4.7,
            "roe_4q": -5.680000000000001,
            "gross_profit": -16262,
            "gross_margin": -4.6,
            "gross_margin_4q_avg": 6.45,
            "net_income": -38782,
            "net_income_4q": null,
            "revenue": 353494,
            "revenue_4q": null,
            "common_shares": 748737,
            "book_valuer_per_share": 10.77,
            "book_valuer_per_share_4q_avg": 11.26,
            "equity": 806136,
            "current_ratio": 124.09,
            "debt_ratio": 56.34,
            "inventory_turnover_ratio": 0.64,
            "account_receivable_turnover_ratio": null,
            "reinvestment_rate": 614.14,
            "research_to_sale_ratio": null,
            "price_fair": 1.8,
            "eps_avg_yearly": 0.6,
            "eps_latest_yearly": 0.08,
            "eps_growth_yearly": -275.91
        },
        "20034": {
            "year_quarter": 20034,
            "year": 2003,
            "quarter": 4,
            "eps": 0.19,
            "eps_growth_year": 11.76,
            "eps_4q": -0.61,
            "eps_4q_growth_year": -968.74,
            "roe": 1.73,
            "roe_4q": -5.41,
            "gross_profit": 8624,
            "gross_margin": 2.72,
            "gross_margin_4q_avg": 3.65,
            "net_income": 14102,
            "net_income_4q": null,
            "revenue": 317375,
            "revenue_4q": null,
            "common_shares": 748737,
            "book_valuer_per_share": 10.95,
            "book_valuer_per_share_4q_avg": 11.1,
            "equity": 820238,
            "current_ratio": 104.04,
            "debt_ratio": 67.99,
            "inventory_turnover_ratio": 0.61,
            "account_receivable_turnover_ratio": null,
            "reinvestment_rate": 1566.9,
            "research_to_sale_ratio": null,
            "price_fair": 1.8,
            "eps_avg_yearly": 0.6,
            "eps_latest_yearly": 0.08,
            "eps_growth_yearly": -275.91
        },
        "20041": {
            "year_quarter": 20041,
            "year": 2004,
            "quarter": 1,
            "eps": -0.05,
            "eps_growth_year": null,
            "eps_4q": -0.53,
            "eps_4q_growth_year": null,
            "roe": -0.41,
            "roe_4q": -4.3,
            "gross_profit": 7752,
            "gross_margin": 2.95,
            "gross_margin_4q_avg": 2.53,
            "net_income": -3373,
            "net_income_4q": null,
            "revenue": 262652,
            "revenue_4q": null,
            "common_shares": 748737,
            "book_valuer_per_share": 10.91,
            "book_valuer_per_share_4q_avg": 10.98,
            "equity": 816874,
            "current_ratio": 107.54,
            "debt_ratio": 67.39,
            "inventory_turnover_ratio": 0.56,
            "account_receivable_turnover_ratio": null,
            "reinvestment_rate": null,
            "research_to_sale_ratio": null,
            "price_fair": 1.8,
            "eps_avg_yearly": 0.6,
            "eps_latest_yearly": 0.08,
            "eps_growth_yearly": -275.91
        },
        "20042": {
            "year_quarter": 20042,
            "year": 2004,
            "quarter": 2,
            "eps": -0.2,
            "eps_growth_year": null,
            "eps_4q": -0.58,
            "eps_4q_growth_year": null,
            "roe": -1.88,
            "roe_4q": -5.26,
            "gross_profit": 22685,
            "gross_margin": 6.27,
            "gross_margin_4q_avg": 1.84,
            "net_income": -15219,
            "net_income_4q": null,
            "revenue": 361720,
            "revenue_4q": null,
            "common_shares": 748737,
            "book_valuer_per_share": 10.71,
            "book_valuer_per_share_4q_avg": 10.84,
            "equity": 801655,
            "current_ratio": 133.12,
            "debt_ratio": 67.8,
            "inventory_turnover_ratio": 0.72,
            "account_receivable_turnover_ratio": null,
            "reinvestment_rate": null,
            "research_to_sale_ratio": null,
            "price_fair": 1.8,
            "eps_avg_yearly": 0.6,
            "eps_latest_yearly": 0.08,
            "eps_growth_yearly": -275.91
        },
        "20043": {
            "year_quarter": 20043,
            "year": 2004,
            "quarter": 3,
            "eps": 0.04,
            "eps_growth_year": null,
            "eps_4q": -0.02,
            "eps_4q_growth_year": null,
            "roe": 0.39,
            "roe_4q": -0.1699999999999997,
            "gross_profit": 29190,
            "gross_margin": 6.18,
            "gross_margin_4q_avg": 4.53,
            "net_income": 3133,
            "net_income_4q": null,
            "revenue": 472573,
            "revenue_4q": null,
            "common_shares": 748737,
            "book_valuer_per_share": 10.75,
            "book_valuer_per_share_4q_avg": 10.83,
            "equity": 804788,
            "current_ratio": 149.11,
            "debt_ratio": 62.48,
            "inventory_turnover_ratio": 1,
            "account_receivable_turnover_ratio": null,
            "reinvestment_rate": null,
            "research_to_sale_ratio": null,
            "price_fair": 1.8,
            "eps_avg_yearly": 0.6,
            "eps_latest_yearly": 0.08,
            "eps_growth_yearly": -275.91
        },
        "20044": {
            "year_quarter": 20044,
            "year": 2004,
            "quarter": 4,
            "eps": 0.16,
            "eps_growth_year": -15.79,
            "eps_4q": -0.04,
            "eps_4q_growth_year": null,
            "roe": 1.5,
            "roe_4q": -0.39999999999999974,
            "gross_profit": 39801,
            "gross_margin": 12.7,
            "gross_margin_4q_avg": 7.03,
            "net_income": 12139,
            "net_income_4q": null,
            "revenue": 313288,
            "revenue_4q": null,
            "common_shares": 748737,
            "book_valuer_per_share": 10.88,
            "book_valuer_per_share_4q_avg": 10.81,
            "equity": 814671,
            "current_ratio": 151.94,
            "debt_ratio": 61.84,
            "inventory_turnover_ratio": 0.57,
            "account_receivable_turnover_ratio": null,
            "reinvestment_rate": null,
            "research_to_sale_ratio": null,
            "price_fair": 21.47,
            "eps_avg_yearly": 0.61,
            "eps_latest_yearly": 0.64,
            "eps_growth_yearly": 216.06
        },
        "20051": {
            "year_quarter": 20051,
            "year": 2005,
            "quarter": 1,
            "eps": -0.29,
            "eps_growth_year": null,
            "eps_4q": -0.29,
            "eps_4q_growth_year": null,
            "roe": -2.74,
            "roe_4q": -2.73,
            "gross_profit": 8675,
            "gross_margin": 2.75,
            "gross_margin_4q_avg": 6.98,
            "net_income": -22114,
            "net_income_4q": null,
            "revenue": 315397,
            "revenue_4q": null,
            "common_shares": 754620,
            "book_valuer_per_share": 10.57,
            "book_valuer_per_share_4q_avg": 10.73,
            "equity": 797557,
            "current_ratio": 123.15,
            "debt_ratio": 65.69,
            "inventory_turnover_ratio": 0.57,
            "account_receivable_turnover_ratio": null,
            "reinvestment_rate": null,
            "research_to_sale_ratio": null,
            "price_fair": 21.47,
            "eps_avg_yearly": 0.61,
            "eps_latest_yearly": 0.64,
            "eps_growth_yearly": 216.06
        },
        "20052": {
            "year_quarter": 20052,
            "year": 2005,
            "quarter": 2,
            "eps": 0.18,
            "eps_growth_year": null,
            "eps_4q": 0.1,
            "eps_4q_growth_year": null,
            "roe": 1.83,
            "roe_4q": 0.9799999999999999,
            "gross_profit": 43011,
            "gross_margin": 10.43,
            "gross_margin_4q_avg": 8.02,
            "net_income": 15564,
            "net_income_4q": null,
            "revenue": 412438,
            "revenue_4q": null,
            "common_shares": 861325,
            "book_valuer_per_share": 10.49,
            "book_valuer_per_share_4q_avg": 10.67,
            "equity": 903821,
            "current_ratio": 121.79,
            "debt_ratio": 63.75,
            "inventory_turnover_ratio": 0.6,
            "account_receivable_turnover_ratio": null,
            "reinvestment_rate": null,
            "research_to_sale_ratio": null,
            "price_fair": 21.47,
            "eps_avg_yearly": 0.61,
            "eps_latest_yearly": 0.64,
            "eps_growth_yearly": 216.06
        },
        "20053": {
            "year_quarter": 20053,
            "year": 2005,
            "quarter": 3,
            "eps": 0.12,
            "eps_growth_year": 200,
            "eps_4q": 0.19,
            "eps_4q_growth_year": null,
            "roe": 1.13,
            "roe_4q": 1.7199999999999998,
            "gross_profit": 59123,
            "gross_margin": 8.56,
            "gross_margin_4q_avg": 8.61,
            "net_income": 10253,
            "net_income_4q": null,
            "revenue": 690763,
            "revenue_4q": null,
            "common_shares": 861561,
            "book_valuer_per_share": 10.61,
            "book_valuer_per_share_4q_avg": 10.64,
            "equity": 914274,
            "current_ratio": 117.55,
            "debt_ratio": 68.24,
            "inventory_turnover_ratio": 0.63,
            "account_receivable_turnover_ratio": null,
            "reinvestment_rate": null,
            "research_to_sale_ratio": null,
            "price_fair": 20.3,
            "eps_avg_yearly": 0.58,
            "eps_latest_yearly": 0.48,
            "eps_growth_yearly": 128.71
        },
        "20054": {
            "year_quarter": 20054,
            "year": 2005,
            "quarter": 4,
            "eps": 0.04,
            "eps_growth_year": -75,
            "eps_4q": 0.08,
            "eps_4q_growth_year": null,
            "roe": 0.4,
            "roe_4q": 0.6199999999999997,
            "gross_profit": 41291,
            "gross_margin": 7.15,
            "gross_margin_4q_avg": 7.22,
            "net_income": 3692,
            "net_income_4q": null,
            "revenue": 577197,
            "revenue_4q": null,
            "common_shares": 889090,
            "book_valuer_per_share": 10.6,
            "book_valuer_per_share_4q_avg": 10.57,
            "equity": 942932,
            "current_ratio": 120.71,
            "debt_ratio": 68.32,
            "inventory_turnover_ratio": 0.39,
            "account_receivable_turnover_ratio": null,
            "reinvestment_rate": null,
            "research_to_sale_ratio": null,
            "price_fair": 17.36,
            "eps_avg_yearly": 0.5,
            "eps_latest_yearly": 0.16,
            "eps_growth_yearly": 49.64
        },
        "20061": {
            "year_quarter": 20061,
            "year": 2006,
            "quarter": 1,
            "eps": 0.03,
            "eps_growth_year": null,
            "eps_4q": 0.32,
            "eps_4q_growth_year": null,
            "roe": 0.32,
            "roe_4q": 3.6799999999999997,
            "gross_profit": 40615,
            "gross_margin": 6.6,
            "gross_margin_4q_avg": 8.19,
            "net_income": 3043,
            "net_income_4q": null,
            "revenue": 615513,
            "revenue_4q": null,
            "common_shares": 889090,
            "book_valuer_per_share": 10.64,
            "book_valuer_per_share_4q_avg": 10.59,
            "equity": 945554,
            "current_ratio": 130.58,
            "debt_ratio": 67.85,
            "inventory_turnover_ratio": 0.37,
            "account_receivable_turnover_ratio": null,
            "reinvestment_rate": null,
            "research_to_sale_ratio": null,
            "price_fair": 10.36,
            "eps_avg_yearly": 0.3,
            "eps_latest_yearly": 0.12,
            "eps_growth_yearly": 65.71
        },
        "20062": {
            "year_quarter": 20062,
            "year": 2006,
            "quarter": 2,
            "eps": -0.1,
            "eps_growth_year": -155.56,
            "eps_4q": 0.09,
            "eps_4q_growth_year": -10.34,
            "roe": -0.95,
            "roe_4q": 0.9,
            "gross_profit": 45377,
            "gross_margin": 10.25,
            "gross_margin_4q_avg": 8.14,
            "net_income": -8947,
            "net_income_4q": null,
            "revenue": 442834,
            "revenue_4q": null,
            "common_shares": 889090,
            "book_valuer_per_share": 10.53,
            "book_valuer_per_share_4q_avg": 10.6,
            "equity": 936607,
            "current_ratio": 136.15,
            "debt_ratio": 67.89,
            "inventory_turnover_ratio": 0.24,
            "account_receivable_turnover_ratio": null,
            "reinvestment_rate": null,
            "research_to_sale_ratio": null,
            "price_fair": 12.25,
            "eps_avg_yearly": 0.35,
            "eps_latest_yearly": 0.12,
            "eps_growth_yearly": 175
        },
        "20063": {
            "year_quarter": 20063,
            "year": 2006,
            "quarter": 3,
            "eps": -0.19,
            "eps_growth_year": -258.33,
            "eps_4q": -0.21,
            "eps_4q_growth_year": -214.86,
            "roe": -1.85,
            "roe_4q": -2.08,
            "gross_profit": 9484,
            "gross_margin": 5.25,
            "gross_margin_4q_avg": 7.31,
            "net_income": -17427,
            "net_income_4q": null,
            "revenue": 180765,
            "revenue_4q": null,
            "common_shares": 922149,
            "book_valuer_per_share": 10.27,
            "book_valuer_per_share_4q_avg": 10.51,
            "equity": 947280,
            "current_ratio": 129.3,
            "debt_ratio": 66.19,
            "inventory_turnover_ratio": 0.1,
            "account_receivable_turnover_ratio": null,
            "reinvestment_rate": null,
            "research_to_sale_ratio": null,
            "price_fair": 12.25,
            "eps_avg_yearly": 0.35,
            "eps_latest_yearly": 0.12,
            "eps_growth_yearly": 175
        },
        "20064": {
            "year_quarter": 20064,
            "year": 2006,
            "quarter": 4,
            "eps": 0.02,
            "eps_growth_year": -50,
            "eps_4q": -0.29,
            "eps_4q_growth_year": -466.97,
            "roe": 0.16,
            "roe_4q": -2.3200000000000003,
            "gross_profit": 19424,
            "gross_margin": 8.16,
            "gross_margin_4q_avg": 7.57,
            "net_income": 1486,
            "net_income_4q": null,
            "revenue": 238175,
            "revenue_4q": null,
            "common_shares": 922149,
            "book_valuer_per_share": 10.27,
            "book_valuer_per_share_4q_avg": 10.43,
            "equity": 947705,
            "current_ratio": 132.75,
            "debt_ratio": 64.34,
            "inventory_turnover_ratio": 0.14,
            "account_receivable_turnover_ratio": null,
            "reinvestment_rate": null,
            "research_to_sale_ratio": null,
            "price_fair": 12.25,
            "eps_avg_yearly": 0.35,
            "eps_latest_yearly": 0.12,
            "eps_growth_yearly": 175
        },
        "20071": {
            "year_quarter": 20071,
            "year": 2007,
            "quarter": 1,
            "eps": -0.23,
            "eps_growth_year": -866.67,
            "eps_4q": -0.5,
            "eps_4q_growth_year": -255.92,
            "roe": -2.26,
            "roe_4q": -4.8999999999999995,
            "gross_profit": 18556,
            "gross_margin": 11.54,
            "gross_margin_4q_avg": 8.8,
            "net_income": -21172,
            "net_income_4q": null,
            "revenue": 160796,
            "revenue_4q": null,
            "common_shares": 922149,
            "book_valuer_per_share": 10.04,
            "book_valuer_per_share_4q_avg": 10.28,
            "equity": 926095,
            "current_ratio": 129.87,
            "debt_ratio": 64.28,
            "inventory_turnover_ratio": 0.1,
            "account_receivable_turnover_ratio": null,
            "reinvestment_rate": null,
            "research_to_sale_ratio": null,
            "price_fair": 12.25,
            "eps_avg_yearly": 0.35,
            "eps_latest_yearly": 0.12,
            "eps_growth_yearly": 175
        },
        "20072": {
            "year_quarter": 20072,
            "year": 2007,
            "quarter": 2,
            "eps": -1.58,
            "eps_growth_year": null,
            "eps_4q": -1.21,
            "eps_4q_growth_year": -1436.49,
            "roe": -12.45,
            "roe_4q": -16.4,
            "gross_profit": -86382,
            "gross_margin": -64.77,
            "gross_margin_4q_avg": -9.96,
            "net_income": -155862,
            "net_income_4q": null,
            "revenue": 133368,
            "revenue_4q": null,
            "common_shares": 1596501,
            "book_valuer_per_share": 9.89,
            "book_valuer_per_share_4q_avg": 10.12,
            "equity": 1578443,
            "current_ratio": 225.88,
            "debt_ratio": 39,
            "inventory_turnover_ratio": 0.16,
            "account_receivable_turnover_ratio": null,
            "reinvestment_rate": null,
            "research_to_sale_ratio": null,
            "price_fair": 12.25,
            "eps_avg_yearly": 0.35,
            "eps_latest_yearly": 0.12,
            "eps_growth_yearly": 175
        },
        "20073": {
            "year_quarter": 20073,
            "year": 2007,
            "quarter": 3,
            "eps": 0.11,
            "eps_growth_year": null,
            "eps_4q": -1.02,
            "eps_4q_growth_year": null,
            "roe": 1.08,
            "roe_4q": -13.469999999999999,
            "gross_profit": 62530,
            "gross_margin": 16.23,
            "gross_margin_4q_avg": -7.21,
            "net_income": 17070,
            "net_income_4q": null,
            "revenue": 385362,
            "revenue_4q": null,
            "common_shares": 1597089,
            "book_valuer_per_share": 9.99,
            "book_valuer_per_share_4q_avg": 10.05,
            "equity": 1596066,
            "current_ratio": 223.98,
            "debt_ratio": 38.58,
            "inventory_turnover_ratio": 0.26,
            "account_receivable_turnover_ratio": null,
            "reinvestment_rate": null,
            "research_to_sale_ratio": null,
            "price_fair": 12.25,
            "eps_avg_yearly": 0.35,
            "eps_latest_yearly": 0.12,
            "eps_growth_yearly": 175
        },
        "20074": {
            "year_quarter": 20074,
            "year": 2007,
            "quarter": 4,
            "eps": -0.15,
            "eps_growth_year": -850,
            "eps_4q": -1.32,
            "eps_4q_growth_year": null,
            "roe": -1.26,
            "roe_4q": -14.889999999999999,
            "gross_profit": 13139,
            "gross_margin": 2.67,
            "gross_margin_4q_avg": -8.58,
            "net_income": -20050,
            "net_income_4q": null,
            "revenue": 491435,
            "revenue_4q": null,
            "common_shares": 1597089,
            "book_valuer_per_share": 9.88,
            "book_valuer_per_share_4q_avg": 9.95,
            "equity": 1578395,
            "current_ratio": 248.77,
            "debt_ratio": 34.04,
            "inventory_turnover_ratio": 0.42,
            "account_receivable_turnover_ratio": null,
            "reinvestment_rate": null,
            "research_to_sale_ratio": null,
            "price_fair": 12.25,
            "eps_avg_yearly": 0.35,
            "eps_latest_yearly": 0.12,
            "eps_growth_yearly": 175
        },
        "20081": {
            "year_quarter": 20081,
            "year": 2008,
            "quarter": 1,
            "eps": -0.24,
            "eps_growth_year": null,
            "eps_4q": -1.23,
            "eps_4q_growth_year": null,
            "roe": -2.48,
            "roe_4q": -15.11,
            "gross_profit": -9934,
            "gross_margin": -5.45,
            "gross_margin_4q_avg": -12.83,
            "net_income": -38665,
            "net_income_4q": null,
            "revenue": 182167,
            "revenue_4q": null,
            "common_shares": 1597089,
            "book_valuer_per_share": 9.64,
            "book_valuer_per_share_4q_avg": 9.85,
            "equity": 1539729,
            "current_ratio": 266.97,
            "debt_ratio": 32.15,
            "inventory_turnover_ratio": 0.17,
            "account_receivable_turnover_ratio": null,
            "reinvestment_rate": null,
            "research_to_sale_ratio": null,
            "price_fair": 12.25,
            "eps_avg_yearly": 0.35,
            "eps_latest_yearly": 0.12,
            "eps_growth_yearly": 175
        },
        "20082": {
            "year_quarter": 20082,
            "year": 2008,
            "quarter": 2,
            "eps": -0.35,
            "eps_growth_year": null,
            "eps_4q": -0.61,
            "eps_4q_growth_year": null,
            "roe": -3.67,
            "roe_4q": -6.33,
            "gross_profit": -19571,
            "gross_margin": -18.43,
            "gross_margin_4q_avg": -1.25,
            "net_income": -55525,
            "net_income_4q": null,
            "revenue": 106171,
            "revenue_4q": null,
            "common_shares": 1597089,
            "book_valuer_per_share": 9.29,
            "book_valuer_per_share_4q_avg": 9.7,
            "equity": 1484205,
            "current_ratio": 251.47,
            "debt_ratio": 33.17,
            "inventory_turnover_ratio": 0.11,
            "account_receivable_turnover_ratio": null,
            "reinvestment_rate": null,
            "research_to_sale_ratio": null,
            "price_fair": 12.25,
            "eps_avg_yearly": 0.35,
            "eps_latest_yearly": 0.12,
            "eps_growth_yearly": 175
        },
        "20083": {
            "year_quarter": 20083,
            "year": 2008,
            "quarter": 3,
            "eps": -0.34,
            "eps_growth_year": -409.09,
            "eps_4q": -1.05,
            "eps_4q_growth_year": null,
            "roe": -3.68,
            "roe_4q": -11.09,
            "gross_profit": -22951,
            "gross_margin": -18.29,
            "gross_margin_4q_avg": -9.88,
            "net_income": -53655,
            "net_income_4q": null,
            "revenue": 125485,
            "revenue_4q": null,
            "common_shares": 1597089,
            "book_valuer_per_share": 8.96,
            "book_valuer_per_share_4q_avg": 9.44,
            "equity": 1430549,
            "current_ratio": 324.75,
            "debt_ratio": 27.03,
            "inventory_turnover_ratio": 0.14,
            "account_receivable_turnover_ratio": null,
            "reinvestment_rate": null,
            "research_to_sale_ratio": null,
            "price_fair": 12.25,
            "eps_avg_yearly": 0.35,
            "eps_latest_yearly": 0.12,
            "eps_growth_yearly": 175
        },
        "20084": {
            "year_quarter": 20084,
            "year": 2008,
            "quarter": 4,
            "eps": -1.5,
            "eps_growth_year": null,
            "eps_4q": -2.42,
            "eps_4q_growth_year": null,
            "roe": -18.31,
            "roe_4q": -28.139999999999997,
            "gross_profit": -143870,
            "gross_margin": -173.06,
            "gross_margin_4q_avg": -53.81,
            "net_income": -238987,
            "net_income_4q": null,
            "revenue": 83134,
            "revenue_4q": null,
            "common_shares": 1597089,
            "book_valuer_per_share": 7.39,
            "book_valuer_per_share_4q_avg": 8.82,
            "equity": 1179996,
            "current_ratio": 283.56,
            "debt_ratio": 30.22,
            "inventory_turnover_ratio": 0.23,
            "account_receivable_turnover_ratio": 1.8,
            "reinvestment_rate": null,
            "research_to_sale_ratio": null,
            "price_fair": 0.76,
            "eps_avg_yearly": 0.25,
            "eps_latest_yearly": 0.12,
            "eps_growth_yearly": -166.67
        },
        "20091": {
            "year_quarter": 20091,
            "year": 2009,
            "quarter": 1,
            "eps": -0.18,
            "eps_growth_year": null,
            "eps_4q": -2.36,
            "eps_4q_growth_year": null,
            "roe": -2.53,
            "roe_4q": -28.189999999999998,
            "gross_profit": -19586,
            "gross_margin": -22.71,
            "gross_margin_4q_avg": -58.12,
            "net_income": -29503,
            "net_income_4q": null,
            "revenue": 86255,
            "revenue_4q": null,
            "common_shares": 1597089,
            "book_valuer_per_share": 7.2,
            "book_valuer_per_share_4q_avg": 8.21,
            "equity": 1150493,
            "current_ratio": 279.5,
            "debt_ratio": 30.41,
            "inventory_turnover_ratio": 0.11,
            "account_receivable_turnover_ratio": 0.85,
            "reinvestment_rate": null,
            "research_to_sale_ratio": null,
            "price_fair": 0.76,
            "eps_avg_yearly": 0.25,
            "eps_latest_yearly": 0.12,
            "eps_growth_yearly": -166.67
        },
        "20092": {
            "year_quarter": 20092,
            "year": 2009,
            "quarter": 2,
            "eps": -0.13,
            "eps_growth_year": null,
            "eps_4q": -2.14,
            "eps_4q_growth_year": null,
            "roe": -1.76,
            "roe_4q": -26.279999999999998,
            "gross_profit": 6771,
            "gross_margin": 8.77,
            "gross_margin_4q_avg": -51.32,
            "net_income": -20071,
            "net_income_4q": null,
            "revenue": 77192,
            "revenue_4q": null,
            "common_shares": 1597089,
            "book_valuer_per_share": 7.08,
            "book_valuer_per_share_4q_avg": 7.66,
            "equity": 1132422,
            "current_ratio": 276.32,
            "debt_ratio": 30.27,
            "inventory_turnover_ratio": 0.08,
            "account_receivable_turnover_ratio": 0.73,
            "reinvestment_rate": null,
            "research_to_sale_ratio": null,
            "price_fair": 0.76,
            "eps_avg_yearly": 0.25,
            "eps_latest_yearly": 0.12,
            "eps_growth_yearly": -166.67
        },
        "20093": {
            "year_quarter": 20093,
            "year": 2009,
            "quarter": 3,
            "eps": -0.29,
            "eps_growth_year": null,
            "eps_4q": -2.1,
            "eps_4q_growth_year": null,
            "roe": -4.25,
            "roe_4q": -26.849999999999998,
            "gross_profit": 6720,
            "gross_margin": 4.25,
            "gross_margin_4q_avg": -45.69,
            "net_income": -47114,
            "net_income_4q": null,
            "revenue": 157956,
            "revenue_4q": null,
            "common_shares": 1597089,
            "book_valuer_per_share": 6.78,
            "book_valuer_per_share_4q_avg": 7.11,
            "equity": 1085309,
            "current_ratio": 248.04,
            "debt_ratio": 33.35,
            "inventory_turnover_ratio": 0.16,
            "account_receivable_turnover_ratio": 1.67,
            "reinvestment_rate": null,
            "research_to_sale_ratio": null,
            "price_fair": 0.42,
            "eps_avg_yearly": 0.14,
            "eps_latest_yearly": 0.12,
            "eps_growth_yearly": -183.33
        },
        "20094": {
            "year_quarter": 20094,
            "year": 2009,
            "quarter": 4,
            "eps": -0.97,
            "eps_growth_year": null,
            "eps_4q": -1.57,
            "eps_4q_growth_year": null,
            "roe": -15.33,
            "roe_4q": -23.87,
            "gross_profit": -21370,
            "gross_margin": -28.2,
            "gross_margin_4q_avg": -9.47,
            "net_income": -154551,
            "net_income_4q": null,
            "revenue": 75784,
            "revenue_4q": null,
            "common_shares": 1597089,
            "book_valuer_per_share": 5.81,
            "book_valuer_per_share_4q_avg": 6.72,
            "equity": 930756,
            "current_ratio": 221.47,
            "debt_ratio": 37.83,
            "inventory_turnover_ratio": 0.13,
            "account_receivable_turnover_ratio": 2.05,
            "reinvestment_rate": null,
            "research_to_sale_ratio": null,
            "price_fair": 0.36,
            "eps_avg_yearly": 0.12,
            "eps_latest_yearly": 0.12,
            "eps_growth_yearly": -100
        },
        "20101": {
            "year_quarter": 20101,
            "year": 2010,
            "quarter": 1,
            "eps": -0.07,
            "eps_growth_year": null,
            "eps_4q": -1.46,
            "eps_4q_growth_year": null,
            "roe": -1.23,
            "roe_4q": -22.57,
            "gross_profit": 2345,
            "gross_margin": 6.88,
            "gross_margin_4q_avg": -2.08,
            "net_income": -11335,
            "net_income_4q": null,
            "revenue": 34079,
            "revenue_4q": null,
            "common_shares": 1597089,
            "book_valuer_per_share": 5.74,
            "book_valuer_per_share_4q_avg": 6.35,
            "equity": 919390,
            "current_ratio": 212.49,
            "debt_ratio": 38.14,
            "inventory_turnover_ratio": 0.06,
            "account_receivable_turnover_ratio": 0.53,
            "reinvestment_rate": null,
            "research_to_sale_ratio": 5.27,
            "price_fair": 0,
            "eps_avg_yearly": 0,
            "eps_latest_yearly": 0,
            "eps_growth_yearly": 0
        },
        "20102": {
            "year_quarter": 20102,
            "year": 2010,
            "quarter": 2,
            "eps": -1.72,
            "eps_growth_year": null,
            "eps_4q": -2.74,
            "eps_4q_growth_year": null,
            "roe": -42.88,
            "roe_4q": -63.69,
            "gross_profit": -256358,
            "gross_margin": -640.32,
            "gross_margin_4q_avg": -164.35,
            "net_income": -361295,
            "net_income_4q": null,
            "revenue": 40036,
            "revenue_4q": null,
            "common_shares": 2097089,
            "book_valuer_per_share": 3.61,
            "book_valuer_per_share_4q_avg": 5.49,
            "equity": 765590,
            "current_ratio": 203.36,
            "debt_ratio": 39.94,
            "inventory_turnover_ratio": 0.65,
            "account_receivable_turnover_ratio": 0.61,
            "reinvestment_rate": null,
            "research_to_sale_ratio": 5.6,
            "price_fair": 0,
            "eps_avg_yearly": 0,
            "eps_latest_yearly": 0,
            "eps_growth_yearly": 0
        },
        "20103": {
            "year_quarter": 20103,
            "year": 2010,
            "quarter": 3,
            "eps": 0.47,
            "eps_growth_year": null,
            "eps_4q": -2.05,
            "eps_4q_growth_year": null,
            "roe": 12.07,
            "roe_4q": -47.37,
            "gross_profit": -18867,
            "gross_margin": -60.2,
            "gross_margin_4q_avg": -180.46,
            "net_income": 98310,
            "net_income_4q": null,
            "revenue": 31342,
            "revenue_4q": null,
            "common_shares": 2097089,
            "book_valuer_per_share": 4.07,
            "book_valuer_per_share_4q_avg": 4.81,
            "equity": 863527,
            "current_ratio": 228.73,
            "debt_ratio": 36.97,
            "inventory_turnover_ratio": 0.15,
            "account_receivable_turnover_ratio": 0.36,
            "reinvestment_rate": null,
            "research_to_sale_ratio": 5.3,
            "price_fair": 0,
            "eps_avg_yearly": 0,
            "eps_latest_yearly": 0,
            "eps_growth_yearly": 0
        },
        "20104": {
            "year_quarter": 20104,
            "year": 2010,
            "quarter": 4,
            "eps": -0.99,
            "eps_growth_year": null,
            "eps_4q": -2.3,
            "eps_4q_growth_year": null,
            "roe": -27.56,
            "roe_4q": -59.6,
            "gross_profit": -7914,
            "gross_margin": -6.73,
            "gross_margin_4q_avg": -175.09,
            "net_income": -209203,
            "net_income_4q": null,
            "revenue": 117632,
            "revenue_4q": null,
            "common_shares": 2097089,
            "book_valuer_per_share": 3.08,
            "book_valuer_per_share_4q_avg": 4.13,
            "equity": 654734,
            "current_ratio": 229.54,
            "debt_ratio": 35.79,
            "inventory_turnover_ratio": 0.4,
            "account_receivable_turnover_ratio": 0.63,
            "reinvestment_rate": null,
            "research_to_sale_ratio": 1.3,
            "price_fair": 0,
            "eps_avg_yearly": 0,
            "eps_latest_yearly": 0,
            "eps_growth_yearly": 0
        },
        "20111": {
            "year_quarter": 20111,
            "year": 2011,
            "quarter": 1,
            "eps": 0.2,
            "eps_growth_year": null,
            "eps_4q": -2.05,
            "eps_4q_growth_year": null,
            "roe": 6.71,
            "roe_4q": -51.66,
            "gross_profit": -36659,
            "gross_margin": -91.49,
            "gross_margin_4q_avg": -199.69,
            "net_income": 45346,
            "net_income_4q": null,
            "revenue": 40069,
            "revenue_4q": null,
            "common_shares": 2097089,
            "book_valuer_per_share": 3.29,
            "book_valuer_per_share_4q_avg": 3.51,
            "equity": 697057,
            "current_ratio": 253.45,
            "debt_ratio": 32.31,
            "inventory_turnover_ratio": 0.29,
            "account_receivable_turnover_ratio": 0.12,
            "reinvestment_rate": null,
            "research_to_sale_ratio": 8.02,
            "price_fair": 0,
            "eps_avg_yearly": 0,
            "eps_latest_yearly": 0,
            "eps_growth_yearly": 0
        },
        "20112": {
            "year_quarter": 20112,
            "year": 2011,
            "quarter": 2,
            "eps": -0.11,
            "eps_growth_year": null,
            "eps_4q": -0.43,
            "eps_4q_growth_year": null,
            "roe": -4.43,
            "roe_4q": -13.209999999999997,
            "gross_profit": -31702,
            "gross_margin": -134.5,
            "gross_margin_4q_avg": -73.23,
            "net_income": -30254,
            "net_income_4q": null,
            "revenue": 23570,
            "revenue_4q": null,
            "common_shares": 2097089,
            "book_valuer_per_share": 3.17,
            "book_valuer_per_share_4q_avg": 3.4,
            "equity": 669826,
            "current_ratio": 263.26,
            "debt_ratio": 30.86,
            "inventory_turnover_ratio": 0.23,
            "account_receivable_turnover_ratio": 0.07,
            "reinvestment_rate": null,
            "research_to_sale_ratio": 4.99,
            "price_fair": 0,
            "eps_avg_yearly": 0,
            "eps_latest_yearly": 0,
            "eps_growth_yearly": 0
        },
        "20113": {
            "year_quarter": 20113,
            "year": 2011,
            "quarter": 3,
            "eps": -0.05,
            "eps_growth_year": -111.56,
            "eps_4q": -0.95,
            "eps_4q_growth_year": null,
            "roe": -0.95,
            "roe_4q": -26.229999999999997,
            "gross_profit": 5564,
            "gross_margin": 23.76,
            "gross_margin_4q_avg": -52.24,
            "net_income": -6299,
            "net_income_4q": null,
            "revenue": 23417,
            "revenue_4q": null,
            "common_shares": 2097089,
            "book_valuer_per_share": 3.12,
            "book_valuer_per_share_4q_avg": 3.17,
            "equity": 659063,
            "current_ratio": 272.64,
            "debt_ratio": 29.59,
            "inventory_turnover_ratio": 0.08,
            "account_receivable_turnover_ratio": 0.07,
            "reinvestment_rate": null,
            "research_to_sale_ratio": -5.08,
            "price_fair": 0,
            "eps_avg_yearly": 0,
            "eps_latest_yearly": 0,
            "eps_growth_yearly": 0
        },
        "20114": {
            "year_quarter": 20114,
            "year": 2011,
            "quarter": 4,
            "eps": -0.08,
            "eps_growth_year": null,
            "eps_4q": -0.04,
            "eps_4q_growth_year": null,
            "roe": -2.71,
            "roe_4q": -1.38,
            "gross_profit": -2119,
            "gross_margin": -11.51,
            "gross_margin_4q_avg": -53.44,
            "net_income": -19409,
            "net_income_4q": null,
            "revenue": 18417,
            "revenue_4q": null,
            "common_shares": 2497089,
            "book_valuer_per_share": 3.1,
            "book_valuer_per_share_4q_avg": 3.17,
            "equity": 773070,
            "current_ratio": 333.22,
            "debt_ratio": 24.35,
            "inventory_turnover_ratio": 0.09,
            "account_receivable_turnover_ratio": 0.06,
            "reinvestment_rate": null,
            "research_to_sale_ratio": 5.38,
            "price_fair": 0,
            "eps_avg_yearly": 0,
            "eps_latest_yearly": 0,
            "eps_growth_yearly": 0
        },
        "20121": {
            "year_quarter": 20121,
            "year": 2012,
            "quarter": 1,
            "eps": -0.23,
            "eps_growth_year": -215,
            "eps_4q": -0.44,
            "eps_4q_growth_year": null,
            "roe": -7.51,
            "roe_4q": -15.599999999999998,
            "gross_profit": -13268,
            "gross_margin": -59.42,
            "gross_margin_4q_avg": -45.42,
            "net_income": -56159,
            "net_income_4q": null,
            "revenue": 22330,
            "revenue_4q": null,
            "common_shares": 2497089,
            "book_valuer_per_share": 2.87,
            "book_valuer_per_share_4q_avg": 3.07,
            "equity": 722892,
            "current_ratio": 246.33,
            "debt_ratio": 20.94,
            "inventory_turnover_ratio": 0.17,
            "account_receivable_turnover_ratio": 0.11,
            "reinvestment_rate": null,
            "research_to_sale_ratio": 2.47,
            "price_fair": 0,
            "eps_avg_yearly": 0,
            "eps_latest_yearly": 0,
            "eps_growth_yearly": 0
        },
        "20122": {
            "year_quarter": 20122,
            "year": 2012,
            "quarter": 2,
            "eps": -0.75,
            "eps_growth_year": null,
            "eps_4q": -1.1,
            "eps_4q_growth_year": null,
            "roe": -29.78,
            "roe_4q": -40.95,
            "gross_profit": -161395,
            "gross_margin": -599.34,
            "gross_margin_4q_avg": -161.63,
            "net_income": -187385,
            "net_income_4q": null,
            "revenue": 26929,
            "revenue_4q": null,
            "common_shares": 2497089,
            "book_valuer_per_share": 2.12,
            "book_valuer_per_share_4q_avg": 2.8,
            "equity": 535507,
            "current_ratio": 129.18,
            "debt_ratio": 26.17,
            "inventory_turnover_ratio": 1.56,
            "account_receivable_turnover_ratio": 0.5,
            "reinvestment_rate": null,
            "research_to_sale_ratio": 4.79,
            "price_fair": 0,
            "eps_avg_yearly": 0,
            "eps_latest_yearly": 0,
            "eps_growth_yearly": 0
        },
        "20123": {
            "year_quarter": 20123,
            "year": 2012,
            "quarter": 3,
            "eps": -0.02,
            "eps_growth_year": null,
            "eps_4q": -1.07,
            "eps_4q_growth_year": null,
            "roe": -1,
            "roe_4q": -41,
            "gross_profit": -7150,
            "gross_margin": -55.54,
            "gross_margin_4q_avg": -181.45,
            "net_income": -5323,
            "net_income_4q": null,
            "revenue": 12874,
            "revenue_4q": null,
            "common_shares": 2497089,
            "book_valuer_per_share": 2.09,
            "book_valuer_per_share_4q_avg": 2.55,
            "equity": 524204,
            "current_ratio": 165.11,
            "debt_ratio": 24.73,
            "inventory_turnover_ratio": 0.56,
            "account_receivable_turnover_ratio": 0.21,
            "reinvestment_rate": null,
            "research_to_sale_ratio": 3.1,
            "price_fair": 0,
            "eps_avg_yearly": 0,
            "eps_latest_yearly": 0,
            "eps_growth_yearly": 0
        },
        "20124": {
            "year_quarter": 20124,
            "year": 2012,
            "quarter": 4,
            "eps": -0.03,
            "eps_growth_year": null,
            "eps_4q": -1.02,
            "eps_4q_growth_year": null,
            "roe": -1.3,
            "roe_4q": -39.589999999999996,
            "gross_profit": 1227,
            "gross_margin": 6.06,
            "gross_margin_4q_avg": -177.06,
            "net_income": -6793,
            "net_income_4q": null,
            "revenue": 20239,
            "revenue_4q": null,
            "common_shares": 2497089,
            "book_valuer_per_share": 2.07,
            "book_valuer_per_share_4q_avg": 2.29,
            "equity": 517410,
            "current_ratio": 154.61,
            "debt_ratio": 25.92,
            "inventory_turnover_ratio": 0.51,
            "account_receivable_turnover_ratio": 0.25,
            "reinvestment_rate": null,
            "research_to_sale_ratio": 1.25,
            "price_fair": 0,
            "eps_avg_yearly": 0,
            "eps_latest_yearly": 0,
            "eps_growth_yearly": 0
        },
        "20131": {
            "year_quarter": 20131,
            "year": 2013,
            "quarter": 1,
            "eps": -0.03,
            "eps_growth_year": null,
            "eps_4q": -0.82,
            "eps_4q_growth_year": null,
            "roe": -1.28,
            "roe_4q": -33.36,
            "gross_profit": 2477,
            "gross_margin": 14.41,
            "gross_margin_4q_avg": -158.6,
            "net_income": -6571,
            "net_income_4q": null,
            "revenue": 17195,
            "revenue_4q": null,
            "common_shares": 2497089,
            "book_valuer_per_share": 2.04,
            "book_valuer_per_share_4q_avg": 2.08,
            "equity": 510323,
            "current_ratio": 152.17,
            "debt_ratio": 25.94,
            "inventory_turnover_ratio": 0.35,
            "account_receivable_turnover_ratio": 0.23,
            "reinvestment_rate": null,
            "research_to_sale_ratio": 1.56,
            "price_fair": 0,
            "eps_avg_yearly": 0,
            "eps_latest_yearly": 0,
            "eps_growth_yearly": 0
        },
        "20132": {
            "year_quarter": 20132,
            "year": 2013,
            "quarter": 2,
            "eps": -0.01,
            "eps_growth_year": null,
            "eps_4q": -0.08,
            "eps_4q_growth_year": null,
            "roe": -0.37,
            "roe_4q": -3.95,
            "gross_profit": 4870,
            "gross_margin": 14.08,
            "gross_margin_4q_avg": -5.25,
            "net_income": -1894,
            "net_income_4q": null,
            "revenue": 34588,
            "revenue_4q": null,
            "common_shares": 2497089,
            "book_valuer_per_share": 2.04,
            "book_valuer_per_share_4q_avg": 2.06,
            "equity": 508429,
            "current_ratio": 129.78,
            "debt_ratio": 25.73,
            "inventory_turnover_ratio": 0.58,
            "account_receivable_turnover_ratio": 0.6,
            "reinvestment_rate": null,
            "research_to_sale_ratio": 0.1,
            "price_fair": 0,
            "eps_avg_yearly": 0,
            "eps_latest_yearly": 0,
            "eps_growth_yearly": 0
        },
        "20133": {
            "year_quarter": 20133,
            "year": 2013,
            "quarter": 3,
            "eps": -0.24,
            "eps_growth_year": null,
            "eps_4q": -0.3,
            "eps_4q_growth_year": null,
            "roe": -12.62,
            "roe_4q": -15.569999999999999,
            "gross_profit": -14074,
            "gross_margin": -36.23,
            "gross_margin_4q_avg": -0.42,
            "net_income": -60359,
            "net_income_4q": null,
            "revenue": 38851,
            "revenue_4q": null,
            "common_shares": 2497089,
            "book_valuer_per_share": 1.79,
            "book_valuer_per_share_4q_avg": 1.99,
            "equity": 448070,
            "current_ratio": 110.37,
            "debt_ratio": 27.17,
            "inventory_turnover_ratio": 1.29,
            "account_receivable_turnover_ratio": 0.78,
            "reinvestment_rate": null,
            "research_to_sale_ratio": 2.8,
            "price_fair": 0,
            "eps_avg_yearly": 0,
            "eps_latest_yearly": 0,
            "eps_growth_yearly": 0
        },
        "20134": {
            "year_quarter": 20134,
            "year": 2013,
            "quarter": 4,
            "eps": -0.06,
            "eps_growth_year": null,
            "eps_4q": -0.33,
            "eps_4q_growth_year": null,
            "roe": -3.27,
            "roe_4q": -17.54,
            "gross_profit": 25696,
            "gross_margin": 73.31,
            "gross_margin_4q_avg": 16.39,
            "net_income": -14418,
            "net_income_4q": null,
            "revenue": 35049,
            "revenue_4q": null,
            "common_shares": 2497089,
            "book_valuer_per_share": 1.74,
            "book_valuer_per_share_4q_avg": 1.9,
            "equity": 433652,
            "current_ratio": 102.27,
            "debt_ratio": 27.47,
            "inventory_turnover_ratio": 0.34,
            "account_receivable_turnover_ratio": 0.97,
            "reinvestment_rate": null,
            "research_to_sale_ratio": 1.53,
            "price_fair": 0,
            "eps_avg_yearly": 0,
            "eps_latest_yearly": 0,
            "eps_growth_yearly": 0
        },
        "20141": {
            "year_quarter": 20141,
            "year": 2014,
            "quarter": 1,
            "eps": -0.02,
            "eps_growth_year": null,
            "eps_4q": -0.33,
            "eps_4q_growth_year": null,
            "roe": -1.38,
            "roe_4q": -17.64,
            "gross_profit": 1352,
            "gross_margin": 8.68,
            "gross_margin_4q_avg": 14.96,
            "net_income": -5952,
            "net_income_4q": null,
            "revenue": 15571,
            "revenue_4q": null,
            "common_shares": 2497089,
            "book_valuer_per_share": 1.71,
            "book_valuer_per_share_4q_avg": 1.82,
            "equity": 427700,
            "current_ratio": 98.13,
            "debt_ratio": 27.3,
            "inventory_turnover_ratio": 0.45,
            "account_receivable_turnover_ratio": 0.9,
            "reinvestment_rate": null,
            "research_to_sale_ratio": 0.83,
            "price_fair": 0,
            "eps_avg_yearly": 0,
            "eps_latest_yearly": 0,
            "eps_growth_yearly": 0
        },
        "20142": {
            "year_quarter": 20142,
            "year": 2014,
            "quarter": 2,
            "eps": -0.15,
            "eps_growth_year": null,
            "eps_4q": -0.48,
            "eps_4q_growth_year": null,
            "roe": -9.33,
            "roe_4q": -26.6,
            "gross_profit": -10904,
            "gross_margin": -23.59,
            "gross_margin_4q_avg": 5.54,
            "net_income": -38125,
            "net_income_4q": null,
            "revenue": 46232,
            "revenue_4q": null,
            "common_shares": 2497089,
            "book_valuer_per_share": 1.56,
            "book_valuer_per_share_4q_avg": 1.7,
            "equity": 389575,
            "current_ratio": 84.17,
            "debt_ratio": 30.79,
            "inventory_turnover_ratio": 1.93,
            "account_receivable_turnover_ratio": 1.59,
            "reinvestment_rate": null,
            "research_to_sale_ratio": -0.03,
            "price_fair": 0,
            "eps_avg_yearly": 0,
            "eps_latest_yearly": 0,
            "eps_growth_yearly": 0
        },
        "20143": {
            "year_quarter": 20143,
            "year": 2014,
            "quarter": 3,
            "eps": 0.01,
            "eps_growth_year": null,
            "eps_4q": -0.19,
            "eps_4q_growth_year": null,
            "roe": 0.39,
            "roe_4q": -13.59,
            "gross_profit": -353,
            "gross_margin": -1.52,
            "gross_margin_4q_avg": 14.22,
            "net_income": 1773,
            "net_income_4q": null,
            "revenue": 23213,
            "revenue_4q": null,
            "common_shares": 2997089,
            "book_valuer_per_share": 1.75,
            "book_valuer_per_share_4q_avg": 1.69,
            "equity": 524848,
            "current_ratio": 188.21,
            "debt_ratio": 20.92,
            "inventory_turnover_ratio": 1.11,
            "account_receivable_turnover_ratio": 0.58,
            "reinvestment_rate": null,
            "research_to_sale_ratio": 0,
            "price_fair": 0,
            "eps_avg_yearly": 0,
            "eps_latest_yearly": 0,
            "eps_growth_yearly": 0
        },
        "20144": {
            "year_quarter": 20144,
            "year": 2014,
            "quarter": 4,
            "eps": -0.08,
            "eps_growth_year": null,
            "eps_4q": -0.22,
            "eps_4q_growth_year": null,
            "roe": -4.62,
            "roe_4q": -14.940000000000001,
            "gross_profit": 3338,
            "gross_margin": 16.2,
            "gross_margin_4q_avg": -0.06,
            "net_income": -23696,
            "net_income_4q": null,
            "revenue": 20610,
            "revenue_4q": null,
            "common_shares": 2997089,
            "book_valuer_per_share": 1.67,
            "book_valuer_per_share_4q_avg": 1.67,
            "equity": 501152,
            "current_ratio": 118.14,
            "debt_ratio": 20.19,
            "inventory_turnover_ratio": 1.11,
            "account_receivable_turnover_ratio": 0.79,
            "reinvestment_rate": null,
            "research_to_sale_ratio": 0,
            "price_fair": 0,
            "eps_avg_yearly": 0,
            "eps_latest_yearly": 0,
            "eps_growth_yearly": 0
        },
        "20151": {
            "year_quarter": 20151,
            "year": 2015,
            "quarter": 1,
            "eps": -0.02,
            "eps_growth_year": null,
            "eps_4q": -0.22,
            "eps_4q_growth_year": null,
            "roe": -1.42,
            "roe_4q": -14.98,
            "gross_profit": 4273,
            "gross_margin": 15.82,
            "gross_margin_4q_avg": 1.73,
            "net_income": -7046,
            "net_income_4q": null,
            "revenue": 27014,
            "revenue_4q": null,
            "common_shares": 2997089,
            "book_valuer_per_share": 1.65,
            "book_valuer_per_share_4q_avg": 1.66,
            "equity": 494106,
            "current_ratio": 97.74,
            "debt_ratio": 20.55,
            "inventory_turnover_ratio": 1.82,
            "account_receivable_turnover_ratio": 1.21,
            "reinvestment_rate": null,
            "research_to_sale_ratio": 0.01,
            "price_fair": 0,
            "eps_avg_yearly": 0,
            "eps_latest_yearly": 0,
            "eps_growth_yearly": 0
        },
        "20152": {
            "year_quarter": 20152,
            "year": 2015,
            "quarter": 2,
            "eps": -0.09,
            "eps_growth_year": null,
            "eps_4q": -0.19,
            "eps_4q_growth_year": null,
            "roe": -5.7,
            "roe_4q": -11.35,
            "gross_profit": 2782,
            "gross_margin": 11.38,
            "gross_margin_4q_avg": 10.47,
            "net_income": -27371,
            "net_income_4q": null,
            "revenue": 24438,
            "revenue_4q": null,
            "common_shares": 2997089,
            "book_valuer_per_share": 1.56,
            "book_valuer_per_share_4q_avg": 1.66,
            "equity": 466735,
            "current_ratio": 82.27,
            "debt_ratio": 20.76,
            "inventory_turnover_ratio": 2.52,
            "account_receivable_turnover_ratio": 0.81,
            "reinvestment_rate": null,
            "research_to_sale_ratio": 0.73,
            "price_fair": 0,
            "eps_avg_yearly": 0,
            "eps_latest_yearly": 0,
            "eps_growth_yearly": 0
        },
        "20153": {
            "year_quarter": 20153,
            "year": 2015,
            "quarter": 3,
            "eps": -0.05,
            "eps_growth_year": -600,
            "eps_4q": -0.24,
            "eps_4q_growth_year": null,
            "roe": -3.28,
            "roe_4q": -15.02,
            "gross_profit": -688,
            "gross_margin": -7.14,
            "gross_margin_4q_avg": 9.07,
            "net_income": -15139,
            "net_income_4q": null,
            "revenue": 9634,
            "revenue_4q": null,
            "common_shares": 2997089,
            "book_valuer_per_share": 1.51,
            "book_valuer_per_share_4q_avg": 1.6,
            "equity": 456296,
            "current_ratio": 84.63,
            "debt_ratio": 22.88,
            "inventory_turnover_ratio": 0.6,
            "account_receivable_turnover_ratio": 0.44,
            "reinvestment_rate": null,
            "research_to_sale_ratio": 7.93,
            "price_fair": 0,
            "eps_avg_yearly": 0,
            "eps_latest_yearly": 0,
            "eps_growth_yearly": 0
        },
        "20154": {
            "year_quarter": 20154,
            "year": 2015,
            "quarter": 4,
            "eps": -0.56,
            "eps_growth_year": null,
            "eps_4q": -0.72,
            "eps_4q_growth_year": null,
            "roe": -44.65,
            "roe_4q": -55.050000000000004,
            "gross_profit": 2878,
            "gross_margin": 13.04,
            "gross_margin_4q_avg": 8.28,
            "net_income": -166559,
            "net_income_4q": null,
            "revenue": 22063,
            "revenue_4q": null,
            "common_shares": 2997089,
            "book_valuer_per_share": 0.95,
            "book_valuer_per_share_4q_avg": 1.42,
            "equity": 289737,
            "current_ratio": 90.63,
            "debt_ratio": 44.56,
            "inventory_turnover_ratio": 0.25,
            "account_receivable_turnover_ratio": 0.92,
            "reinvestment_rate": null,
            "research_to_sale_ratio": 108.66,
            "price_fair": 0,
            "eps_avg_yearly": 0,
            "eps_latest_yearly": 0,
            "eps_growth_yearly": 0
        },
        "20161": {
            "year_quarter": 20161,
            "year": 2016,
            "quarter": 1,
            "eps": 0.06,
            "eps_growth_year": null,
            "eps_4q": -0.64,
            "eps_4q_growth_year": null,
            "roe": 5.9,
            "roe_4q": -47.730000000000004,
            "gross_profit": 21717,
            "gross_margin": 22.87,
            "gross_margin_4q_avg": 10.04,
            "net_income": 17599,
            "net_income_4q": null,
            "revenue": 94958,
            "revenue_4q": null,
            "common_shares": 2997089,
            "book_valuer_per_share": 1.01,
            "book_valuer_per_share_4q_avg": 1.26,
            "equity": 307336,
            "current_ratio": 98.83,
            "debt_ratio": 43.78,
            "inventory_turnover_ratio": 0.74,
            "account_receivable_turnover_ratio": 1.69,
            "reinvestment_rate": null,
            "research_to_sale_ratio": 0.11,
            "price_fair": 0,
            "eps_avg_yearly": 0,
            "eps_latest_yearly": 0,
            "eps_growth_yearly": 0
        },
        "20162": {
            "year_quarter": 20162,
            "year": 2016,
            "quarter": 2,
            "eps": -0.04,
            "eps_growth_year": null,
            "eps_4q": -0.59,
            "eps_4q_growth_year": null,
            "roe": -4.44,
            "roe_4q": -46.47,
            "gross_profit": -6015,
            "gross_margin": -15.32,
            "gross_margin_4q_avg": 3.36,
            "net_income": -13348,
            "net_income_4q": null,
            "revenue": 39255,
            "revenue_4q": null,
            "common_shares": 2997089,
            "book_valuer_per_share": 0.97,
            "book_valuer_per_share_4q_avg": 1.11,
            "equity": 293988,
            "current_ratio": 93.32,
            "debt_ratio": 35.55,
            "inventory_turnover_ratio": 0.84,
            "account_receivable_turnover_ratio": 0.67,
            "reinvestment_rate": null,
            "research_to_sale_ratio": 0.14,
            "price_fair": 0,
            "eps_avg_yearly": 0,
            "eps_latest_yearly": 0,
            "eps_growth_yearly": 0
        },
        "20163": {
            "year_quarter": 20163,
            "year": 2016,
            "quarter": 3,
            "eps": -0.02,
            "eps_growth_year": null,
            "eps_4q": -0.56,
            "eps_4q_growth_year": null,
            "roe": -1.93,
            "roe_4q": -45.12,
            "gross_profit": 628,
            "gross_margin": 1.75,
            "gross_margin_4q_avg": 5.59,
            "net_income": -5633,
            "net_income_4q": null,
            "revenue": 35887,
            "revenue_4q": null,
            "common_shares": 2997089,
            "book_valuer_per_share": 0.95,
            "book_valuer_per_share_4q_avg": 0.97,
            "equity": 288355,
            "current_ratio": 87.48,
            "debt_ratio": 33.26,
            "inventory_turnover_ratio": 1.48,
            "account_receivable_turnover_ratio": 1.05,
            "reinvestment_rate": null,
            "research_to_sale_ratio": 0,
            "price_fair": 0,
            "eps_avg_yearly": 0,
            "eps_latest_yearly": 0,
            "eps_growth_yearly": 0
        },
        "20164": {
            "year_quarter": 20164,
            "year": 2016,
            "quarter": 4,
            "eps": -0.16,
            "eps_growth_year": null,
            "eps_4q": -0.17,
            "eps_4q_growth_year": null,
            "roe": -18.67,
            "roe_4q": -19.14,
            "gross_profit": 5150,
            "gross_margin": 6.45,
            "gross_margin_4q_avg": 3.94,
            "net_income": -49243,
            "net_income_4q": null,
            "revenue": 79897,
            "revenue_4q": null,
            "common_shares": 2997089,
            "book_valuer_per_share": 0.78,
            "book_valuer_per_share_4q_avg": 0.93,
            "equity": 239112,
            "current_ratio": 89.43,
            "debt_ratio": 50.68,
            "inventory_turnover_ratio": 5.98,
            "account_receivable_turnover_ratio": 1.37,
            "reinvestment_rate": null,
            "research_to_sale_ratio": 0,
            "price_fair": 0,
            "eps_avg_yearly": 0,
            "eps_latest_yearly": 0,
            "eps_growth_yearly": 0
        },
        "20171": {
            "year_quarter": 20171,
            "year": 2017,
            "quarter": 1,
            "eps": 0.03,
            "eps_growth_year": -50,
            "eps_4q": -0.09,
            "eps_4q_growth_year": null,
            "roe": 3.25,
            "roe_4q": -21.790000000000003,
            "gross_profit": 6112,
            "gross_margin": 12.18,
            "gross_margin_4q_avg": 1.27,
            "net_income": 13858,
            "net_income_4q": null,
            "revenue": 50188,
            "revenue_4q": null,
            "common_shares": 5997089,
            "book_valuer_per_share": 1.01,
            "book_valuer_per_share_4q_avg": 0.93,
            "equity": 612970,
            "current_ratio": 496.78,
            "debt_ratio": 20.17,
            "inventory_turnover_ratio": 4,
            "account_receivable_turnover_ratio": 0.53,
            "reinvestment_rate": null,
            "research_to_sale_ratio": 0,
            "price_fair": 0,
            "eps_avg_yearly": 0,
            "eps_latest_yearly": 0,
            "eps_growth_yearly": 0
        },
        "20172": {
            "year_quarter": 20172,
            "year": 2017,
            "quarter": 2,
            "eps": 0.01,
            "eps_growth_year": null,
            "eps_4q": -0.05,
            "eps_4q_growth_year": null,
            "roe": 1.35,
            "roe_4q": -16.000000000000004,
            "gross_profit": 15252,
            "gross_margin": 11.3,
            "gross_margin_4q_avg": 7.92,
            "net_income": 8344,
            "net_income_4q": null,
            "revenue": 134914,
            "revenue_4q": null,
            "common_shares": 5997089,
            "book_valuer_per_share": 1.03,
            "book_valuer_per_share_4q_avg": 0.94,
            "equity": 621314,
            "current_ratio": 236.76,
            "debt_ratio": 25.88,
            "inventory_turnover_ratio": 12.56,
            "account_receivable_turnover_ratio": 1.2,
            "reinvestment_rate": null,
            "research_to_sale_ratio": 0,
            "price_fair": 0.12,
            "eps_avg_yearly": 0.04,
            "eps_latest_yearly": 0.04,
            "eps_growth_yearly": -266.67
        },
        "20173": {
            "year_quarter": 20173,
            "year": 2017,
            "quarter": 3,
            "eps": 0,
            "eps_growth_year": null,
            "eps_4q": -0.04,
            "eps_4q_growth_year": null,
            "roe": 0.34,
            "roe_4q": -13.73,
            "gross_profit": 9374,
            "gross_margin": 11.91,
            "gross_margin_4q_avg": 10.46,
            "net_income": 2102,
            "net_income_4q": null,
            "revenue": 78732,
            "revenue_4q": null,
            "common_shares": 5997089,
            "book_valuer_per_share": 1.03,
            "book_valuer_per_share_4q_avg": 0.96,
            "equity": 623416,
            "current_ratio": 220.4,
            "debt_ratio": 28.67,
            "inventory_turnover_ratio": 6.92,
            "account_receivable_turnover_ratio": 0.81,
            "reinvestment_rate": null,
            "research_to_sale_ratio": 0,
            "price_fair": 0.12,
            "eps_avg_yearly": 0.04,
            "eps_latest_yearly": 0.04,
            "eps_growth_yearly": -266.67
        },
        "20174": {
            "year_quarter": 20174,
            "year": 2017,
            "quarter": 4,
            "eps": 0.06,
            "eps_growth_year": null,
            "eps_4q": 0.1,
            "eps_4q_growth_year": null,
            "roe": 5.68,
            "roe_4q": 10.62,
            "gross_profit": 42557,
            "gross_margin": 8.47,
            "gross_margin_4q_avg": 10.97,
            "net_income": 36328,
            "net_income_4q": null,
            "revenue": 502351,
            "revenue_4q": null,
            "common_shares": 5997089,
            "book_valuer_per_share": 1.09,
            "book_valuer_per_share_4q_avg": 1.04,
            "equity": 655218,
            "current_ratio": 328.94,
            "debt_ratio": 17.45,
            "inventory_turnover_ratio": 38.46,
            "account_receivable_turnover_ratio": 6.67,
            "reinvestment_rate": null,
            "research_to_sale_ratio": 0.03,
            "price_fair": 0.12,
            "eps_avg_yearly": 0.04,
            "eps_latest_yearly": 0.04,
            "eps_growth_yearly": -266.67
        },
        "20181": {
            "year_quarter": 20181,
            "year": 2018,
            "quarter": 1,
            "eps": 0.01,
            "eps_growth_year": -66.67,
            "eps_4q": 0.09,
            "eps_4q_growth_year": null,
            "roe": 1.12,
            "roe_4q": 8.49,
            "gross_profit": 12931,
            "gross_margin": 30.09,
            "gross_margin_4q_avg": 15.44,
            "net_income": 7375,
            "net_income_4q": null,
            "revenue": 42968,
            "revenue_4q": null,
            "common_shares": 5997089,
            "book_valuer_per_share": 1.1,
            "book_valuer_per_share_4q_avg": 1.06,
            "equity": 662593,
            "current_ratio": 506.97,
            "debt_ratio": 10.85,
            "inventory_turnover_ratio": 2.67,
            "account_receivable_turnover_ratio": 0.54,
            "reinvestment_rate": null,
            "research_to_sale_ratio": 0.32,
            "price_fair": 0.12,
            "eps_avg_yearly": 0.04,
            "eps_latest_yearly": 0.04,
            "eps_growth_yearly": -300
        },
        "20182": {
            "year_quarter": 20182,
            "year": 2018,
            "quarter": 2,
            "eps": 0.04,
            "eps_growth_year": 300,
            "eps_4q": 0.11,
            "eps_4q_growth_year": null,
            "roe": 3.35,
            "roe_4q": 10.49,
            "gross_profit": 21092,
            "gross_margin": 51.28,
            "gross_margin_4q_avg": 25.44,
            "net_income": 22603,
            "net_income_4q": null,
            "revenue": 41132,
            "revenue_4q": null,
            "common_shares": 5997089,
            "book_valuer_per_share": 1.14,
            "book_valuer_per_share_4q_avg": 1.09,
            "equity": 685196,
            "current_ratio": 480.68,
            "debt_ratio": 8.92,
            "inventory_turnover_ratio": 1.71,
            "account_receivable_turnover_ratio": 0.4,
            "reinvestment_rate": null,
            "research_to_sale_ratio": 1.77,
            "price_fair": 2.8,
            "eps_avg_yearly": 0.08,
            "eps_latest_yearly": 0.16,
            "eps_growth_yearly": 200
        },
        "20183": {
            "year_quarter": 20183,
            "year": 2018,
            "quarter": 3,
            "eps": -0.05,
            "eps_growth_year": null,
            "eps_4q": 0.11,
            "eps_4q_growth_year": null,
            "roe": -0.43,
            "roe_4q": 9.719999999999999,
            "gross_profit": 10609,
            "gross_margin": 12.99,
            "gross_margin_4q_avg": 25.71,
            "net_income": -2969,
            "net_income_4q": null,
            "revenue": 81649,
            "revenue_4q": null,
            "common_shares": 5997089,
            "book_valuer_per_share": 1.14,
            "book_valuer_per_share_4q_avg": 1.12,
            "equity": 682227,
            "current_ratio": 450.57,
            "debt_ratio": 10,
            "inventory_turnover_ratio": 2.43,
            "account_receivable_turnover_ratio": 0.65,
            "reinvestment_rate": null,
            "research_to_sale_ratio": 0.58,
            "price_fair": 2.8,
            "eps_avg_yearly": 0.08,
            "eps_latest_yearly": 0.16,
            "eps_growth_yearly": 200
        },
        "20184": {
            "year_quarter": 20184,
            "year": 2018,
            "quarter": 4,
            "eps": 0.3,
            "eps_growth_year": 398.78,
            "eps_4q": 0.71,
            "eps_4q_growth_year": 603.09,
            "roe": 2.88,
            "roe_4q": 6.92,
            "gross_profit": 31815,
            "gross_margin": 12.89,
            "gross_margin_4q_avg": 26.81,
            "net_income": 19934,
            "net_income_4q": null,
            "revenue": 246824,
            "revenue_4q": null,
            "common_shares": 659680,
            "book_valuer_per_share": 10.64,
            "book_valuer_per_share_4q_avg": 3.51,
            "equity": 702161,
            "current_ratio": 230.21,
            "debt_ratio": 25.65,
            "inventory_turnover_ratio": 5.56,
            "account_receivable_turnover_ratio": 2.29,
            "reinvestment_rate": null,
            "research_to_sale_ratio": 0.17,
            "price_fair": 2.8,
            "eps_avg_yearly": 0.08,
            "eps_latest_yearly": 0.16,
            "eps_growth_yearly": 200
        },
        "20191": {
            "year_quarter": 20191,
            "year": 2019,
            "quarter": 1,
            "eps": 0.03,
            "eps_growth_year": 200,
            "eps_4q": 0.63,
            "eps_4q_growth_year": 591.71,
            "roe": 0.24,
            "roe_4q": 6.04,
            "gross_profit": 7547,
            "gross_margin": 13.26,
            "gross_margin_4q_avg": 22.61,
            "net_income": 1676,
            "net_income_4q": null,
            "revenue": 56930,
            "revenue_4q": null,
            "common_shares": 659680,
            "book_valuer_per_share": 10.67,
            "book_valuer_per_share_4q_avg": 5.9,
            "equity": 703837,
            "current_ratio": 204.11,
            "debt_ratio": 28.24,
            "inventory_turnover_ratio": 2.08,
            "account_receivable_turnover_ratio": 0.51,
            "reinvestment_rate": null,
            "research_to_sale_ratio": 0.68,
            "price_fair": 3.15,
            "eps_avg_yearly": 0.09,
            "eps_latest_yearly": 0.12,
            "eps_growth_yearly": 60
        },
        "20192": {
            "year_quarter": 20192,
            "year": 2019,
            "quarter": 2,
            "eps": -0.01,
            "eps_growth_year": -125,
            "eps_4q": 0.27,
            "eps_4q_growth_year": 137.4,
            "roe": -0.11,
            "roe_4q": 2.5799999999999996,
            "gross_profit": 10696,
            "gross_margin": 12.75,
            "gross_margin_4q_avg": 12.97,
            "net_income": -764,
            "net_income_4q": null,
            "revenue": 83900,
            "revenue_4q": null,
            "common_shares": 659680,
            "book_valuer_per_share": 10.46,
            "book_valuer_per_share_4q_avg": 8.23,
            "equity": 689879,
            "current_ratio": 194.48,
            "debt_ratio": 27.67,
            "inventory_turnover_ratio": 5.66,
            "account_receivable_turnover_ratio": 0.99,
            "reinvestment_rate": null,
            "research_to_sale_ratio": 2.04,
            "price_fair": 3.15,
            "eps_avg_yearly": 0.09,
            "eps_latest_yearly": 0.12,
            "eps_growth_yearly": 60
        },
        "20193": {
            "year_quarter": 20193,
            "year": 2019,
            "quarter": 3,
            "eps": 0.04,
            "eps_growth_year": null,
            "eps_4q": 0.26,
            "eps_4q_growth_year": 145.93,
            "roe": 0.48,
            "roe_4q": 3.4899999999999998,
            "gross_profit": 16601,
            "gross_margin": 8.77,
            "gross_margin_4q_avg": 11.92,
            "net_income": 4082,
            "net_income_4q": null,
            "revenue": 189249,
            "revenue_4q": null,
            "common_shares": 959680,
            "book_valuer_per_share": 10.66,
            "book_valuer_per_share_4q_avg": 10.61,
            "equity": 1023015,
            "current_ratio": 225.1,
            "debt_ratio": 35.25,
            "inventory_turnover_ratio": 15.15,
            "account_receivable_turnover_ratio": 2.93,
            "reinvestment_rate": null,
            "research_to_sale_ratio": 1.18,
            "price_fair": 3.15,
            "eps_avg_yearly": 0.09,
            "eps_latest_yearly": 0.12,
            "eps_growth_yearly": 60
        },
        "20194": {
            "year_quarter": 20194,
            "year": 2019,
            "quarter": 4,
            "eps": 0.39,
            "eps_growth_year": 30.01,
            "eps_4q": 0.44,
            "eps_4q_growth_year": -37.48,
            "roe": 3.62,
            "roe_4q": 4.2299999999999995,
            "gross_profit": 42987,
            "gross_margin": 9.27,
            "gross_margin_4q_avg": 11.01,
            "net_income": 37703,
            "net_income_4q": null,
            "revenue": 463650,
            "revenue_4q": null,
            "common_shares": 959680,
            "book_valuer_per_share": 11.05,
            "book_valuer_per_share_4q_avg": 10.71,
            "equity": 1060718,
            "current_ratio": 170.48,
            "debt_ratio": 43.48,
            "inventory_turnover_ratio": 36.07,
            "account_receivable_turnover_ratio": 2.39,
            "reinvestment_rate": 560.46,
            "research_to_sale_ratio": 0.12,
            "price_fair": 13.44,
            "eps_avg_yearly": 0.38,
            "eps_latest_yearly": 1.56,
            "eps_growth_yearly": 748
        },
        "20201": {
            "year_quarter": 20201,
            "year": 2020,
            "quarter": 1,
            "eps": 0.03,
            "eps_growth_year": 0,
            "eps_4q": 0.46,
            "eps_4q_growth_year": -26.24,
            "roe": 0.3,
            "roe_4q": 4.29,
            "gross_profit": 18509,
            "gross_margin": 9.95,
            "gross_margin_4q_avg": 10.19,
            "net_income": 3236,
            "net_income_4q": null,
            "revenue": 185940,
            "revenue_4q": null,
            "common_shares": 959680,
            "book_valuer_per_share": 11.09,
            "book_valuer_per_share_4q_avg": 10.82,
            "equity": 1063954,
            "current_ratio": 197.34,
            "debt_ratio": 40.41,
            "inventory_turnover_ratio": 7.53,
            "account_receivable_turnover_ratio": 0.54,
            "reinvestment_rate": 644.96,
            "research_to_sale_ratio": 0.21,
            "price_fair": 11.9,
            "eps_avg_yearly": 0.34,
            "eps_latest_yearly": 0.12,
            "eps_growth_yearly": 561.79
        },
        "20202": {
            "year_quarter": 20202,
            "year": 2020,
            "quarter": 2,
            "eps": 0.08,
            "eps_growth_year": null,
            "eps_4q": 0.55,
            "eps_4q_growth_year": 103.99,
            "roe": 0.77,
            "roe_4q": 5.17,
            "gross_profit": 20651,
            "gross_margin": 15.7,
            "gross_margin_4q_avg": 10.92,
            "net_income": 8030,
            "net_income_4q": null,
            "revenue": 131567,
            "revenue_4q": null,
            "common_shares": 959680,
            "book_valuer_per_share": 10.67,
            "book_valuer_per_share_4q_avg": 10.87,
            "equity": 1024000,
            "current_ratio": 220.51,
            "debt_ratio": 37.74,
            "inventory_turnover_ratio": 3.81,
            "account_receivable_turnover_ratio": 0.42,
            "reinvestment_rate": 515.54,
            "research_to_sale_ratio": 0.78,
            "price_fair": 11.8,
            "eps_avg_yearly": 0.34,
            "eps_latest_yearly": 0.32,
            "eps_growth_yearly": 576.78
        },
        "20203": {
            "year_quarter": 20203,
            "year": 2020,
            "quarter": 3,
            "eps": 0.42,
            "eps_growth_year": 950,
            "eps_4q": 0.93,
            "eps_4q_growth_year": 259.55,
            "roe": 3.9,
            "roe_4q": 8.59,
            "gross_profit": 53165,
            "gross_margin": 23,
            "gross_margin_4q_avg": 14.48,
            "net_income": 40660,
            "net_income_4q": null,
            "revenue": 231164,
            "revenue_4q": null,
            "common_shares": 959680,
            "book_valuer_per_share": 11.08,
            "book_valuer_per_share_4q_avg": 10.97,
            "equity": 1062859,
            "current_ratio": 268.98,
            "debt_ratio": 33.65,
            "inventory_turnover_ratio": 7.37,
            "account_receivable_turnover_ratio": 1.4,
            "reinvestment_rate": 354.33,
            "research_to_sale_ratio": 0.45,
            "price_fair": 17.68,
            "eps_avg_yearly": 0.51,
            "eps_latest_yearly": 1.68,
            "eps_growth_yearly": 717.18
        },
        "20204": {
            "year_quarter": 20204,
            "year": 2020,
            "quarter": 4,
            "eps": 0.12,
            "eps_growth_year": -70.21,
            "eps_4q": 0.66,
            "eps_4q_growth_year": 47.92,
            "roe": 1.05,
            "roe_4q": 6.0200000000000005,
            "gross_profit": 16446,
            "gross_margin": 27.19,
            "gross_margin_4q_avg": 18.96,
            "net_income": 11232,
            "net_income_4q": null,
            "revenue": 60477,
            "revenue_4q": null,
            "common_shares": 959680,
            "book_valuer_per_share": 11.19,
            "book_valuer_per_share_4q_avg": 11.01,
            "equity": 1074091,
            "current_ratio": 237.89,
            "debt_ratio": 34.01,
            "inventory_turnover_ratio": 2.16,
            "account_receivable_turnover_ratio": 0.43,
            "reinvestment_rate": 257.39,
            "research_to_sale_ratio": 0.82,
            "price_fair": 17.58,
            "eps_avg_yearly": 0.5,
            "eps_latest_yearly": 0.48,
            "eps_growth_yearly": 605.75
        },
        "20211": {
            "year_quarter": 20211,
            "year": 2021,
            "quarter": 1,
            "eps": -0.02,
            "eps_growth_year": -166.67,
            "eps_4q": 0.6,
            "eps_4q_growth_year": 30.37,
            "roe": -0.21,
            "roe_4q": 5.51,
            "gross_profit": 6466,
            "gross_margin": 21.28,
            "gross_margin_4q_avg": 21.79,
            "net_income": -2224,
            "net_income_4q": null,
            "revenue": 30381,
            "revenue_4q": null,
            "common_shares": 959680,
            "book_valuer_per_share": 11.17,
            "book_valuer_per_share_4q_avg": 11.03,
            "equity": 1071867,
            "current_ratio": 206.15,
            "debt_ratio": 33,
            "inventory_turnover_ratio": 1.19,
            "account_receivable_turnover_ratio": 0.28,
            "reinvestment_rate": 270.48,
            "research_to_sale_ratio": 1.34,
            "price_fair": 17.58,
            "eps_avg_yearly": 0.5,
            "eps_latest_yearly": 0.48,
            "eps_growth_yearly": 605.75
        },
        "20212": {
            "year_quarter": 20212,
            "year": 2021,
            "quarter": 2,
            "eps": 0.55,
            "eps_growth_year": 587.5,
            "eps_4q": 1.06,
            "eps_4q_growth_year": 92.45,
            "roe": 4.88,
            "roe_4q": 9.62,
            "gross_profit": 58488,
            "gross_margin": 45.62,
            "gross_margin_4q_avg": 29.27,
            "net_income": 52427,
            "net_income_4q": null,
            "revenue": 128198,
            "revenue_4q": null,
            "common_shares": 959680,
            "book_valuer_per_share": 11.22,
            "book_valuer_per_share_4q_avg": 11.17,
            "equity": 1076310,
            "current_ratio": 146.36,
            "debt_ratio": 38.77,
            "inventory_turnover_ratio": 2.83,
            "account_receivable_turnover_ratio": 2.14,
            "reinvestment_rate": 217.54,
            "research_to_sale_ratio": 0.5,
            "price_fair": 19.6,
            "eps_avg_yearly": 0.56,
            "eps_latest_yearly": 0.48,
            "eps_growth_yearly": 714.8
        },
        "20213": {
            "year_quarter": 20213,
            "year": 2021,
            "quarter": 3,
            "eps": 0.38,
            "eps_growth_year": -9.52,
            "eps_4q": 0.76,
            "eps_4q_growth_year": -19.02,
            "roe": 3.07,
            "roe_4q": 8.79,
            "gross_profit": 51797,
            "gross_margin": 49.64,
            "gross_margin_4q_avg": 35.93,
            "net_income": 41403,
            "net_income_4q": null,
            "revenue": 104344,
            "revenue_4q": null,
            "common_shares": 1359680,
            "book_valuer_per_share": 11.93,
            "book_valuer_per_share_4q_avg": 11.38,
            "equity": 1624163,
            "current_ratio": 400.99,
            "debt_ratio": 26.95,
            "inventory_turnover_ratio": 2.14,
            "account_receivable_turnover_ratio": 0.89,
            "reinvestment_rate": 185.49,
            "research_to_sale_ratio": 0.87,
            "price_fair": 23.33,
            "eps_avg_yearly": 0.67,
            "eps_latest_yearly": 1.52,
            "eps_growth_yearly": 621.64
        },
        "20214": {
            "year_quarter": 20214,
            "year": 2021,
            "quarter": 4,
            "eps": 0.15,
            "eps_growth_year": 29.54,
            "eps_4q": 0.83,
            "eps_4q_growth_year": 25.41,
            "roe": 1.29,
            "roe_4q": 9.029999999999998,
            "gross_profit": 32438,
            "gross_margin": 52.72,
            "gross_margin_4q_avg": 42.32,
            "net_income": 21177,
            "net_income_4q": null,
            "revenue": 61523,
            "revenue_4q": null,
            "common_shares": 1359680,
            "book_valuer_per_share": 12.08,
            "book_valuer_per_share_4q_avg": 11.6,
            "equity": 1646681,
            "current_ratio": 224.73,
            "debt_ratio": 35.35,
            "inventory_turnover_ratio": 1.26,
            "account_receivable_turnover_ratio": 0.35,
            "reinvestment_rate": 195.82,
            "research_to_sale_ratio": 3.15,
            "price_fair": 23.1,
            "eps_avg_yearly": 0.66,
            "eps_latest_yearly": 0.6,
            "eps_growth_yearly": 535.26
        },
        "20221": {
            "year_quarter": 20221,
            "year": 2022,
            "quarter": 1,
            "eps": 0,
            "eps_growth_year": null,
            "eps_4q": 0.84,
            "eps_4q_growth_year": 40.53,
            "roe": 0,
            "roe_4q": 9.239999999999998,
            "gross_profit": 16078,
            "gross_margin": 37.11,
            "gross_margin_4q_avg": 46.27,
            "net_income": 29,
            "net_income_4q": null,
            "revenue": 43321,
            "revenue_4q": null,
            "common_shares": 1359680,
            "book_valuer_per_share": 12.08,
            "book_valuer_per_share_4q_avg": 11.83,
            "equity": 1646819,
            "current_ratio": 246.1,
            "debt_ratio": 37.68,
            "inventory_turnover_ratio": 1.13,
            "account_receivable_turnover_ratio": 0.25,
            "reinvestment_rate": 207.52,
            "research_to_sale_ratio": 1.91,
            "price_fair": 25.51,
            "eps_avg_yearly": 0.73,
            "eps_latest_yearly": 0.6,
            "eps_growth_yearly": 631.78
        },
        "20222": {
            "year_quarter": 20222,
            "year": 2022,
            "quarter": 2,
            "eps": 0.15,
            "eps_growth_year": -72.73,
            "eps_4q": 0.57,
            "eps_4q_growth_year": -46.52,
            "roe": 1.24,
            "roe_4q": 5.6,
            "gross_profit": 42548,
            "gross_margin": 60.03,
            "gross_margin_4q_avg": 49.88,
            "net_income": 20300,
            "net_income_4q": null,
            "revenue": 70882,
            "revenue_4q": null,
            "common_shares": 1359680,
            "book_valuer_per_share": 12.03,
            "book_valuer_per_share_4q_avg": 12.03,
            "equity": 1638642,
            "current_ratio": 118.71,
            "debt_ratio": 38.75,
            "inventory_turnover_ratio": 0.71,
            "account_receivable_turnover_ratio": 0.48,
            "reinvestment_rate": 196.2,
            "research_to_sale_ratio": 0.9,
            "price_fair": 28,
            "eps_avg_yearly": 0.8,
            "eps_latest_yearly": 0.6,
            "eps_growth_yearly": 560.75
        },
        "20223": {
            "year_quarter": 20223,
            "year": 2022,
            "quarter": 3,
            "eps": 0.11,
            "eps_growth_year": -71.05,
            "eps_4q": 0.4,
            "eps_4q_growth_year": -47.33,
            "roe": 1.03,
            "roe_4q": 3.56,
            "gross_profit": 33842,
            "gross_margin": 38.48,
            "gross_margin_4q_avg": 47.09,
            "net_income": 16994,
            "net_income_4q": null,
            "revenue": 87949,
            "revenue_4q": null,
            "common_shares": 1454858,
            "book_valuer_per_share": 11.36,
            "book_valuer_per_share_4q_avg": 11.89,
            "equity": 1655636,
            "current_ratio": 125.24,
            "debt_ratio": 40.02,
            "inventory_turnover_ratio": 0.72,
            "account_receivable_turnover_ratio": 0.47,
            "reinvestment_rate": 185.8,
            "research_to_sale_ratio": 0.67,
            "price_fair": 26.6,
            "eps_avg_yearly": 0.76,
            "eps_latest_yearly": 0.44,
            "eps_growth_yearly": 486.59
        },
        "20224": {
            "year_quarter": 20224,
            "year": 2022,
            "quarter": 4,
            "eps": 0.05,
            "eps_growth_year": -64.93,
            "eps_4q": 0.31,
            "eps_4q_growth_year": -62.46,
            "roe": 0.54,
            "roe_4q": 2.81,
            "gross_profit": 27254,
            "gross_margin": 34.34,
            "gross_margin_4q_avg": 42.49,
            "net_income": 9111,
            "net_income_4q": null,
            "revenue": 79368,
            "revenue_4q": null,
            "common_shares": 1454858,
            "book_valuer_per_share": 11.41,
            "book_valuer_per_share_4q_avg": 11.72,
            "equity": 1720233,
            "current_ratio": 223.15,
            "debt_ratio": 42.64,
            "inventory_turnover_ratio": 0.42,
            "account_receivable_turnover_ratio": 0.55,
            "reinvestment_rate": 191.2,
            "research_to_sale_ratio": 0.88,
            "price_fair": 24.64,
            "eps_avg_yearly": 0.7,
            "eps_latest_yearly": 0.2,
            "eps_growth_yearly": 416.11
        },
        "20231": {
            "year_quarter": 20231,
            "year": 2023,
            "quarter": 1,
            "eps": 0.32,
            "eps_growth_year": null,
            "eps_4q": 0.63,
            "eps_4q_growth_year": -25.52,
            "roe": 2.72,
            "roe_4q": 5.53,
            "gross_profit": 37209,
            "gross_margin": 21.6,
            "gross_margin_4q_avg": 38.61,
            "net_income": 47287,
            "net_income_4q": null,
            "revenue": 172262,
            "revenue_4q": null,
            "common_shares": 1454858,
            "book_valuer_per_share": 11.72,
            "book_valuer_per_share_4q_avg": 11.63,
            "equity": 1762209,
            "current_ratio": 203.56,
            "debt_ratio": 44.71,
            "inventory_turnover_ratio": 0.83,
            "account_receivable_turnover_ratio": 1.66,
            "reinvestment_rate": 171.87,
            "research_to_sale_ratio": 0.6,
            "price_fair": 28.7,
            "eps_avg_yearly": 0.82,
            "eps_latest_yearly": 1.28,
            "eps_growth_yearly": 668.11
        },
        "20232": {
            "year_quarter": 20232,
            "year": 2023,
            "quarter": 2,
            "eps": 0.56,
            "eps_growth_year": 273.33,
            "eps_4q": 1.03,
            "eps_4q_growth_year": 80.82,
            "roe": 4.58,
            "roe_4q": 8.870000000000001,
            "gross_profit": 21481,
            "gross_margin": 17.66,
            "gross_margin_4q_avg": 28.02,
            "net_income": 81820,
            "net_income_4q": null,
            "revenue": 121649,
            "revenue_4q": null,
            "common_shares": 1454858,
            "book_valuer_per_share": 12.05,
            "book_valuer_per_share_4q_avg": 11.64,
            "equity": 1807694,
            "current_ratio": 200.27,
            "debt_ratio": 45.55,
            "inventory_turnover_ratio": 0.56,
            "account_receivable_turnover_ratio": 0.92,
            "reinvestment_rate": 275.9,
            "research_to_sale_ratio": 0.7,
            "price_fair": 33.22,
            "eps_avg_yearly": 0.95,
            "eps_latest_yearly": 2.24,
            "eps_growth_yearly": 634.65
        },
        "20233": {
            "year_quarter": 20233,
            "year": 2023,
            "quarter": 3,
            "eps": -0.29,
            "eps_growth_year": -363.64,
            "eps_4q": 0.63,
            "eps_4q_growth_year": 57.08,
            "roe": -2.27,
            "roe_4q": 5.57,
            "gross_profit": 59535,
            "gross_margin": 25.06,
            "gross_margin_4q_avg": 24.67,
            "net_income": -40521,
            "net_income_4q": null,
            "revenue": 237551,
            "revenue_4q": null,
            "common_shares": 1505778,
            "book_valuer_per_share": 11.35,
            "book_valuer_per_share_4q_avg": 11.63,
            "equity": 1767762,
            "current_ratio": 201.74,
            "debt_ratio": 43.63,
            "inventory_turnover_ratio": 1.07,
            "account_receivable_turnover_ratio": 2.15,
            "reinvestment_rate": 205.6,
            "research_to_sale_ratio": 0.16,
            "price_fair": 33.22,
            "eps_avg_yearly": 0.95,
            "eps_latest_yearly": 2.24,
            "eps_growth_yearly": 634.65
        }
    },
    "months": {
        "2001-06": {
            "month": "2001-06",
            "price": "7.42",
            "revenue": 119986
        },
        "2001-07": {
            "month": "2001-07",
            "price": "6.18",
            "revenue": 47562
        },
        "2001-08": {
            "month": "2001-08",
            "price": "6.07",
            "revenue": 52459
        },
        "2001-09": {
            "month": "2001-09",
            "price": "5.33",
            "revenue": 33069
        },
        "2001-10": {
            "month": "2001-10",
            "price": "4.93",
            "revenue": 72737
        },
        "2001-11": {
            "month": "2001-11",
            "price": "4.82",
            "revenue": 87640
        },
        "2001-12": {
            "month": "2001-12",
            "price": "5.15",
            "revenue": 185590
        },
        "2002-01": {
            "month": "2002-01",
            "price": "5.77",
            "revenue": 87158
        },
        "2002-02": {
            "month": "2002-02",
            "price": "5.93",
            "revenue": 74332
        },
        "2002-03": {
            "month": "2002-03",
            "price": "9.90",
            "revenue": 68091
        },
        "2002-04": {
            "month": "2002-04",
            "price": "13.51",
            "revenue": 61675
        },
        "2002-05": {
            "month": "2002-05",
            "price": "10.29",
            "revenue": 73195
        },
        "2002-06": {
            "month": "2002-06",
            "price": "11.99",
            "revenue": 176026
        },
        "2002-07": {
            "month": "2002-07",
            "price": "12.42",
            "revenue": 68103
        },
        "2002-08": {
            "month": "2002-08",
            "price": "11.60",
            "revenue": 94477
        },
        "2002-09": {
            "month": "2002-09",
            "price": "11.61",
            "revenue": 63050
        },
        "2002-10": {
            "month": "2002-10",
            "price": "11.50",
            "revenue": 76592
        },
        "2002-11": {
            "month": "2002-11",
            "price": "11.80",
            "revenue": 71781
        },
        "2002-12": {
            "month": "2002-12",
            "price": "11.06",
            "revenue": 161113
        },
        "2003-01": {
            "month": "2003-01",
            "price": "11.73",
            "revenue": 37172
        },
        "2003-02": {
            "month": "2003-02",
            "price": "10.84",
            "revenue": 51412
        },
        "2003-03": {
            "month": "2003-03",
            "price": "10.77",
            "revenue": 141644
        },
        "2003-04": {
            "month": "2003-04",
            "price": "10.37",
            "revenue": 35811
        },
        "2003-05": {
            "month": "2003-05",
            "price": "8.42",
            "revenue": 25037
        },
        "2003-06": {
            "month": "2003-06",
            "price": "9.00",
            "revenue": 61920
        },
        "2003-07": {
            "month": "2003-07",
            "price": "9.44",
            "revenue": 123064
        },
        "2003-08": {
            "month": "2003-08",
            "price": "8.86",
            "revenue": 119634
        },
        "2003-09": {
            "month": "2003-09",
            "price": "8.17",
            "revenue": 126248
        },
        "2003-10": {
            "month": "2003-10",
            "price": "7.98",
            "revenue": 98715
        },
        "2003-11": {
            "month": "2003-11",
            "price": "8.22",
            "revenue": 61650
        },
        "2003-12": {
            "month": "2003-12",
            "price": "10.56",
            "revenue": 141340
        },
        "2004-01": {
            "month": "2004-01",
            "price": "10.94",
            "revenue": 64012
        },
        "2004-02": {
            "month": "2004-02",
            "price": "11.84",
            "revenue": 68151
        },
        "2004-03": {
            "month": "2004-03",
            "price": "11.47",
            "revenue": 127135
        },
        "2004-04": {
            "month": "2004-04",
            "price": "11.25",
            "revenue": 40610
        },
        "2004-05": {
            "month": "2004-05",
            "price": "10.05",
            "revenue": 82302
        },
        "2004-06": {
            "month": "2004-06",
            "price": "8.50",
            "revenue": 222655
        },
        "2004-07": {
            "month": "2004-07",
            "price": "7.50",
            "revenue": 118476
        },
        "2004-08": {
            "month": "2004-08",
            "price": "7.47",
            "revenue": 124548
        },
        "2004-09": {
            "month": "2004-09",
            "price": "6.92",
            "revenue": 180169
        },
        "2004-10": {
            "month": "2004-10",
            "price": "6.77",
            "revenue": 88708
        },
        "2004-11": {
            "month": "2004-11",
            "price": "6.51",
            "revenue": 68226
        },
        "2004-12": {
            "month": "2004-12",
            "price": "6.00",
            "revenue": 170330
        },
        "2005-01": {
            "month": "2005-01",
            "price": "5.30",
            "revenue": 91507
        },
        "2005-02": {
            "month": "2005-02",
            "price": "4.88",
            "revenue": 86943
        },
        "2005-03": {
            "month": "2005-03",
            "price": "5.24",
            "revenue": 145710
        },
        "2005-04": {
            "month": "2005-04",
            "price": "4.78",
            "revenue": 119380
        },
        "2005-05": {
            "month": "2005-05",
            "price": "3.94",
            "revenue": 111815
        },
        "2005-06": {
            "month": "2005-06",
            "price": "4.58",
            "revenue": 166337
        },
        "2005-07": {
            "month": "2005-07",
            "price": "6.01",
            "revenue": 183694
        },
        "2005-08": {
            "month": "2005-08",
            "price": "6.88",
            "revenue": 179305
        },
        "2005-09": {
            "month": "2005-09",
            "price": "5.85",
            "revenue": 235493
        },
        "2005-10": {
            "month": "2005-10",
            "price": "5.72",
            "revenue": 204087
        },
        "2005-11": {
            "month": "2005-11",
            "price": "5.28",
            "revenue": 105035
        },
        "2005-12": {
            "month": "2005-12",
            "price": "5.17",
            "revenue": 208420
        },
        "2006-01": {
            "month": "2006-01",
            "price": "5.86",
            "revenue": 202136
        },
        "2006-02": {
            "month": "2006-02",
            "price": "5.81",
            "revenue": 179594
        },
        "2006-03": {
            "month": "2006-03",
            "price": "5.40",
            "revenue": 233783
        },
        "2006-04": {
            "month": "2006-04",
            "price": "5.91",
            "revenue": 60023
        },
        "2006-05": {
            "month": "2006-05",
            "price": "6.22",
            "revenue": 92457
        },
        "2006-06": {
            "month": "2006-06",
            "price": "5.32",
            "revenue": 290354
        },
        "2006-07": {
            "month": "2006-07",
            "price": "5.12",
            "revenue": 105708
        },
        "2006-08": {
            "month": "2006-08",
            "price": "4.53",
            "revenue": 87056
        },
        "2006-09": {
            "month": "2006-09",
            "price": "4.16",
            "revenue": 77761
        },
        "2006-10": {
            "month": "2006-10",
            "price": "4.47",
            "revenue": 77800
        },
        "2006-11": {
            "month": "2006-11",
            "price": "4.69",
            "revenue": 126209
        },
        "2006-12": {
            "month": "2006-12",
            "price": "6.03",
            "revenue": 124444
        },
        "2007-01": {
            "month": "2007-01",
            "price": "5.62",
            "revenue": 39957
        },
        "2007-02": {
            "month": "2007-02",
            "price": "5.25",
            "revenue": 65195
        },
        "2007-03": {
            "month": "2007-03",
            "price": "8.88",
            "revenue": 56229
        },
        "2007-04": {
            "month": "2007-04",
            "price": "12.26",
            "revenue": 40552
        },
        "2007-05": {
            "month": "2007-05",
            "price": "12.02",
            "revenue": 29774
        },
        "2007-06": {
            "month": "2007-06",
            "price": "14.74",
            "revenue": 89156
        },
        "2007-07": {
            "month": "2007-07",
            "price": "15.98",
            "revenue": 78907
        },
        "2007-08": {
            "month": "2007-08",
            "price": "15.73",
            "revenue": 110788
        },
        "2007-09": {
            "month": "2007-09",
            "price": "12.92",
            "revenue": 194237
        },
        "2007-10": {
            "month": "2007-10",
            "price": "11.48",
            "revenue": 181660
        },
        "2007-11": {
            "month": "2007-11",
            "price": "10.44",
            "revenue": 115757
        },
        "2007-12": {
            "month": "2007-12",
            "price": "9.33",
            "revenue": 196189
        },
        "2008-01": {
            "month": "2008-01",
            "price": "8.59",
            "revenue": 45114
        },
        "2008-02": {
            "month": "2008-02",
            "price": "8.17",
            "revenue": 53990
        },
        "2008-03": {
            "month": "2008-03",
            "price": "8.64",
            "revenue": 33373
        },
        "2008-04": {
            "month": "2008-04",
            "price": "8.46",
            "revenue": 41438
        },
        "2008-05": {
            "month": "2008-05",
            "price": "8.29",
            "revenue": 38112
        },
        "2008-06": {
            "month": "2008-06",
            "price": "8.06",
            "revenue": 11802
        },
        "2008-07": {
            "month": "2008-07",
            "price": "5.05",
            "revenue": 29949
        },
        "2008-08": {
            "month": "2008-08",
            "price": "3.94",
            "revenue": 23703
        },
        "2008-09": {
            "month": "2008-09",
            "price": "2.64",
            "revenue": 67553
        },
        "2008-10": {
            "month": "2008-10",
            "price": "2.37",
            "revenue": 18736
        },
        "2008-11": {
            "month": "2008-11",
            "price": "1.86",
            "revenue": 18838
        },
        "2008-12": {
            "month": "2008-12",
            "price": "1.92",
            "revenue": 43411
        },
        "2009-01": {
            "month": "2009-01",
            "price": "1.78",
            "revenue": 32960
        },
        "2009-02": {
            "month": "2009-02",
            "price": "2.00",
            "revenue": 17020
        },
        "2009-03": {
            "month": "2009-03",
            "price": "3.16",
            "revenue": 37564
        },
        "2009-04": {
            "month": "2009-04",
            "price": "4.16",
            "revenue": 22382
        },
        "2009-05": {
            "month": "2009-05",
            "price": "3.68",
            "revenue": 22927
        },
        "2009-06": {
            "month": "2009-06",
            "price": "3.83",
            "revenue": 30744
        },
        "2009-07": {
            "month": "2009-07",
            "price": "3.60",
            "revenue": 40172
        },
        "2009-08": {
            "month": "2009-08",
            "price": "3.85",
            "revenue": 21335
        },
        "2009-09": {
            "month": "2009-09",
            "price": "3.80",
            "revenue": 93413
        },
        "2009-10": {
            "month": "2009-10",
            "price": "4.30",
            "revenue": 13498
        },
        "2009-11": {
            "month": "2009-11",
            "price": "4.82",
            "revenue": 13011
        },
        "2009-12": {
            "month": "2009-12",
            "price": "5.48",
            "revenue": 42908
        },
        "2010-01": {
            "month": "2010-01",
            "price": "5.50",
            "revenue": 18813
        },
        "2010-02": {
            "month": "2010-02",
            "price": "4.73",
            "revenue": 12042
        },
        "2010-03": {
            "month": "2010-03",
            "price": "4.98",
            "revenue": 2537
        },
        "2010-04": {
            "month": "2010-04",
            "price": "7.05",
            "revenue": 4651
        },
        "2010-05": {
            "month": "2010-05",
            "price": "8.42",
            "revenue": 11142
        },
        "2010-06": {
            "month": "2010-06",
            "price": "8.63",
            "revenue": 23193
        },
        "2010-07": {
            "month": "2010-07",
            "price": "8.79",
            "revenue": 10807
        },
        "2010-08": {
            "month": "2010-08",
            "price": "9.29",
            "revenue": 10547
        },
        "2010-09": {
            "month": "2010-09",
            "price": "5.98",
            "revenue": 7371
        },
        "2010-10": {
            "month": "2010-10",
            "price": "5.33",
            "revenue": 32614
        },
        "2010-11": {
            "month": "2010-11",
            "price": "5.13",
            "revenue": 31482
        },
        "2010-12": {
            "month": "2010-12",
            "price": "4.77",
            "revenue": 53670
        },
        "2011-01": {
            "month": "2011-01",
            "price": "4.48",
            "revenue": 5217
        },
        "2011-02": {
            "month": "2011-02",
            "price": "4.75",
            "revenue": 7342
        },
        "2011-03": {
            "month": "2011-03",
            "price": "4.52",
            "revenue": 24751
        },
        "2011-04": {
            "month": "2011-04",
            "price": "4.44",
            "revenue": 6603
        },
        "2011-05": {
            "month": "2011-05",
            "price": "4.80",
            "revenue": 6577
        },
        "2011-06": {
            "month": "2011-06",
            "price": "5.30",
            "revenue": 4198
        },
        "2011-07": {
            "month": "2011-07",
            "price": "4.67",
            "revenue": 18503
        },
        "2011-08": {
            "month": "2011-08",
            "price": "4.17",
            "revenue": 7039
        },
        "2011-09": {
            "month": "2011-09",
            "price": "4.45",
            "revenue": 6741
        },
        "2011-10": {
            "month": "2011-10",
            "price": "3.87",
            "revenue": 8052
        },
        "2011-11": {
            "month": "2011-11",
            "price": "3.54",
            "revenue": 6777
        },
        "2011-12": {
            "month": "2011-12",
            "price": "3.42",
            "revenue": 3748
        },
        "2012-01": {
            "month": "2012-01",
            "price": "2.85",
            "revenue": 3825
        },
        "2012-02": {
            "month": "2012-02",
            "price": "3.03",
            "revenue": 9646
        },
        "2012-03": {
            "month": "2012-03",
            "price": "2.72",
            "revenue": 8270
        },
        "2012-04": {
            "month": "2012-04",
            "price": "2.54",
            "revenue": 8580
        },
        "2012-05": {
            "month": "2012-05",
            "price": "2.11",
            "revenue": 5986
        },
        "2012-06": {
            "month": "2012-06",
            "price": "1.86",
            "revenue": 4434
        },
        "2012-07": {
            "month": "2012-07",
            "price": "1.68",
            "revenue": 6291
        },
        "2012-08": {
            "month": "2012-08",
            "price": "1.77",
            "revenue": 6719
        },
        "2012-09": {
            "month": "2012-09",
            "price": "2.45",
            "revenue": 8566
        },
        "2012-10": {
            "month": "2012-10",
            "price": "2.34",
            "revenue": 5671
        },
        "2012-11": {
            "month": "2012-11",
            "price": "2.11",
            "revenue": 6430
        },
        "2012-12": {
            "month": "2012-12",
            "price": "1.88",
            "revenue": 8027
        },
        "2013-01": {
            "month": "2013-01",
            "price": "2.03",
            "revenue": 5569
        },
        "2013-02": {
            "month": "2013-02",
            "price": "2.28",
            "revenue": 3536
        },
        "2013-03": {
            "month": "2013-03",
            "price": "2.10",
            "revenue": 8071
        },
        "2013-04": {
            "month": "2013-04",
            "price": "2.09",
            "revenue": 7851
        },
        "2013-05": {
            "month": "2013-05",
            "price": "2.39",
            "revenue": 7973
        },
        "2013-06": {
            "month": "2013-06",
            "price": "2.40",
            "revenue": 18570
        },
        "2013-07": {
            "month": "2013-07",
            "price": "2.48",
            "revenue": 14079
        },
        "2013-08": {
            "month": "2013-08",
            "price": "2.61",
            "revenue": 18794
        },
        "2013-09": {
            "month": "2013-09",
            "price": "3.07",
            "revenue": 5977
        },
        "2013-10": {
            "month": "2013-10",
            "price": "3.13",
            "revenue": 7145
        },
        "2013-11": {
            "month": "2013-11",
            "price": "2.89",
            "revenue": 9764
        },
        "2013-12": {
            "month": "2013-12",
            "price": "2.40",
            "revenue": 18354
        },
        "2014-01": {
            "month": "2014-01",
            "price": "2.71",
            "revenue": 8198
        },
        "2014-02": {
            "month": "2014-02",
            "price": "2.90",
            "revenue": 2713
        },
        "2014-03": {
            "month": "2014-03",
            "price": "3.08",
            "revenue": 4660
        },
        "2014-04": {
            "month": "2014-04",
            "price": "3.17",
            "revenue": 6846
        },
        "2014-05": {
            "month": "2014-05",
            "price": "3.01",
            "revenue": 20133
        },
        "2014-06": {
            "month": "2014-06",
            "price": "3.27",
            "revenue": 19251
        },
        "2014-07": {
            "month": "2014-07",
            "price": "3.33",
            "revenue": 12266
        },
        "2014-08": {
            "month": "2014-08",
            "price": "3.44",
            "revenue": 8654
        },
        "2014-09": {
            "month": "2014-09",
            "price": "3.45",
            "revenue": 2293
        },
        "2014-10": {
            "month": "2014-10",
            "price": "3.86",
            "revenue": 11803
        },
        "2014-11": {
            "month": "2014-11",
            "price": "4.15",
            "revenue": 6203
        },
        "2014-12": {
            "month": "2014-12",
            "price": "4.27",
            "revenue": 2496
        },
        "2015-01": {
            "month": "2015-01",
            "price": "4.07",
            "revenue": 6925
        },
        "2015-02": {
            "month": "2015-02",
            "price": "3.94",
            "revenue": 5526
        },
        "2015-03": {
            "month": "2015-03",
            "price": "3.74",
            "revenue": 14654
        },
        "2015-04": {
            "month": "2015-04",
            "price": "3.79",
            "revenue": 13562
        },
        "2015-05": {
            "month": "2015-05",
            "price": "3.52",
            "revenue": 5658
        },
        "2015-06": {
            "month": "2015-06",
            "price": "3.38",
            "revenue": 5218
        },
        "2015-07": {
            "month": "2015-07",
            "price": "3.61",
            "revenue": 2746
        },
        "2015-08": {
            "month": "2015-08",
            "price": "4.02",
            "revenue": 4730
        },
        "2015-09": {
            "month": "2015-09",
            "price": "4.76",
            "revenue": 2157
        },
        "2015-10": {
            "month": "2015-10",
            "price": "5.22",
            "revenue": 561
        },
        "2015-11": {
            "month": "2015-11",
            "price": "5.73",
            "revenue": 17207
        },
        "2015-12": {
            "month": "2015-12",
            "price": "4.76",
            "revenue": 4295
        },
        "2016-01": {
            "month": "2016-01",
            "price": "4.94",
            "revenue": 8608
        },
        "2016-02": {
            "month": "2016-02",
            "price": "4.89",
            "revenue": 4265
        },
        "2016-03": {
            "month": "2016-03",
            "price": "3.00",
            "revenue": 82081
        },
        "2016-04": {
            "month": "2016-04",
            "price": "2.49",
            "revenue": 8052
        },
        "2016-05": {
            "month": "2016-05",
            "price": "2.88",
            "revenue": 29159
        },
        "2016-06": {
            "month": "2016-06",
            "price": "4.02",
            "revenue": 2048
        },
        "2016-07": {
            "month": "2016-07",
            "price": "4.03",
            "revenue": 3556
        },
        "2016-08": {
            "month": "2016-08",
            "price": "4.55",
            "revenue": 3586
        },
        "2016-09": {
            "month": "2016-09",
            "price": "4.31",
            "revenue": 28765
        },
        "2016-10": {
            "month": "2016-10",
            "price": "3.89",
            "revenue": 8464
        },
        "2016-11": {
            "month": "2016-11",
            "price": "3.81",
            "revenue": 5526
        },
        "2016-12": {
            "month": "2016-12",
            "price": "3.44",
            "revenue": 67077
        },
        "2017-01": {
            "month": "2017-01",
            "price": "3.40",
            "revenue": 3985
        },
        "2017-02": {
            "month": "2017-02",
            "price": "3.92",
            "revenue": 6586
        },
        "2017-03": {
            "month": "2017-03",
            "price": "3.94",
            "revenue": 39616
        },
        "2017-04": {
            "month": "2017-04",
            "price": "3.69",
            "revenue": 3871
        },
        "2017-05": {
            "month": "2017-05",
            "price": "3.47",
            "revenue": 21436
        },
        "2017-06": {
            "month": "2017-06",
            "price": "3.28",
            "revenue": 109362
        },
        "2017-07": {
            "month": "2017-07",
            "price": "3.59",
            "revenue": 15654
        },
        "2017-08": {
            "month": "2017-08",
            "price": "3.44",
            "revenue": 13280
        },
        "2017-09": {
            "month": "2017-09",
            "price": "3.39",
            "revenue": 49797
        },
        "2017-10": {
            "month": "2017-10",
            "price": "3.25",
            "revenue": 8761
        },
        "2017-11": {
            "month": "2017-11",
            "price": "3.11",
            "revenue": 153356
        },
        "2017-12": {
            "month": "2017-12",
            "price": "3.13",
            "revenue": 340232
        },
        "2018-01": {
            "month": "2018-01",
            "price": "3.87",
            "revenue": 4580
        },
        "2018-02": {
            "month": "2018-02",
            "price": "3.86",
            "revenue": 16732
        },
        "2018-03": {
            "month": "2018-03",
            "price": "3.55",
            "revenue": 45146
        },
        "2018-04": {
            "month": "2018-04",
            "price": "3.61",
            "revenue": 5430
        },
        "2018-05": {
            "month": "2018-05",
            "price": "3.46",
            "revenue": 21143
        },
        "2018-06": {
            "month": "2018-06",
            "price": "3.33",
            "revenue": 23928
        },
        "2018-07": {
            "month": "2018-07",
            "price": "3.11",
            "revenue": 22656
        },
        "2018-08": {
            "month": "2018-08",
            "price": "2.93",
            "revenue": 14195
        },
        "2018-09": {
            "month": "2018-09",
            "price": "2.99",
            "revenue": 44321
        },
        "2018-10": {
            "month": "2018-10",
            "price": "2.90",
            "revenue": 62985
        },
        "2018-11": {
            "month": "2018-11",
            "price": "2.80",
            "revenue": 76370
        },
        "2018-12": {
            "month": "2018-12",
            "price": "8.97",
            "revenue": 110873
        },
        "2019-01": {
            "month": "2019-01",
            "price": "15.56",
            "revenue": 30040
        },
        "2019-02": {
            "month": "2019-02",
            "price": "14.70",
            "revenue": 2143
        },
        "2019-03": {
            "month": "2019-03",
            "price": "14.06",
            "revenue": 24792
        },
        "2019-04": {
            "month": "2019-04",
            "price": "14.93",
            "revenue": 5208
        },
        "2019-05": {
            "month": "2019-05",
            "price": "16.11",
            "revenue": 21330
        },
        "2019-06": {
            "month": "2019-06",
            "price": "15.57",
            "revenue": 57493
        },
        "2019-07": {
            "month": "2019-07",
            "price": "14.42",
            "revenue": 51245
        },
        "2019-08": {
            "month": "2019-08",
            "price": "14.34",
            "revenue": 49962
        },
        "2019-09": {
            "month": "2019-09",
            "price": "17.20",
            "revenue": 88042
        },
        "2019-10": {
            "month": "2019-10",
            "price": "17.28",
            "revenue": 80655
        },
        "2019-11": {
            "month": "2019-11",
            "price": "16.86",
            "revenue": 187324
        },
        "2019-12": {
            "month": "2019-12",
            "price": "17.78",
            "revenue": 195437
        },
        "2020-01": {
            "month": "2020-01",
            "price": "16.64",
            "revenue": 68676
        },
        "2020-02": {
            "month": "2020-02",
            "price": "15.24",
            "revenue": 41149
        },
        "2020-03": {
            "month": "2020-03",
            "price": "12.83",
            "revenue": 62431
        },
        "2020-04": {
            "month": "2020-04",
            "price": "12.63",
            "revenue": 57856
        },
        "2020-05": {
            "month": "2020-05",
            "price": "14.24",
            "revenue": 8648
        },
        "2020-06": {
            "month": "2020-06",
            "price": "16.19",
            "revenue": 51697
        },
        "2020-07": {
            "month": "2020-07",
            "price": "17.27",
            "revenue": 51559
        },
        "2020-08": {
            "month": "2020-08",
            "price": "15.34",
            "revenue": 127794
        },
        "2020-09": {
            "month": "2020-09",
            "price": "16.16",
            "revenue": 52072
        },
        "2020-10": {
            "month": "2020-10",
            "price": "15.08",
            "revenue": 29360
        },
        "2020-11": {
            "month": "2020-11",
            "price": "14.77",
            "revenue": 14239
        },
        "2020-12": {
            "month": "2020-12",
            "price": "16.87",
            "revenue": 16429
        },
        "2021-01": {
            "month": "2021-01",
            "price": "16.60",
            "revenue": 5595
        },
        "2021-02": {
            "month": "2021-02",
            "price": "16.24",
            "revenue": 8934
        },
        "2021-03": {
            "month": "2021-03",
            "price": "15.75",
            "revenue": 15852
        },
        "2021-04": {
            "month": "2021-04",
            "price": "17.82",
            "revenue": 20595
        },
        "2021-05": {
            "month": "2021-05",
            "price": "16.67",
            "revenue": 13803
        },
        "2021-06": {
            "month": "2021-06",
            "price": "16.95",
            "revenue": 91721
        },
        "2021-07": {
            "month": "2021-07",
            "price": "17.23",
            "revenue": 14822
        },
        "2021-08": {
            "month": "2021-08",
            "price": "16.23",
            "revenue": 35320
        },
        "2021-09": {
            "month": "2021-09",
            "price": "16.74",
            "revenue": 56280
        },
        "2021-10": {
            "month": "2021-10",
            "price": "16.31",
            "revenue": 10219
        },
        "2021-11": {
            "month": "2021-11",
            "price": "16.92",
            "revenue": 16392
        },
        "2021-12": {
            "month": "2021-12",
            "price": "21.40",
            "revenue": 139793
        },
        "2022-01": {
            "month": "2022-01",
            "price": "22.04",
            "revenue": 18573
        },
        "2022-02": {
            "month": "2022-02",
            "price": "31.48",
            "revenue": 11260
        },
        "2022-03": {
            "month": "2022-03",
            "price": "24.32",
            "revenue": 58666
        },
        "2022-04": {
            "month": "2022-04",
            "price": "23.10",
            "revenue": 28514
        },
        "2022-05": {
            "month": "2022-05",
            "price": "20.03",
            "revenue": 9470
        },
        "2022-06": {
            "month": "2022-06",
            "price": "19.77",
            "revenue": 32896
        },
        "2022-07": {
            "month": "2022-07",
            "price": "17.54",
            "revenue": 25085
        },
        "2022-08": {
            "month": "2022-08",
            "price": "17.58",
            "revenue": 22909
        },
        "2022-09": {
            "month": "2022-09",
            "price": "18.86",
            "revenue": 39916
        },
        "2022-10": {
            "month": "2022-10",
            "price": "18.11",
            "revenue": 18858
        },
        "2022-11": {
            "month": "2022-11",
            "price": "17.02",
            "revenue": 23326
        },
        "2022-12": {
            "month": "2022-12",
            "price": "19.31",
            "revenue": 65038
        },
        "2023-01": {
            "month": "2023-01",
            "price": "23.11",
            "revenue": 51634
        },
        "2023-02": {
            "month": "2023-02",
            "price": "24.12",
            "revenue": 37824
        },
        "2023-03": {
            "month": "2023-03",
            "price": "26.28",
            "revenue": 82803
        },
        "2023-04": {
            "month": "2023-04",
            "price": "36.58",
            "revenue": 28026
        },
        "2023-05": {
            "month": "2023-05",
            "price": "38.89",
            "revenue": 69145
        },
        "2023-06": {
            "month": "2023-06",
            "price": "41.10",
            "revenue": 37680
        },
        "2023-07": {
            "month": "2023-07",
            "price": "41.06",
            "revenue": 85566
        },
        "2023-08": {
            "month": "2023-08",
            "price": "35.87",
            "revenue": 37741
        },
        "2023-09": {
            "month": "2023-09",
            "price": "31.32",
            "revenue": 114243
        },
        "2023-10": {
            "month": "2023-10",
            "price": "31.29",
            "revenue": 76617
        },
        "2023-11": {
            "month": "2023-11",
            "price": "30.12",
            "revenue": 45488
        }
    }
}
