{
    "summary": {
        "stock_name": "亞崴",
        "stock_id": "1530",
        "category": "電機機械",
        "main_business": "專用機及自動化設備,電腦控制工具機之設計,製造及銷售<br>精密元組件製造及銷售<br>有關上項產品,零件,原料之進出口貿易買賣業務",
        "website_url": "http://www.awea.com",
        "ceo": "楊尚儒",
        "pe_ratio": 15,
        "report_year_from": 2001,
        "report_year_to": 2023,
        "age": 23,
        "eps_negative_percentage": 0,
        "eps_growth_avg": {
            "last_all": 15.68,
            "last_2y": -1.91,
            "last_4y": 5.98,
            "last_8y": 10.36,
            "last_12y": 8.27,
            "last_16y": 4.67,
            "last_20y": 11.67,
            "at_2006_last_3y": 41.4,
            "at_2007_last_3y": 16.23,
            "at_2008_last_3y": -1.63,
            "at_2009_last_3y": -27.97,
            "at_2010_last_3y": -7.03,
            "at_2011_last_3y": -6,
            "at_2012_last_3y": 5.01,
            "at_2013_last_3y": 24.67,
            "at_2014_last_3y": 3.56,
            "at_2015_last_3y": 2.87,
            "at_2016_last_3y": -11.58,
            "at_2017_last_3y": -2.4,
            "at_2018_last_3y": 15.84,
            "at_2019_last_3y": -0.41,
            "at_2020_last_3y": 37.38,
            "at_2021_last_3y": 14.72,
            "at_2022_last_3y": 17.59,
            "at_2023_last_3y": 23.56,
            "at_2024_last_3y": 23.56,
            "at_2006_last_all": 53.12,
            "at_2007_last_all": 44.15,
            "at_2008_last_all": 32.5,
            "at_2009_last_all": 17.19,
            "at_2010_last_all": 26.39,
            "at_2011_last_all": 24.09,
            "at_2012_last_all": 22.5,
            "at_2013_last_all": 19.68,
            "at_2014_last_all": 19.36,
            "at_2015_last_all": 18.03,
            "at_2016_last_all": 13.41,
            "at_2017_last_all": 14.16,
            "at_2018_last_all": 18.53,
            "at_2019_last_all": 13.93,
            "at_2020_last_all": 18.46,
            "at_2021_last_all": 14.27,
            "at_2022_last_all": 18.35,
            "at_2023_last_all": 15.68,
            "at_2024_last_all": 15.68
        },
        "latest_eps": 2.18,
        "latest_price": 32.5,
        "latest_roe": 5.63,
        "latest_gross_margin": 11.42,
        "latest_equity": 3387593,
        "latest_revenue": 503258,
        "latest_gross_profit": 57496,
        "latest_net_income": 6249,
        "latest_debt_ratio": 43.18,
        "latest_current_ratio": 155.93,
        "latest_account_receivable_turnover_ratio": 0.83,
        "latest_inventory_turnover_ratio": 0.3,
        "latest_reinvestment_rate": -56.27,
        "latest_research_to_sale_ratio": 2.45
    },
    "eps_dividends": {
        "1999": {
            "cash": 1,
            "stock": 1,
            "eps": 0
        },
        "2000": {
            "cash": 0,
            "stock": 1,
            "eps": 0
        },
        "2001": {
            "cash": 0.2,
            "stock": 0.2,
            "eps": 0.39
        },
        "2002": {
            "cash": 0.38,
            "stock": 0,
            "eps": 1.28
        },
        "2003": {
            "cash": 0.76,
            "stock": 0.76,
            "eps": 3.94
        },
        "2004": {
            "cash": 1.5,
            "stock": 1,
            "eps": 5.28
        },
        "2005": {
            "cash": 2.2,
            "stock": 1,
            "eps": 6.09
        },
        "2006": {
            "cash": 3,
            "stock": 1,
            "eps": 7.08
        },
        "2007": {
            "cash": 3,
            "stock": 1,
            "eps": 7.03
        },
        "2008": {
            "cash": 4,
            "stock": 0.5,
            "eps": 4.4
        },
        "2009": {
            "cash": 0.51,
            "stock": 1.03,
            "eps": 0.44
        },
        "2010": {
            "cash": 0.5,
            "stock": 0,
            "eps": 2.63
        },
        "2011": {
            "cash": 2.5,
            "stock": 0.5,
            "eps": 2.72
        },
        "2012": {
            "cash": 0,
            "stock": 0,
            "eps": 2.9
        },
        "2013": {
            "cash": 1.5,
            "stock": 0,
            "eps": 2.57
        },
        "2014": {
            "cash": 2,
            "stock": 0,
            "eps": 2.97
        },
        "2015": {
            "cash": 2.2,
            "stock": 0,
            "eps": 2.99
        },
        "2016": {
            "cash": 0.5,
            "stock": 0.5,
            "eps": 1.46
        },
        "2017": {
            "cash": 0.7,
            "stock": 0,
            "eps": 1.83
        },
        "2018": {
            "cash": 1.25,
            "stock": 0,
            "eps": 3.45
        },
        "2019": {
            "cash": 2,
            "stock": 0,
            "eps": 1.23
        },
        "2020": {
            "cash": 1.5,
            "stock": 0,
            "eps": 3.92
        },
        "2021": {
            "cash": 2.5,
            "stock": 0,
            "eps": 1.36
        },
        "2022": {
            "cash": 1.5,
            "stock": 0,
            "eps": 3.66
        },
        "2023": {
            "cash": 1.6,
            "stock": 0,
            "eps": 2.18
        },
        "2024": {
            "cash": 1.5,
            "stock": 0,
            "eps": 0
        }
    },
    "dividends": {
        "1999-05-29": {
            "cash": 1,
            "stock": 1
        },
        "2000-05-20": {
            "cash": 0,
            "stock": 1
        },
        "2001-05-25": {
            "cash": 0.2,
            "stock": 0.2
        },
        "2002-05-29": {
            "cash": 0.38,
            "stock": 0
        },
        "2003-03-12": {
            "cash": 0.76,
            "stock": 0.76
        },
        "2004-03-16": {
            "cash": 1.5,
            "stock": 1
        },
        "2005-06-13": {
            "cash": 2.2,
            "stock": 1
        },
        "2006-03-06": {
            "cash": 3,
            "stock": 1
        },
        "2007-04-10": {
            "cash": 3,
            "stock": 1
        },
        "2008-03-06": {
            "cash": 4,
            "stock": 0.5
        },
        "2009-03-13": {
            "cash": 0.51,
            "stock": 1.03
        },
        "2010-03-17": {
            "cash": 0.5,
            "stock": 0
        },
        "2011-01-01": {
            "cash": 1.5,
            "stock": 0
        },
        "2011-03-22": {
            "cash": 1,
            "stock": 0.5
        },
        "2013-03-20": {
            "cash": 1.5,
            "stock": 0
        },
        "2014-09-05": {
            "cash": 2,
            "stock": 0
        },
        "2015-11-11": {
            "cash": 2.2,
            "stock": 0
        },
        "2016-09-27": {
            "cash": 0.5,
            "stock": 0.5
        },
        "2017-08-30": {
            "cash": 0.7,
            "stock": 0
        },
        "2018-08-30": {
            "cash": 1.25,
            "stock": 0
        },
        "2019-08-30": {
            "cash": 2,
            "stock": 0
        },
        "2020-08-31": {
            "cash": 1.5,
            "stock": 0
        },
        "2021-09-29": {
            "cash": 2.5,
            "stock": 0
        },
        "2022-09-01": {
            "cash": 1.5,
            "stock": 0
        },
        "2023-07-27": {
            "cash": 1.6,
            "stock": 0
        },
        "2024-03-05": {
            "cash": 1.5,
            "stock": 0
        }
    },
    "prices": {
        "200101": "9.41",
        "200102": "11.02",
        "200103": "11.59",
        "200104": "11.37",
        "200105": "9.86",
        "200106": "9.51",
        "200107": "8.70",
        "200108": "7.41",
        "200109": "6.44",
        "200110": "6.53",
        "200111": "6.71",
        "200112": "8.67",
        "200201": "9.34",
        "200202": "9.40",
        "200203": "10.47",
        "200204": "11.32",
        "200205": "12.09",
        "200206": "12.76",
        "200207": "12.46",
        "200208": "11.20",
        "200209": "11.20",
        "200210": "11.92",
        "200211": "13.77",
        "200212": "15.92",
        "200301": "16.17",
        "200302": "16.27",
        "200303": "18.44",
        "200304": "22.06",
        "200305": "26.53",
        "200306": "26.98",
        "200307": "27.91",
        "200308": "34.73",
        "200309": "34.69",
        "200310": "38.07",
        "200311": "44.16",
        "200312": "42.65",
        "200401": "42.10",
        "200402": "48.14",
        "200403": "51.25",
        "200404": "48.47",
        "200405": "40.69",
        "200406": "42.03",
        "200407": "39.21",
        "200408": "37.12",
        "200409": "39.55",
        "200410": "40.46",
        "200411": "39.32",
        "200412": "40.51",
        "200501": "44.22",
        "200502": "45.35",
        "200503": "52.67",
        "200504": "52.32",
        "200505": "50.21",
        "200506": "49.45",
        "200507": "51.94",
        "200508": "46.96",
        "200509": "46.53",
        "200510": "49.86",
        "200511": "49.69",
        "200512": "49.96",
        "200601": "49.81",
        "200602": "50.58",
        "200603": "58.28",
        "200604": "62.13",
        "200605": "59.21",
        "200606": "55.74",
        "200607": "55.87",
        "200608": "55.13",
        "200609": "56.66",
        "200610": "57.89",
        "200611": "62.98",
        "200612": "68.51",
        "200701": "78.47",
        "200702": "82.85",
        "200703": "81.88",
        "200704": "81.46",
        "200705": "79.65",
        "200706": "75.08",
        "200707": "84.97",
        "200708": "72.98",
        "200709": "75.24",
        "200710": "69.45",
        "200711": "58.35",
        "200712": "57.52",
        "200801": "55.61",
        "200802": "53.66",
        "200803": "55.66",
        "200804": "58.56",
        "200805": "57.94",
        "200806": "54.37",
        "200807": "48.15",
        "200808": "45.44",
        "200809": "36.17",
        "200810": "27.78",
        "200811": "25.88",
        "200812": "24.28",
        "200901": "22.50",
        "200902": "22.33",
        "200903": "24.16",
        "200904": "26.28",
        "200905": "25.29",
        "200906": "26.53",
        "200907": "27.04",
        "200908": "29.56",
        "200909": "29.56",
        "200910": "31.00",
        "200911": "31.04",
        "200912": "35.00",
        "201001": "36.83",
        "201002": "33.90",
        "201003": "35.71",
        "201004": "40.37",
        "201005": "36.31",
        "201006": "37.43",
        "201007": "36.57",
        "201008": "34.06",
        "201009": "32.46",
        "201010": "33.83",
        "201011": "32.99",
        "201012": "34.38",
        "201101": "38.28",
        "201102": "36.76",
        "201103": "35.70",
        "201104": "35.53",
        "201105": "34.85",
        "201106": "35.35",
        "201107": "34.48",
        "201108": "28.30",
        "201109": "25.61",
        "201110": "23.51",
        "201111": "26.08",
        "201112": "25.55",
        "201201": "28.05",
        "201202": "36.24",
        "201203": "35.42",
        "201204": "32.53",
        "201205": "29.59",
        "201206": "28.70",
        "201207": "30.97",
        "201208": "30.64",
        "201209": "30.86",
        "201210": "29.62",
        "201211": "29.98",
        "201212": "29.90",
        "201301": "31.17",
        "201302": "31.45",
        "201303": "32.10",
        "201304": "31.62",
        "201305": "31.96",
        "201306": "30.98",
        "201307": "30.70",
        "201308": "29.53",
        "201309": "29.32",
        "201310": "31.32",
        "201311": "33.54",
        "201312": "33.39",
        "201401": "40.27",
        "201402": "45.02",
        "201403": "54.68",
        "201404": "59.37",
        "201405": "52.96",
        "201406": "56.48",
        "201407": "50.67",
        "201408": "42.41",
        "201409": "43.87",
        "201410": "42.89",
        "201411": "40.48",
        "201412": "39.36",
        "201501": "40.69",
        "201502": "46.01",
        "201503": "45.86",
        "201504": "45.90",
        "201505": "41.16",
        "201506": "36.06",
        "201507": "32.32",
        "201508": "28.14",
        "201509": "29.15",
        "201510": "30.64",
        "201511": "31.24",
        "201512": "30.89",
        "201601": "30.03",
        "201602": "31.65",
        "201603": "31.64",
        "201604": "30.60",
        "201605": "29.31",
        "201606": "28.56",
        "201607": "27.89",
        "201608": "28.06",
        "201609": "28.00",
        "201610": "28.60",
        "201611": "27.36",
        "201612": "28.01",
        "201701": "29.18",
        "201702": "31.07",
        "201703": "33.16",
        "201704": "32.48",
        "201705": "30.38",
        "201706": "30.84",
        "201707": "31.08",
        "201708": "31.17",
        "201709": "34.05",
        "201710": "32.73",
        "201711": "32.21",
        "201712": "31.74",
        "201801": "32.96",
        "201802": "32.49",
        "201803": "32.78",
        "201804": "32.75",
        "201805": "33.83",
        "201806": "37.96",
        "201807": "36.83",
        "201808": "34.87",
        "201809": "32.94",
        "201810": "30.49",
        "201811": "29.91",
        "201812": "29.69",
        "201901": "29.77",
        "201902": "30.12",
        "201903": "31.22",
        "201904": "32.34",
        "201905": "30.62",
        "201906": "30.39",
        "201907": "30.83",
        "201908": "27.99",
        "201909": "28.46",
        "201910": "28.63",
        "201911": "28.71",
        "201912": "29.32",
        "202001": "31.07",
        "202002": "30.73",
        "202003": "27.30",
        "202004": "28.42",
        "202005": "31.57",
        "202006": "31.21",
        "202007": "31.65",
        "202008": "30.35",
        "202009": "29.95",
        "202010": "29.92",
        "202011": "30.12",
        "202012": "30.83",
        "202101": "32.55",
        "202102": "32.45",
        "202103": "34.52",
        "202104": "38.23",
        "202105": "35.68",
        "202106": "37.11",
        "202107": "38.36",
        "202108": "37.98",
        "202109": "34.59",
        "202110": "33.36",
        "202111": "33.42",
        "202112": "33.03",
        "202201": "33.02",
        "202202": "32.13",
        "202203": "31.43",
        "202204": "30.80",
        "202205": "30.58",
        "202206": "30.99",
        "202207": "30.11",
        "202208": "31.10",
        "202209": "31.10",
        "202210": "30.52",
        "202211": "30.87",
        "202212": "30.89",
        "202301": "31.13",
        "202302": "31.68",
        "202303": "32.48",
        "202304": "32.87",
        "202305": "32.96",
        "202306": "32.98",
        "202307": "32.72",
        "202308": "30.37",
        "202309": "30.00",
        "202310": "29.92",
        "202311": "30.30",
        "202312": "32.68",
        "202401": "31.81",
        "202402": "32.21",
        "202403": "32.27",
        "202404": "無"
    },
    "quarters": {
        "20011": {
            "year_quarter": 20011,
            "year": 2001,
            "quarter": 1,
            "eps": 0.16,
            "eps_growth_year": -5.88,
            "eps_4q": 0.59,
            "eps_4q_growth_year": -27.24,
            "roe": 1.41,
            "roe_4q": 1.41,
            "gross_profit": 32121,
            "gross_margin": 30.56,
            "gross_margin_4q_avg": 30.56,
            "net_income": 7452,
            "net_income_4q": null,
            "revenue": 105101,
            "revenue_4q": null,
            "common_shares": 466677,
            "book_valuer_per_share": 11.37,
            "book_valuer_per_share_4q_avg": 11.37,
            "equity": 530464,
            "current_ratio": 400.29,
            "debt_ratio": 22.92,
            "inventory_turnover_ratio": 0.38,
            "account_receivable_turnover_ratio": null,
            "reinvestment_rate": null,
            "research_to_sale_ratio": null,
            "price_fair": 0,
            "eps_avg_yearly": 0,
            "eps_latest_yearly": 0,
            "eps_growth_yearly": 0
        },
        "20012": {
            "year_quarter": 20012,
            "year": 2001,
            "quarter": 2,
            "eps": 0.14,
            "eps_growth_year": null,
            "eps_4q": 0.77,
            "eps_4q_growth_year": 6.09,
            "roe": 1.2,
            "roe_4q": 2.61,
            "gross_profit": 26746,
            "gross_margin": 29.53,
            "gross_margin_4q_avg": 30.05,
            "net_income": 6332,
            "net_income_4q": null,
            "revenue": 90560,
            "revenue_4q": null,
            "common_shares": 466677,
            "book_valuer_per_share": 11.27,
            "book_valuer_per_share_4q_avg": 11.32,
            "equity": 526084,
            "current_ratio": 328.43,
            "debt_ratio": 26.37,
            "inventory_turnover_ratio": 0.32,
            "account_receivable_turnover_ratio": null,
            "reinvestment_rate": null,
            "research_to_sale_ratio": null,
            "price_fair": 0,
            "eps_avg_yearly": 0,
            "eps_latest_yearly": 0,
            "eps_growth_yearly": 0
        },
        "20013": {
            "year_quarter": 20013,
            "year": 2001,
            "quarter": 3,
            "eps": 0.02,
            "eps_growth_year": -92.31,
            "eps_4q": 0.61,
            "eps_4q_growth_year": -21.71,
            "roe": 0.15,
            "roe_4q": 2.76,
            "gross_profit": 23145,
            "gross_margin": 22.93,
            "gross_margin_4q_avg": 27.67,
            "net_income": 773,
            "net_income_4q": null,
            "revenue": 100929,
            "revenue_4q": null,
            "common_shares": 476011,
            "book_valuer_per_share": 11.07,
            "book_valuer_per_share_4q_avg": 11.24,
            "equity": 526926,
            "current_ratio": 398.23,
            "debt_ratio": 22.41,
            "inventory_turnover_ratio": 0.4,
            "account_receivable_turnover_ratio": null,
            "reinvestment_rate": null,
            "research_to_sale_ratio": null,
            "price_fair": 0,
            "eps_avg_yearly": 0,
            "eps_latest_yearly": 0,
            "eps_growth_yearly": 0
        },
        "20014": {
            "year_quarter": 20014,
            "year": 2001,
            "quarter": 4,
            "eps": 0.07,
            "eps_growth_year": -63.16,
            "eps_4q": 0.36,
            "eps_4q_growth_year": -36.7,
            "roe": 0.66,
            "roe_4q": 3.42,
            "gross_profit": 32074,
            "gross_margin": 23.53,
            "gross_margin_4q_avg": 26.64,
            "net_income": 3471,
            "net_income_4q": null,
            "revenue": 136296,
            "revenue_4q": null,
            "common_shares": 476011,
            "book_valuer_per_share": 11.08,
            "book_valuer_per_share_4q_avg": 11.2,
            "equity": 527360,
            "current_ratio": 374.44,
            "debt_ratio": 23.02,
            "inventory_turnover_ratio": 0.58,
            "account_receivable_turnover_ratio": null,
            "reinvestment_rate": null,
            "research_to_sale_ratio": null,
            "price_fair": 0,
            "eps_avg_yearly": 0,
            "eps_latest_yearly": 0,
            "eps_growth_yearly": 0
        },
        "20021": {
            "year_quarter": 20021,
            "year": 2002,
            "quarter": 1,
            "eps": 0.23,
            "eps_growth_year": 43.75,
            "eps_4q": 0.46,
            "eps_4q_growth_year": -22.48,
            "roe": 2.02,
            "roe_4q": 4.03,
            "gross_profit": 32622,
            "gross_margin": 29.77,
            "gross_margin_4q_avg": 26.44,
            "net_income": 10780,
            "net_income_4q": null,
            "revenue": 109581,
            "revenue_4q": null,
            "common_shares": 476011,
            "book_valuer_per_share": 11.32,
            "book_valuer_per_share_4q_avg": 11.19,
            "equity": 539037,
            "current_ratio": 298.88,
            "debt_ratio": 26.22,
            "inventory_turnover_ratio": 0.44,
            "account_receivable_turnover_ratio": null,
            "reinvestment_rate": null,
            "research_to_sale_ratio": null,
            "price_fair": 32.2,
            "eps_avg_yearly": 0.92,
            "eps_latest_yearly": 0.92,
            "eps_growth_yearly": 914.29
        },
        "20022": {
            "year_quarter": 20022,
            "year": 2002,
            "quarter": 2,
            "eps": 0.25,
            "eps_growth_year": 78.57,
            "eps_4q": 0.57,
            "eps_4q_growth_year": -26.4,
            "roe": 2.22,
            "roe_4q": 5.050000000000001,
            "gross_profit": 43544,
            "gross_margin": 23.46,
            "gross_margin_4q_avg": 24.92,
            "net_income": 11847,
            "net_income_4q": null,
            "revenue": 185580,
            "revenue_4q": null,
            "common_shares": 476011,
            "book_valuer_per_share": 11.12,
            "book_valuer_per_share_4q_avg": 11.15,
            "equity": 529293,
            "current_ratio": 216.84,
            "debt_ratio": 35.9,
            "inventory_turnover_ratio": 0.76,
            "account_receivable_turnover_ratio": null,
            "reinvestment_rate": null,
            "research_to_sale_ratio": null,
            "price_fair": 33.6,
            "eps_avg_yearly": 0.96,
            "eps_latest_yearly": 1,
            "eps_growth_yearly": 474.53
        },
        "20023": {
            "year_quarter": 20023,
            "year": 2002,
            "quarter": 3,
            "eps": 0.45,
            "eps_growth_year": 2150,
            "eps_4q": 1,
            "eps_4q_growth_year": 63.6,
            "roe": 3.96,
            "roe_4q": 8.86,
            "gross_profit": 48191,
            "gross_margin": 27.62,
            "gross_margin_4q_avg": 26.1,
            "net_income": 21399,
            "net_income_4q": null,
            "revenue": 174468,
            "revenue_4q": null,
            "common_shares": 476011,
            "book_valuer_per_share": 11.6,
            "book_valuer_per_share_4q_avg": 11.28,
            "equity": 552385,
            "current_ratio": 214.43,
            "debt_ratio": 32.88,
            "inventory_turnover_ratio": 0.55,
            "account_receivable_turnover_ratio": null,
            "reinvestment_rate": null,
            "research_to_sale_ratio": null,
            "price_fair": 43.4,
            "eps_avg_yearly": 1.24,
            "eps_latest_yearly": 1.8,
            "eps_growth_yearly": 423.02
        },
        "20024": {
            "year_quarter": 20024,
            "year": 2002,
            "quarter": 4,
            "eps": 0.35,
            "eps_growth_year": 400,
            "eps_4q": 1.29,
            "eps_4q_growth_year": 254.19,
            "roe": 2.93,
            "roe_4q": 11.13,
            "gross_profit": 51231,
            "gross_margin": 22.89,
            "gross_margin_4q_avg": 25.94,
            "net_income": 16432,
            "net_income_4q": null,
            "revenue": 223794,
            "revenue_4q": null,
            "common_shares": 476011,
            "book_valuer_per_share": 11.93,
            "book_valuer_per_share_4q_avg": 11.49,
            "equity": 567801,
            "current_ratio": 197.4,
            "debt_ratio": 38.23,
            "inventory_turnover_ratio": 0.59,
            "account_receivable_turnover_ratio": null,
            "reinvestment_rate": 34.97,
            "research_to_sale_ratio": null,
            "price_fair": 44.8,
            "eps_avg_yearly": 1.28,
            "eps_latest_yearly": 1.4,
            "eps_growth_yearly": 295.04
        },
        "20031": {
            "year_quarter": 20031,
            "year": 2003,
            "quarter": 1,
            "eps": 0.79,
            "eps_growth_year": 243.48,
            "eps_4q": 1.84,
            "eps_4q_growth_year": 303.78,
            "roe": 6.37,
            "roe_4q": 15.480000000000002,
            "gross_profit": 89887,
            "gross_margin": 28.38,
            "gross_margin_4q_avg": 25.59,
            "net_income": 37384,
            "net_income_4q": null,
            "revenue": 316721,
            "revenue_4q": null,
            "common_shares": 476011,
            "book_valuer_per_share": 12.71,
            "book_valuer_per_share_4q_avg": 11.84,
            "equity": 605189,
            "current_ratio": 178.86,
            "debt_ratio": 40.01,
            "inventory_turnover_ratio": 0.75,
            "account_receivable_turnover_ratio": null,
            "reinvestment_rate": 15.05,
            "research_to_sale_ratio": null,
            "price_fair": 57.96,
            "eps_avg_yearly": 1.66,
            "eps_latest_yearly": 3.16,
            "eps_growth_yearly": 336.61
        },
        "20032": {
            "year_quarter": 20032,
            "year": 2003,
            "quarter": 2,
            "eps": 1.13,
            "eps_growth_year": 352,
            "eps_4q": 2.72,
            "eps_4q_growth_year": 380.29,
            "roe": 8.73,
            "roe_4q": 21.990000000000002,
            "gross_profit": 95241,
            "gross_margin": 30.16,
            "gross_margin_4q_avg": 27.26,
            "net_income": 53339,
            "net_income_4q": null,
            "revenue": 315772,
            "revenue_4q": null,
            "common_shares": 476011,
            "book_valuer_per_share": 12.96,
            "book_valuer_per_share_4q_avg": 12.3,
            "equity": 616769,
            "current_ratio": 156.6,
            "debt_ratio": 46.54,
            "inventory_turnover_ratio": 0.73,
            "account_receivable_turnover_ratio": null,
            "reinvestment_rate": 14.46,
            "research_to_sale_ratio": null,
            "price_fair": 74.67,
            "eps_avg_yearly": 2.13,
            "eps_latest_yearly": 4.52,
            "eps_growth_yearly": 309.2
        },
        "20033": {
            "year_quarter": 20033,
            "year": 2003,
            "quarter": 3,
            "eps": 1.01,
            "eps_growth_year": 124.44,
            "eps_4q": 3.29,
            "eps_4q_growth_year": 229.11,
            "roe": 7.45,
            "roe_4q": 25.48,
            "gross_profit": 99345,
            "gross_margin": 29.85,
            "gross_margin_4q_avg": 27.82,
            "net_income": 47526,
            "net_income_4q": null,
            "revenue": 332857,
            "revenue_4q": null,
            "common_shares": 476011,
            "book_valuer_per_share": 13.83,
            "book_valuer_per_share_4q_avg": 12.86,
            "equity": 658306,
            "current_ratio": 160.68,
            "debt_ratio": 45.27,
            "inventory_turnover_ratio": 0.7,
            "account_receivable_turnover_ratio": null,
            "reinvestment_rate": 13.14,
            "research_to_sale_ratio": null,
            "price_fair": 84.2,
            "eps_avg_yearly": 2.41,
            "eps_latest_yearly": 4.04,
            "eps_growth_yearly": 258.96
        },
        "20034": {
            "year_quarter": 20034,
            "year": 2003,
            "quarter": 4,
            "eps": 1.01,
            "eps_growth_year": 188.57,
            "eps_4q": 3.92,
            "eps_4q_growth_year": 204.71,
            "roe": 7,
            "roe_4q": 29.55,
            "gross_profit": 107623,
            "gross_margin": 28.08,
            "gross_margin_4q_avg": 29.12,
            "net_income": 47919,
            "net_income_4q": null,
            "revenue": 383271,
            "revenue_4q": null,
            "common_shares": 476011,
            "book_valuer_per_share": 14.92,
            "book_valuer_per_share_4q_avg": 13.61,
            "equity": 710444,
            "current_ratio": 177.05,
            "debt_ratio": 44.38,
            "inventory_turnover_ratio": 0.78,
            "account_receivable_turnover_ratio": null,
            "reinvestment_rate": 29.31,
            "research_to_sale_ratio": null,
            "price_fair": 91.35,
            "eps_avg_yearly": 2.61,
            "eps_latest_yearly": 4.04,
            "eps_growth_yearly": 226.59
        },
        "20041": {
            "year_quarter": 20041,
            "year": 2004,
            "quarter": 1,
            "eps": 1.02,
            "eps_growth_year": 29.11,
            "eps_4q": 4.19,
            "eps_4q_growth_year": 127.56,
            "roe": 6.55,
            "roe_4q": 29.73,
            "gross_profit": 89813,
            "gross_margin": 24.56,
            "gross_margin_4q_avg": 28.16,
            "net_income": 47925,
            "net_income_4q": null,
            "revenue": 365637,
            "revenue_4q": null,
            "common_shares": 476011,
            "book_valuer_per_share": 15.83,
            "book_valuer_per_share_4q_avg": 14.39,
            "equity": 753551,
            "current_ratio": 148.7,
            "debt_ratio": 47.27,
            "inventory_turnover_ratio": 0.71,
            "account_receivable_turnover_ratio": null,
            "reinvestment_rate": 25.05,
            "research_to_sale_ratio": null,
            "price_fair": 97.07,
            "eps_avg_yearly": 2.77,
            "eps_latest_yearly": 4.08,
            "eps_growth_yearly": 201.85
        },
        "20042": {
            "year_quarter": 20042,
            "year": 2004,
            "quarter": 2,
            "eps": 1.46,
            "eps_growth_year": 29.2,
            "eps_4q": 4.5,
            "eps_4q_growth_year": 65.39,
            "roe": 9.17,
            "roe_4q": 30.169999999999998,
            "gross_profit": 147678,
            "gross_margin": 29.45,
            "gross_margin_4q_avg": 27.99,
            "net_income": 68757,
            "net_income_4q": null,
            "revenue": 501457,
            "revenue_4q": null,
            "common_shares": 476011,
            "book_valuer_per_share": 15.66,
            "book_valuer_per_share_4q_avg": 15.06,
            "equity": 745586,
            "current_ratio": 129.47,
            "debt_ratio": 55.35,
            "inventory_turnover_ratio": 0.76,
            "account_receivable_turnover_ratio": null,
            "reinvestment_rate": 28.42,
            "research_to_sale_ratio": null,
            "price_fair": 107.8,
            "eps_avg_yearly": 3.08,
            "eps_latest_yearly": 5.84,
            "eps_growth_yearly": 198.92
        },
        "20043": {
            "year_quarter": 20043,
            "year": 2004,
            "quarter": 3,
            "eps": 1.6,
            "eps_growth_year": 58.42,
            "eps_4q": 4.73,
            "eps_4q_growth_year": 44.02,
            "roe": 10.66,
            "roe_4q": 33.379999999999995,
            "gross_profit": 176675,
            "gross_margin": 29.5,
            "gross_margin_4q_avg": 27.9,
            "net_income": 84029,
            "net_income_4q": null,
            "revenue": 598811,
            "revenue_4q": null,
            "common_shares": 527843,
            "book_valuer_per_share": 15.74,
            "book_valuer_per_share_4q_avg": 15.54,
            "equity": 830746,
            "current_ratio": 129.97,
            "debt_ratio": 54.8,
            "inventory_turnover_ratio": 0.77,
            "account_receivable_turnover_ratio": null,
            "reinvestment_rate": 27.51,
            "research_to_sale_ratio": null,
            "price_fair": 118.36,
            "eps_avg_yearly": 3.38,
            "eps_latest_yearly": 6.4,
            "eps_growth_yearly": 184.33
        },
        "20044": {
            "year_quarter": 20044,
            "year": 2004,
            "quarter": 4,
            "eps": 1.2,
            "eps_growth_year": 18.81,
            "eps_4q": 5.02,
            "eps_4q_growth_year": 27.82,
            "roe": 7.38,
            "roe_4q": 33.76,
            "gross_profit": 167428,
            "gross_margin": 25.88,
            "gross_margin_4q_avg": 27.35,
            "net_income": 63126,
            "net_income_4q": null,
            "revenue": 646954,
            "revenue_4q": null,
            "common_shares": 527843,
            "book_valuer_per_share": 16.68,
            "book_valuer_per_share_4q_avg": 15.98,
            "equity": 880431,
            "current_ratio": 142.38,
            "debt_ratio": 55.55,
            "inventory_turnover_ratio": 0.76,
            "account_receivable_turnover_ratio": null,
            "reinvestment_rate": 35.05,
            "research_to_sale_ratio": null,
            "price_fair": 122.5,
            "eps_avg_yearly": 3.5,
            "eps_latest_yearly": 4.8,
            "eps_growth_yearly": 160.63
        },
        "20051": {
            "year_quarter": 20051,
            "year": 2005,
            "quarter": 1,
            "eps": 1.53,
            "eps_growth_year": 50,
            "eps_4q": 5.65,
            "eps_4q_growth_year": 34.95,
            "roe": 8.72,
            "roe_4q": 35.93,
            "gross_profit": 165226,
            "gross_margin": 26.44,
            "gross_margin_4q_avg": 27.82,
            "net_income": 80185,
            "net_income_4q": null,
            "revenue": 625014,
            "revenue_4q": null,
            "common_shares": 527843,
            "book_valuer_per_share": 18.18,
            "book_valuer_per_share_4q_avg": 16.57,
            "equity": 959525,
            "current_ratio": 134.44,
            "debt_ratio": 55.23,
            "inventory_turnover_ratio": 0.7,
            "account_receivable_turnover_ratio": null,
            "reinvestment_rate": 29.8,
            "research_to_sale_ratio": null,
            "price_fair": 129.55,
            "eps_avg_yearly": 3.7,
            "eps_latest_yearly": 6.12,
            "eps_growth_yearly": 156.74
        },
        "20052": {
            "year_quarter": 20052,
            "year": 2005,
            "quarter": 2,
            "eps": 1.63,
            "eps_growth_year": 11.64,
            "eps_4q": 5.98,
            "eps_4q_growth_year": 32.69,
            "roe": 9.1,
            "roe_4q": 35.86,
            "gross_profit": 186745,
            "gross_margin": 27.07,
            "gross_margin_4q_avg": 27.22,
            "net_income": 85248,
            "net_income_4q": null,
            "revenue": 689854,
            "revenue_4q": null,
            "common_shares": 527843,
            "book_valuer_per_share": 17.34,
            "book_valuer_per_share_4q_avg": 16.99,
            "equity": 915056,
            "current_ratio": 126.04,
            "debt_ratio": 58.28,
            "inventory_turnover_ratio": 0.74,
            "account_receivable_turnover_ratio": null,
            "reinvestment_rate": 29.42,
            "research_to_sale_ratio": null,
            "price_fair": 136.6,
            "eps_avg_yearly": 3.9,
            "eps_latest_yearly": 6.52,
            "eps_growth_yearly": 147.41
        },
        "20053": {
            "year_quarter": 20053,
            "year": 2005,
            "quarter": 3,
            "eps": 1.34,
            "eps_growth_year": -16.25,
            "eps_4q": 5.27,
            "eps_4q_growth_year": 11.38,
            "roe": 8.1,
            "roe_4q": 33.300000000000004,
            "gross_profit": 185620,
            "gross_margin": 26.25,
            "gross_margin_4q_avg": 26.41,
            "net_income": 77875,
            "net_income_4q": null,
            "revenue": 707090,
            "revenue_4q": null,
            "common_shares": 585319,
            "book_valuer_per_share": 17.23,
            "book_valuer_per_share_4q_avg": 17.36,
            "equity": 1008674,
            "current_ratio": 129.07,
            "debt_ratio": 57.7,
            "inventory_turnover_ratio": 0.71,
            "account_receivable_turnover_ratio": null,
            "reinvestment_rate": 27.16,
            "research_to_sale_ratio": null,
            "price_fair": 140,
            "eps_avg_yearly": 4,
            "eps_latest_yearly": 5.36,
            "eps_growth_yearly": 132.84
        },
        "20054": {
            "year_quarter": 20054,
            "year": 2005,
            "quarter": 4,
            "eps": 1.59,
            "eps_growth_year": 32.5,
            "eps_4q": 5.78,
            "eps_4q_growth_year": 15.33,
            "roe": 8.74,
            "roe_4q": 34.66,
            "gross_profit": 196049,
            "gross_margin": 28.02,
            "gross_margin_4q_avg": 26.95,
            "net_income": 92238,
            "net_income_4q": null,
            "revenue": 699615,
            "revenue_4q": null,
            "common_shares": 585319,
            "book_valuer_per_share": 18.8,
            "book_valuer_per_share_4q_avg": 17.89,
            "equity": 1102260,
            "current_ratio": 153.3,
            "debt_ratio": 52.43,
            "inventory_turnover_ratio": 0.64,
            "account_receivable_turnover_ratio": null,
            "reinvestment_rate": 36.21,
            "research_to_sale_ratio": null,
            "price_fair": 145.16,
            "eps_avg_yearly": 4.15,
            "eps_latest_yearly": 6.36,
            "eps_growth_yearly": 129.2
        },
        "20061": {
            "year_quarter": 20061,
            "year": 2006,
            "quarter": 1,
            "eps": 1.3,
            "eps_growth_year": -15.03,
            "eps_4q": 5.7,
            "eps_4q_growth_year": 0.8,
            "roe": 6.58,
            "roe_4q": 32.52,
            "gross_profit": 182789,
            "gross_margin": 26.44,
            "gross_margin_4q_avg": 26.95,
            "net_income": 75531,
            "net_income_4q": null,
            "revenue": 691456,
            "revenue_4q": null,
            "common_shares": 585319,
            "book_valuer_per_share": 20.4,
            "book_valuer_per_share_4q_avg": 18.44,
            "equity": 1193998,
            "current_ratio": 214.56,
            "debt_ratio": 46.43,
            "inventory_turnover_ratio": 0.65,
            "account_receivable_turnover_ratio": null,
            "reinvestment_rate": 22.29,
            "research_to_sale_ratio": null,
            "price_fair": 154.53,
            "eps_avg_yearly": 4.42,
            "eps_latest_yearly": 5.2,
            "eps_growth_yearly": 67.5
        },
        "20062": {
            "year_quarter": 20062,
            "year": 2006,
            "quarter": 2,
            "eps": 1.64,
            "eps_growth_year": 0.61,
            "eps_4q": 5.88,
            "eps_4q_growth_year": -1.67,
            "roe": 8.32,
            "roe_4q": 31.740000000000002,
            "gross_profit": 208304,
            "gross_margin": 29.25,
            "gross_margin_4q_avg": 27.49,
            "net_income": 95074,
            "net_income_4q": null,
            "revenue": 712166,
            "revenue_4q": null,
            "common_shares": 585319,
            "book_valuer_per_share": 18.66,
            "book_valuer_per_share_4q_avg": 18.77,
            "equity": 1092486,
            "current_ratio": 163.64,
            "debt_ratio": 57.18,
            "inventory_turnover_ratio": 0.65,
            "account_receivable_turnover_ratio": null,
            "reinvestment_rate": 25.86,
            "research_to_sale_ratio": null,
            "price_fair": 166.69,
            "eps_avg_yearly": 4.76,
            "eps_latest_yearly": 6.56,
            "eps_growth_yearly": 71.86
        },
        "20063": {
            "year_quarter": 20063,
            "year": 2006,
            "quarter": 3,
            "eps": 2.04,
            "eps_growth_year": 52.24,
            "eps_4q": 6.11,
            "eps_4q_growth_year": 15.96,
            "roe": 11.32,
            "roe_4q": 34.96,
            "gross_profit": 243161,
            "gross_margin": 30.55,
            "gross_margin_4q_avg": 28.57,
            "net_income": 131606,
            "net_income_4q": null,
            "revenue": 795907,
            "revenue_4q": null,
            "common_shares": 649053,
            "book_valuer_per_share": 19,
            "book_valuer_per_share_4q_avg": 19.22,
            "equity": 1232941,
            "current_ratio": 180.86,
            "debt_ratio": 51.73,
            "inventory_turnover_ratio": 0.64,
            "account_receivable_turnover_ratio": null,
            "reinvestment_rate": 22.21,
            "research_to_sale_ratio": null,
            "price_fair": 180.6,
            "eps_avg_yearly": 5.16,
            "eps_latest_yearly": 8.16,
            "eps_growth_yearly": 57.96
        },
        "20064": {
            "year_quarter": 20064,
            "year": 2006,
            "quarter": 4,
            "eps": 2.1,
            "eps_growth_year": 32.08,
            "eps_4q": 6.79,
            "eps_4q_growth_year": 17.35,
            "roe": 10.43,
            "roe_4q": 36.65,
            "gross_profit": 277041,
            "gross_margin": 29.75,
            "gross_margin_4q_avg": 29,
            "net_income": 135381,
            "net_income_4q": null,
            "revenue": 931164,
            "revenue_4q": null,
            "common_shares": 649053,
            "book_valuer_per_share": 20.96,
            "book_valuer_per_share_4q_avg": 19.76,
            "equity": 1362262,
            "current_ratio": 208.77,
            "debt_ratio": 49.05,
            "inventory_turnover_ratio": 0.72,
            "account_receivable_turnover_ratio": null,
            "reinvestment_rate": 34.28,
            "research_to_sale_ratio": null,
            "price_fair": 195.91,
            "eps_avg_yearly": 5.6,
            "eps_latest_yearly": 8.4,
            "eps_growth_yearly": 64.25
        },
        "20071": {
            "year_quarter": 20071,
            "year": 2007,
            "quarter": 1,
            "eps": 1.62,
            "eps_growth_year": 24.62,
            "eps_4q": 7,
            "eps_4q_growth_year": 22.88,
            "roe": 7.06,
            "roe_4q": 37.129999999999995,
            "gross_profit": 219310,
            "gross_margin": 28.7,
            "gross_margin_4q_avg": 29.56,
            "net_income": 109063,
            "net_income_4q": null,
            "revenue": 764103,
            "revenue_4q": null,
            "common_shares": 649053,
            "book_valuer_per_share": 26.61,
            "book_valuer_per_share_4q_avg": 21.31,
            "equity": 1727168,
            "current_ratio": 190.21,
            "debt_ratio": 36.85,
            "inventory_turnover_ratio": 0.6,
            "account_receivable_turnover_ratio": null,
            "reinvestment_rate": 31.27,
            "research_to_sale_ratio": null,
            "price_fair": 203.18,
            "eps_avg_yearly": 5.81,
            "eps_latest_yearly": 6.48,
            "eps_growth_yearly": 27.11
        },
        "20072": {
            "year_quarter": 20072,
            "year": 2007,
            "quarter": 2,
            "eps": 1.89,
            "eps_growth_year": 15.24,
            "eps_4q": 7.37,
            "eps_4q_growth_year": 25.45,
            "roe": 7.74,
            "roe_4q": 36.55,
            "gross_profit": 275138,
            "gross_margin": 31.99,
            "gross_margin_4q_avg": 30.25,
            "net_income": 129619,
            "net_income_4q": null,
            "revenue": 859983,
            "revenue_4q": null,
            "common_shares": 706622,
            "book_valuer_per_share": 22.95,
            "book_valuer_per_share_4q_avg": 22.38,
            "equity": 1621781,
            "current_ratio": 152.58,
            "debt_ratio": 42.65,
            "inventory_turnover_ratio": 0.65,
            "account_receivable_turnover_ratio": null,
            "reinvestment_rate": 36.67,
            "research_to_sale_ratio": null,
            "price_fair": 182.93,
            "eps_avg_yearly": 6,
            "eps_latest_yearly": 7.56,
            "eps_growth_yearly": 20.51
        },
        "20073": {
            "year_quarter": 20073,
            "year": 2007,
            "quarter": 3,
            "eps": 1.95,
            "eps_growth_year": -4.41,
            "eps_4q": 6.81,
            "eps_4q_growth_year": 11.36,
            "roe": 8.84,
            "roe_4q": 34.06999999999999,
            "gross_profit": 276921,
            "gross_margin": 31.15,
            "gross_margin_4q_avg": 30.4,
            "net_income": 150131,
            "net_income_4q": null,
            "revenue": 889007,
            "revenue_4q": null,
            "common_shares": 783565,
            "book_valuer_per_share": 22.63,
            "book_valuer_per_share_4q_avg": 23.29,
            "equity": 1773027,
            "current_ratio": 159.66,
            "debt_ratio": 39.86,
            "inventory_turnover_ratio": 0.65,
            "account_receivable_turnover_ratio": null,
            "reinvestment_rate": 36.98,
            "research_to_sale_ratio": null,
            "price_fair": 211.58,
            "eps_avg_yearly": 6.23,
            "eps_latest_yearly": 7.8,
            "eps_growth_yearly": 23.96
        },
        "20074": {
            "year_quarter": 20074,
            "year": 2007,
            "quarter": 4,
            "eps": 1.57,
            "eps_growth_year": -25.24,
            "eps_4q": 6.61,
            "eps_4q_growth_year": -2.69,
            "roe": 6.58,
            "roe_4q": 30.22,
            "gross_profit": 231486,
            "gross_margin": 26.63,
            "gross_margin_4q_avg": 29.62,
            "net_income": 121234,
            "net_income_4q": null,
            "revenue": 869256,
            "revenue_4q": null,
            "common_shares": 783565,
            "book_valuer_per_share": 24.35,
            "book_valuer_per_share_4q_avg": 24.14,
            "equity": 1909771,
            "current_ratio": 182.33,
            "debt_ratio": 40.79,
            "inventory_turnover_ratio": 0.6,
            "account_receivable_turnover_ratio": null,
            "reinvestment_rate": 43.75,
            "research_to_sale_ratio": null,
            "price_fair": 185.3,
            "eps_avg_yearly": 6.37,
            "eps_latest_yearly": 6.28,
            "eps_growth_yearly": 19.09
        },
        "20081": {
            "year_quarter": 20081,
            "year": 2008,
            "quarter": 1,
            "eps": 1.13,
            "eps_growth_year": -30.25,
            "eps_4q": 6.29,
            "eps_4q_growth_year": -10.17,
            "roe": 4.51,
            "roe_4q": 27.67,
            "gross_profit": 245590,
            "gross_margin": 28.79,
            "gross_margin_4q_avg": 29.64,
            "net_income": 87877,
            "net_income_4q": null,
            "revenue": 852968,
            "revenue_4q": null,
            "common_shares": 783565,
            "book_valuer_per_share": 25.31,
            "book_valuer_per_share_4q_avg": 23.81,
            "equity": 1984915,
            "current_ratio": 170.02,
            "debt_ratio": 43.8,
            "inventory_turnover_ratio": 0.5,
            "account_receivable_turnover_ratio": null,
            "reinvestment_rate": 45.45,
            "research_to_sale_ratio": null,
            "price_fair": 139.7,
            "eps_avg_yearly": 6.4,
            "eps_latest_yearly": 4.52,
            "eps_growth_yearly": 11.84
        },
        "20082": {
            "year_quarter": 20082,
            "year": 2008,
            "quarter": 2,
            "eps": 1.41,
            "eps_growth_year": -25.4,
            "eps_4q": 5.77,
            "eps_4q_growth_year": -21.69,
            "roe": 6.2,
            "roe_4q": 26.13,
            "gross_profit": 280634,
            "gross_margin": 28.13,
            "gross_margin_4q_avg": 28.68,
            "net_income": 116065,
            "net_income_4q": null,
            "revenue": 997648,
            "revenue_4q": null,
            "common_shares": 783565,
            "book_valuer_per_share": 22.39,
            "book_valuer_per_share_4q_avg": 23.67,
            "equity": 1756596,
            "current_ratio": 140.86,
            "debt_ratio": 52.96,
            "inventory_turnover_ratio": 0.53,
            "account_receivable_turnover_ratio": null,
            "reinvestment_rate": 43.16,
            "research_to_sale_ratio": null,
            "price_fair": 110.12,
            "eps_avg_yearly": 6.39,
            "eps_latest_yearly": 5.64,
            "eps_growth_yearly": 7.25
        },
        "20083": {
            "year_quarter": 20083,
            "year": 2008,
            "quarter": 3,
            "eps": 1.61,
            "eps_growth_year": -17.44,
            "eps_4q": 5.56,
            "eps_4q_growth_year": -18.37,
            "roe": 7.23,
            "roe_4q": 24.519999999999996,
            "gross_profit": 308295,
            "gross_margin": 30.5,
            "gross_margin_4q_avg": 28.51,
            "net_income": 132621,
            "net_income_4q": null,
            "revenue": 1010649,
            "revenue_4q": null,
            "common_shares": 829012,
            "book_valuer_per_share": 23.03,
            "book_valuer_per_share_4q_avg": 23.77,
            "equity": 1909628,
            "current_ratio": 148.75,
            "debt_ratio": 49.97,
            "inventory_turnover_ratio": 0.48,
            "account_receivable_turnover_ratio": null,
            "reinvestment_rate": 42.14,
            "research_to_sale_ratio": null,
            "price_fair": 117.5,
            "eps_avg_yearly": 6.39,
            "eps_latest_yearly": 6.44,
            "eps_growth_yearly": 8.4
        },
        "20084": {
            "year_quarter": 20084,
            "year": 2008,
            "quarter": 4,
            "eps": 0.25,
            "eps_growth_year": -84.08,
            "eps_4q": 4.32,
            "eps_4q_growth_year": -34.58,
            "roe": 1.07,
            "roe_4q": 19.009999999999998,
            "gross_profit": 134663,
            "gross_margin": 20.14,
            "gross_margin_4q_avg": 26.89,
            "net_income": 20669,
            "net_income_4q": null,
            "revenue": 668628,
            "revenue_4q": null,
            "common_shares": 823709,
            "book_valuer_per_share": 23.54,
            "book_valuer_per_share_4q_avg": 23.57,
            "equity": 1938635,
            "current_ratio": 242.3,
            "debt_ratio": 43.48,
            "inventory_turnover_ratio": 0.38,
            "account_receivable_turnover_ratio": 1.89,
            "reinvestment_rate": 40.65,
            "research_to_sale_ratio": null,
            "price_fair": 18.45,
            "eps_avg_yearly": 6.15,
            "eps_latest_yearly": 1,
            "eps_growth_yearly": -6.47
        },
        "20091": {
            "year_quarter": 20091,
            "year": 2009,
            "quarter": 1,
            "eps": 0.12,
            "eps_growth_year": -89.38,
            "eps_4q": 3.43,
            "eps_4q_growth_year": -45.46,
            "roe": 0.5,
            "roe_4q": 15,
            "gross_profit": 52911,
            "gross_margin": 23.49,
            "gross_margin_4q_avg": 25.57,
            "net_income": 9770,
            "net_income_4q": null,
            "revenue": 225270,
            "revenue_4q": null,
            "common_shares": 823709,
            "book_valuer_per_share": 23.82,
            "book_valuer_per_share_4q_avg": 23.2,
            "equity": 1961743,
            "current_ratio": 257.46,
            "debt_ratio": 39.99,
            "inventory_turnover_ratio": 0.13,
            "account_receivable_turnover_ratio": 0.39,
            "reinvestment_rate": 42.49,
            "research_to_sale_ratio": null,
            "price_fair": 17.39,
            "eps_avg_yearly": 5.8,
            "eps_latest_yearly": 0.48,
            "eps_growth_yearly": -26.35
        },
        "20092": {
            "year_quarter": 20092,
            "year": 2009,
            "quarter": 2,
            "eps": 0.01,
            "eps_growth_year": -99.29,
            "eps_4q": 1.99,
            "eps_4q_growth_year": -65.51,
            "roe": 0.05,
            "roe_4q": 8.850000000000001,
            "gross_profit": 74307,
            "gross_margin": 24.65,
            "gross_margin_4q_avg": 24.7,
            "net_income": 971,
            "net_income_4q": null,
            "revenue": 301474,
            "revenue_4q": null,
            "common_shares": 823709,
            "book_valuer_per_share": 22.72,
            "book_valuer_per_share_4q_avg": 23.28,
            "equity": 1871669,
            "current_ratio": 251.29,
            "debt_ratio": 41.3,
            "inventory_turnover_ratio": 0.17,
            "account_receivable_turnover_ratio": 0.74,
            "reinvestment_rate": 43.31,
            "research_to_sale_ratio": null,
            "price_fair": 16.18,
            "eps_avg_yearly": 5.39,
            "eps_latest_yearly": 0.04,
            "eps_growth_yearly": -50.9
        },
        "20093": {
            "year_quarter": 20093,
            "year": 2009,
            "quarter": 3,
            "eps": 0.3,
            "eps_growth_year": -81.37,
            "eps_4q": 0.65,
            "eps_4q_growth_year": -88.39,
            "roe": 1.46,
            "roe_4q": 3.08,
            "gross_profit": 116110,
            "gross_margin": 23.33,
            "gross_margin_4q_avg": 22.9,
            "net_income": 27291,
            "net_income_4q": null,
            "revenue": 497753,
            "revenue_4q": null,
            "common_shares": 906080,
            "book_valuer_per_share": 20.65,
            "book_valuer_per_share_4q_avg": 22.68,
            "equity": 1870653,
            "current_ratio": 202.24,
            "debt_ratio": 41.81,
            "inventory_turnover_ratio": 0.31,
            "account_receivable_turnover_ratio": 1.18,
            "reinvestment_rate": 43.47,
            "research_to_sale_ratio": null,
            "price_fair": 179.64,
            "eps_avg_yearly": 5.13,
            "eps_latest_yearly": 1.2,
            "eps_growth_yearly": 678.55
        },
        "20094": {
            "year_quarter": 20094,
            "year": 2009,
            "quarter": 4,
            "eps": 0.01,
            "eps_growth_year": -96,
            "eps_4q": 0.44,
            "eps_4q_growth_year": -89.77,
            "roe": 0.06,
            "roe_4q": 2.0700000000000003,
            "gross_profit": 129628,
            "gross_margin": 23.51,
            "gross_margin_4q_avg": 23.75,
            "net_income": 1093,
            "net_income_4q": null,
            "revenue": 551382,
            "revenue_4q": null,
            "common_shares": 906080,
            "book_valuer_per_share": 21.11,
            "book_valuer_per_share_4q_avg": 22.08,
            "equity": 1868069,
            "current_ratio": 173.06,
            "debt_ratio": 41.72,
            "inventory_turnover_ratio": 0.38,
            "account_receivable_turnover_ratio": 1.98,
            "reinvestment_rate": 80.14,
            "research_to_sale_ratio": null,
            "price_fair": 165.81,
            "eps_avg_yearly": 4.74,
            "eps_latest_yearly": 0.04,
            "eps_growth_yearly": 649.72
        },
        "20101": {
            "year_quarter": 20101,
            "year": 2010,
            "quarter": 1,
            "eps": 0.43,
            "eps_growth_year": 258.33,
            "eps_4q": 0.75,
            "eps_4q_growth_year": -78,
            "roe": 2,
            "roe_4q": 3.57,
            "gross_profit": 135198,
            "gross_margin": 25.19,
            "gross_margin_4q_avg": 24.17,
            "net_income": 37905,
            "net_income_4q": null,
            "revenue": 536794,
            "revenue_4q": null,
            "common_shares": 906080,
            "book_valuer_per_share": 21.66,
            "book_valuer_per_share_4q_avg": 21.54,
            "equity": 1931953,
            "current_ratio": 170.44,
            "debt_ratio": 42.61,
            "inventory_turnover_ratio": 0.38,
            "account_receivable_turnover_ratio": 0.84,
            "reinvestment_rate": 91.41,
            "research_to_sale_ratio": 2.46,
            "price_fair": 158.2,
            "eps_avg_yearly": 4.52,
            "eps_latest_yearly": 1.72,
            "eps_growth_yearly": 1704.28
        },
        "20102": {
            "year_quarter": 20102,
            "year": 2010,
            "quarter": 2,
            "eps": 0.55,
            "eps_growth_year": 5398.41,
            "eps_4q": 1.29,
            "eps_4q_growth_year": -35.07,
            "roe": 2.53,
            "roe_4q": 6.049999999999999,
            "gross_profit": 171308,
            "gross_margin": 26.1,
            "gross_margin_4q_avg": 24.53,
            "net_income": 49042,
            "net_income_4q": null,
            "revenue": 656382,
            "revenue_4q": null,
            "common_shares": 906080,
            "book_valuer_per_share": 21.79,
            "book_valuer_per_share_4q_avg": 21.3,
            "equity": 1943244,
            "current_ratio": 158.46,
            "debt_ratio": 45.94,
            "inventory_turnover_ratio": 0.43,
            "account_receivable_turnover_ratio": 0.88,
            "reinvestment_rate": 93.86,
            "research_to_sale_ratio": 1.96,
            "price_fair": 148.66,
            "eps_avg_yearly": 4.25,
            "eps_latest_yearly": 2.2,
            "eps_growth_yearly": 1704.72
        },
        "20103": {
            "year_quarter": 20103,
            "year": 2010,
            "quarter": 3,
            "eps": 0.84,
            "eps_growth_year": 180.27,
            "eps_4q": 1.83,
            "eps_4q_growth_year": 183.49,
            "roe": 3.79,
            "roe_4q": 8.38,
            "gross_profit": 247972,
            "gross_margin": 30.1,
            "gross_margin_4q_avg": 26.23,
            "net_income": 74884,
            "net_income_4q": null,
            "revenue": 823922,
            "revenue_4q": null,
            "common_shares": 906080,
            "book_valuer_per_share": 22.53,
            "book_valuer_per_share_4q_avg": 21.77,
            "equity": 2006408,
            "current_ratio": 149.2,
            "debt_ratio": 49.45,
            "inventory_turnover_ratio": 0.47,
            "account_receivable_turnover_ratio": 1.05,
            "reinvestment_rate": 99.02,
            "research_to_sale_ratio": 1.78,
            "price_fair": 138.16,
            "eps_avg_yearly": 3.95,
            "eps_latest_yearly": 3.36,
            "eps_growth_yearly": 1711.8
        },
        "20104": {
            "year_quarter": 20104,
            "year": 2010,
            "quarter": 4,
            "eps": 0.81,
            "eps_growth_year": 8009.12,
            "eps_4q": 2.69,
            "eps_4q_growth_year": 508.01,
            "roe": 3.54,
            "roe_4q": 11.86,
            "gross_profit": 235272,
            "gross_margin": 25.17,
            "gross_margin_4q_avg": 26.64,
            "net_income": 69929,
            "net_income_4q": null,
            "revenue": 934913,
            "revenue_4q": null,
            "common_shares": 906080,
            "book_valuer_per_share": 22.5,
            "book_valuer_per_share_4q_avg": 22.12,
            "equity": 1940154,
            "current_ratio": 141.12,
            "debt_ratio": 51.1,
            "inventory_turnover_ratio": 0.56,
            "account_receivable_turnover_ratio": 1.11,
            "reinvestment_rate": 91.45,
            "research_to_sale_ratio": 1.87,
            "price_fair": 126.88,
            "eps_avg_yearly": 3.63,
            "eps_latest_yearly": 3.24,
            "eps_growth_yearly": 1710.17
        },
        "20111": {
            "year_quarter": 20111,
            "year": 2011,
            "quarter": 1,
            "eps": 0.23,
            "eps_growth_year": -46.51,
            "eps_4q": 2.46,
            "eps_4q_growth_year": 226.73,
            "roe": 1.03,
            "roe_4q": 10.889999999999999,
            "gross_profit": 120662,
            "gross_margin": 20.54,
            "gross_margin_4q_avg": 25.48,
            "net_income": 20232,
            "net_income_4q": null,
            "revenue": 587587,
            "revenue_4q": null,
            "common_shares": 906080,
            "book_valuer_per_share": 22.95,
            "book_valuer_per_share_4q_avg": 22.44,
            "equity": 1994221,
            "current_ratio": 133.81,
            "debt_ratio": 54.61,
            "inventory_turnover_ratio": 0.35,
            "account_receivable_turnover_ratio": 0.63,
            "reinvestment_rate": 60.14,
            "research_to_sale_ratio": 2.94,
            "price_fair": 114.71,
            "eps_avg_yearly": 3.28,
            "eps_latest_yearly": 0.92,
            "eps_growth_yearly": 1697.99
        },
        "20112": {
            "year_quarter": 20112,
            "year": 2011,
            "quarter": 2,
            "eps": 0.61,
            "eps_growth_year": 10.83,
            "eps_4q": 2.42,
            "eps_4q_growth_year": 87.03,
            "roe": 2.82,
            "roe_4q": 11.18,
            "gross_profit": 224599,
            "gross_margin": 23.54,
            "gross_margin_4q_avg": 24.84,
            "net_income": 55598,
            "net_income_4q": null,
            "revenue": 954164,
            "revenue_4q": null,
            "common_shares": 906080,
            "book_valuer_per_share": 22.49,
            "book_valuer_per_share_4q_avg": 22.62,
            "equity": 1954130,
            "current_ratio": 127.48,
            "debt_ratio": 57.86,
            "inventory_turnover_ratio": 0.49,
            "account_receivable_turnover_ratio": 0.96,
            "reinvestment_rate": 56.44,
            "research_to_sale_ratio": 2.05,
            "price_fair": 103.51,
            "eps_avg_yearly": 2.96,
            "eps_latest_yearly": 2.44,
            "eps_growth_yearly": 1735.12
        },
        "20113": {
            "year_quarter": 20113,
            "year": 2011,
            "quarter": 3,
            "eps": 0.99,
            "eps_growth_year": 17.32,
            "eps_4q": 2.58,
            "eps_4q_growth_year": 41.26,
            "roe": 4.46,
            "roe_4q": 11.849999999999998,
            "gross_profit": 186380,
            "gross_margin": 21.24,
            "gross_margin_4q_avg": 22.62,
            "net_income": 89995,
            "net_income_4q": null,
            "revenue": 877673,
            "revenue_4q": null,
            "common_shares": 949525,
            "book_valuer_per_share": 22.8,
            "book_valuer_per_share_4q_avg": 22.69,
            "equity": 2079928,
            "current_ratio": 135.86,
            "debt_ratio": 55.94,
            "inventory_turnover_ratio": 0.42,
            "account_receivable_turnover_ratio": 0.87,
            "reinvestment_rate": 57.85,
            "research_to_sale_ratio": 1.95,
            "price_fair": 95.11,
            "eps_avg_yearly": 2.72,
            "eps_latest_yearly": 3.96,
            "eps_growth_yearly": 1749.9
        },
        "20114": {
            "year_quarter": 20114,
            "year": 2011,
            "quarter": 4,
            "eps": 0.89,
            "eps_growth_year": 10.2,
            "eps_4q": 2.71,
            "eps_4q_growth_year": 0.88,
            "roe": 3.84,
            "roe_4q": 12.15,
            "gross_profit": 263292,
            "gross_margin": 25.93,
            "gross_margin_4q_avg": 22.81,
            "net_income": 81527,
            "net_income_4q": null,
            "revenue": 1015204,
            "revenue_4q": null,
            "common_shares": 949525,
            "book_valuer_per_share": 23.72,
            "book_valuer_per_share_4q_avg": 22.99,
            "equity": 2164476,
            "current_ratio": 141.78,
            "debt_ratio": 54.21,
            "inventory_turnover_ratio": 0.44,
            "account_receivable_turnover_ratio": 0.97,
            "reinvestment_rate": 39.82,
            "research_to_sale_ratio": 2.92,
            "price_fair": 89.16,
            "eps_avg_yearly": 2.55,
            "eps_latest_yearly": 3.56,
            "eps_growth_yearly": 1752.25
        },
        "20121": {
            "year_quarter": 20121,
            "year": 2012,
            "quarter": 1,
            "eps": 0.73,
            "eps_growth_year": 217.39,
            "eps_4q": 3.2,
            "eps_4q_growth_year": 29.81,
            "roe": 3.05,
            "roe_4q": 14.17,
            "gross_profit": 239819,
            "gross_margin": 26.09,
            "gross_margin_4q_avg": 24.2,
            "net_income": 67118,
            "net_income_4q": null,
            "revenue": 919371,
            "revenue_4q": null,
            "common_shares": 949525,
            "book_valuer_per_share": 24.38,
            "book_valuer_per_share_4q_avg": 23.35,
            "equity": 2242728,
            "current_ratio": 144.52,
            "debt_ratio": 53.2,
            "inventory_turnover_ratio": 0.42,
            "account_receivable_turnover_ratio": 0.78,
            "reinvestment_rate": 34.34,
            "research_to_sale_ratio": 1.93,
            "price_fair": 85.66,
            "eps_avg_yearly": 2.45,
            "eps_latest_yearly": 2.92,
            "eps_growth_yearly": 1754.76
        },
        "20122": {
            "year_quarter": 20122,
            "year": 2012,
            "quarter": 2,
            "eps": 0.83,
            "eps_growth_year": 36.59,
            "eps_4q": 3.43,
            "eps_4q_growth_year": 41.68,
            "roe": 3.46,
            "roe_4q": 14.809999999999999,
            "gross_profit": 226742,
            "gross_margin": 23.18,
            "gross_margin_4q_avg": 24.11,
            "net_income": 76573,
            "net_income_4q": null,
            "revenue": 978303,
            "revenue_4q": null,
            "common_shares": 949525,
            "book_valuer_per_share": 23.74,
            "book_valuer_per_share_4q_avg": 23.66,
            "equity": 2183579,
            "current_ratio": 136.55,
            "debt_ratio": 56.7,
            "inventory_turnover_ratio": 0.49,
            "account_receivable_turnover_ratio": 0.78,
            "reinvestment_rate": 30.94,
            "research_to_sale_ratio": 1.83,
            "price_fair": 80.59,
            "eps_avg_yearly": 2.3,
            "eps_latest_yearly": 3.32,
            "eps_growth_yearly": 1751.99
        },
        "20123": {
            "year_quarter": 20123,
            "year": 2012,
            "quarter": 3,
            "eps": 0.99,
            "eps_growth_year": 0.02,
            "eps_4q": 3.43,
            "eps_4q_growth_year": 32.92,
            "roe": 4.08,
            "roe_4q": 14.43,
            "gross_profit": 257737,
            "gross_margin": 26.37,
            "gross_margin_4q_avg": 25.39,
            "net_income": 90761,
            "net_income_4q": null,
            "revenue": 977492,
            "revenue_4q": null,
            "common_shares": 949525,
            "book_valuer_per_share": 24.62,
            "book_valuer_per_share_4q_avg": 24.12,
            "equity": 2264632,
            "current_ratio": 144.85,
            "debt_ratio": 52.85,
            "inventory_turnover_ratio": 0.49,
            "account_receivable_turnover_ratio": 0.78,
            "reinvestment_rate": 28.49,
            "research_to_sale_ratio": 1.74,
            "price_fair": 75.16,
            "eps_avg_yearly": 2.15,
            "eps_latest_yearly": 3.96,
            "eps_growth_yearly": 1753.27
        },
        "20124": {
            "year_quarter": 20124,
            "year": 2012,
            "quarter": 4,
            "eps": 0.35,
            "eps_growth_year": -61.33,
            "eps_4q": 2.89,
            "eps_4q_growth_year": 6.75,
            "roe": 1.39,
            "roe_4q": 11.98,
            "gross_profit": 190237,
            "gross_margin": 23.93,
            "gross_margin_4q_avg": 24.89,
            "net_income": 31789,
            "net_income_4q": null,
            "revenue": 795124,
            "revenue_4q": null,
            "common_shares": 949525,
            "book_valuer_per_share": 25,
            "book_valuer_per_share_4q_avg": 24.44,
            "equity": 2299416,
            "current_ratio": 158.04,
            "debt_ratio": 46.77,
            "inventory_turnover_ratio": 0.44,
            "account_receivable_turnover_ratio": 0.68,
            "reinvestment_rate": 26.36,
            "research_to_sale_ratio": 2.26,
            "price_fair": 76.04,
            "eps_avg_yearly": 2.17,
            "eps_latest_yearly": 1.4,
            "eps_growth_yearly": 1758.22
        },
        "20131": {
            "year_quarter": 20131,
            "year": 2013,
            "quarter": 1,
            "eps": 0.78,
            "eps_growth_year": 6.85,
            "eps_4q": 2.94,
            "eps_4q_growth_year": -8.02,
            "roe": 3.05,
            "roe_4q": 11.98,
            "gross_profit": 136317,
            "gross_margin": 20.78,
            "gross_margin_4q_avg": 23.57,
            "net_income": 71530,
            "net_income_4q": null,
            "revenue": 656087,
            "revenue_4q": null,
            "common_shares": 949525,
            "book_valuer_per_share": 25.93,
            "book_valuer_per_share_4q_avg": 24.82,
            "equity": 2385645,
            "current_ratio": 154.93,
            "debt_ratio": 48.43,
            "inventory_turnover_ratio": 0.38,
            "account_receivable_turnover_ratio": 0.62,
            "reinvestment_rate": 26.85,
            "research_to_sale_ratio": 2.03,
            "price_fair": 81.81,
            "eps_avg_yearly": 2.34,
            "eps_latest_yearly": 3.12,
            "eps_growth_yearly": 1801.94
        },
        "20132": {
            "year_quarter": 20132,
            "year": 2013,
            "quarter": 2,
            "eps": 0.54,
            "eps_growth_year": -35.12,
            "eps_4q": 2.65,
            "eps_4q_growth_year": -22.62,
            "roe": 2.12,
            "roe_4q": 10.64,
            "gross_profit": 160214,
            "gross_margin": 20.09,
            "gross_margin_4q_avg": 22.79,
            "net_income": 49838,
            "net_income_4q": null,
            "revenue": 797501,
            "revenue_4q": null,
            "common_shares": 949525,
            "book_valuer_per_share": 25.06,
            "book_valuer_per_share_4q_avg": 25.15,
            "equity": 2305028,
            "current_ratio": 157.31,
            "debt_ratio": 48.9,
            "inventory_turnover_ratio": 0.45,
            "account_receivable_turnover_ratio": 0.75,
            "reinvestment_rate": 27.29,
            "research_to_sale_ratio": 1.82,
            "price_fair": 86.45,
            "eps_avg_yearly": 2.47,
            "eps_latest_yearly": 2.16,
            "eps_growth_yearly": 1817.16
        },
        "20133": {
            "year_quarter": 20133,
            "year": 2013,
            "quarter": 3,
            "eps": 0.37,
            "eps_growth_year": -62.5,
            "eps_4q": 2.04,
            "eps_4q_growth_year": -40.73,
            "roe": 1.47,
            "roe_4q": 8.03,
            "gross_profit": 160956,
            "gross_margin": 22.35,
            "gross_margin_4q_avg": 21.79,
            "net_income": 34113,
            "net_income_4q": null,
            "revenue": 720010,
            "revenue_4q": null,
            "common_shares": 949525,
            "book_valuer_per_share": 25.37,
            "book_valuer_per_share_4q_avg": 25.34,
            "equity": 2333714,
            "current_ratio": 160.08,
            "debt_ratio": 48.34,
            "inventory_turnover_ratio": 0.38,
            "account_receivable_turnover_ratio": 0.67,
            "reinvestment_rate": 26.42,
            "research_to_sale_ratio": 2.5,
            "price_fair": 87.06,
            "eps_avg_yearly": 2.49,
            "eps_latest_yearly": 1.48,
            "eps_growth_yearly": 1084.29
        },
        "20134": {
            "year_quarter": 20134,
            "year": 2013,
            "quarter": 4,
            "eps": 0.88,
            "eps_growth_year": 153.22,
            "eps_4q": 2.57,
            "eps_4q_growth_year": -11.37,
            "roe": 3.39,
            "roe_4q": 10.030000000000001,
            "gross_profit": 200119,
            "gross_margin": 24.43,
            "gross_margin_4q_avg": 21.91,
            "net_income": 80497,
            "net_income_4q": null,
            "revenue": 819070,
            "revenue_4q": null,
            "common_shares": 919945,
            "book_valuer_per_share": 26.32,
            "book_valuer_per_share_4q_avg": 25.67,
            "equity": 2421044,
            "current_ratio": 152.09,
            "debt_ratio": 51.31,
            "inventory_turnover_ratio": 0.41,
            "account_receivable_turnover_ratio": 0.8,
            "reinvestment_rate": -8.33,
            "research_to_sale_ratio": 2.17,
            "price_fair": 94.68,
            "eps_avg_yearly": 2.71,
            "eps_latest_yearly": 3.52,
            "eps_growth_yearly": 1142.92
        },
        "20141": {
            "year_quarter": 20141,
            "year": 2014,
            "quarter": 1,
            "eps": 0.74,
            "eps_growth_year": -5.13,
            "eps_4q": 2.52,
            "eps_4q_growth_year": -14.2,
            "roe": 2.84,
            "roe_4q": 9.82,
            "gross_profit": 189101,
            "gross_margin": 22.11,
            "gross_margin_4q_avg": 22.25,
            "net_income": 71518,
            "net_income_4q": null,
            "revenue": 855140,
            "revenue_4q": null,
            "common_shares": 919945,
            "book_valuer_per_share": 27.05,
            "book_valuer_per_share_4q_avg": 25.95,
            "equity": 2620216,
            "current_ratio": 143.62,
            "debt_ratio": 53.08,
            "inventory_turnover_ratio": 0.42,
            "account_receivable_turnover_ratio": 0.84,
            "reinvestment_rate": 45.12,
            "research_to_sale_ratio": 2.15,
            "price_fair": 97.39,
            "eps_avg_yearly": 2.78,
            "eps_latest_yearly": 2.96,
            "eps_growth_yearly": 88.94
        },
        "20142": {
            "year_quarter": 20142,
            "year": 2014,
            "quarter": 2,
            "eps": 0.44,
            "eps_growth_year": -18.52,
            "eps_4q": 2.42,
            "eps_4q_growth_year": -8.63,
            "roe": 1.65,
            "roe_4q": 9.350000000000001,
            "gross_profit": 222757,
            "gross_margin": 22.29,
            "gross_margin_4q_avg": 22.8,
            "net_income": 42022,
            "net_income_4q": null,
            "revenue": 999573,
            "revenue_4q": null,
            "common_shares": 919945,
            "book_valuer_per_share": 25.4,
            "book_valuer_per_share_4q_avg": 26.04,
            "equity": 2469492,
            "current_ratio": 131.05,
            "debt_ratio": 57.12,
            "inventory_turnover_ratio": 0.46,
            "account_receivable_turnover_ratio": 0.87,
            "reinvestment_rate": 40.92,
            "research_to_sale_ratio": 2.01,
            "price_fair": 96.43,
            "eps_avg_yearly": 2.76,
            "eps_latest_yearly": 1.76,
            "eps_growth_yearly": 71.83
        },
        "20143": {
            "year_quarter": 20143,
            "year": 2014,
            "quarter": 3,
            "eps": 0.75,
            "eps_growth_year": 102.7,
            "eps_4q": 2.8,
            "eps_4q_growth_year": 37.75,
            "roe": 2.8,
            "roe_4q": 10.68,
            "gross_profit": 207128,
            "gross_margin": 21.59,
            "gross_margin_4q_avg": 22.61,
            "net_income": 70210,
            "net_income_4q": null,
            "revenue": 959291,
            "revenue_4q": null,
            "common_shares": 919945,
            "book_valuer_per_share": 26.27,
            "book_valuer_per_share_4q_avg": 26.26,
            "equity": 2551308,
            "current_ratio": 134.05,
            "debt_ratio": 58.05,
            "inventory_turnover_ratio": 0.43,
            "account_receivable_turnover_ratio": 0.76,
            "reinvestment_rate": 38.92,
            "research_to_sale_ratio": 2.11,
            "price_fair": 95.64,
            "eps_avg_yearly": 2.73,
            "eps_latest_yearly": 3,
            "eps_growth_yearly": 76.26
        },
        "20144": {
            "year_quarter": 20144,
            "year": 2014,
            "quarter": 4,
            "eps": 1.04,
            "eps_growth_year": 18.51,
            "eps_4q": 2.97,
            "eps_4q_growth_year": 15.63,
            "roe": 3.69,
            "roe_4q": 10.98,
            "gross_profit": 238930,
            "gross_margin": 21.73,
            "gross_margin_4q_avg": 21.93,
            "net_income": 96028,
            "net_income_4q": null,
            "revenue": 1099303,
            "revenue_4q": null,
            "common_shares": 919945,
            "book_valuer_per_share": 27.45,
            "book_valuer_per_share_4q_avg": 26.54,
            "equity": 2657449,
            "current_ratio": 132.95,
            "debt_ratio": 58.35,
            "inventory_turnover_ratio": 0.49,
            "account_receivable_turnover_ratio": 0.78,
            "reinvestment_rate": 35.73,
            "research_to_sale_ratio": 1.98,
            "price_fair": 97.65,
            "eps_avg_yearly": 2.79,
            "eps_latest_yearly": 4.16,
            "eps_growth_yearly": 86.82
        },
        "20151": {
            "year_quarter": 20151,
            "year": 2015,
            "quarter": 1,
            "eps": 0.73,
            "eps_growth_year": -1.35,
            "eps_4q": 2.96,
            "eps_4q_growth_year": 17.09,
            "roe": 2.46,
            "roe_4q": 10.6,
            "gross_profit": 189915,
            "gross_margin": 20.83,
            "gross_margin_4q_avg": 21.61,
            "net_income": 66214,
            "net_income_4q": null,
            "revenue": 911947,
            "revenue_4q": null,
            "common_shares": 919945,
            "book_valuer_per_share": 28.12,
            "book_valuer_per_share_4q_avg": 26.81,
            "equity": 2718826,
            "current_ratio": 135.43,
            "debt_ratio": 58.06,
            "inventory_turnover_ratio": 0.4,
            "account_receivable_turnover_ratio": 0.63,
            "reinvestment_rate": 72.86,
            "research_to_sale_ratio": 2.23,
            "price_fair": 102.03,
            "eps_avg_yearly": 2.92,
            "eps_latest_yearly": 2.92,
            "eps_growth_yearly": 97.27
        },
        "20152": {
            "year_quarter": 20152,
            "year": 2015,
            "quarter": 2,
            "eps": 0.09,
            "eps_growth_year": -79.55,
            "eps_4q": 2.61,
            "eps_4q_growth_year": 7.53,
            "roe": 0.36,
            "roe_4q": 9.309999999999999,
            "gross_profit": 170890,
            "gross_margin": 17.63,
            "gross_margin_4q_avg": 20.45,
            "net_income": 9613,
            "net_income_4q": null,
            "revenue": 969531,
            "revenue_4q": null,
            "common_shares": 919945,
            "book_valuer_per_share": 26.28,
            "book_valuer_per_share_4q_avg": 27.03,
            "equity": 2550527,
            "current_ratio": 139.42,
            "debt_ratio": 61.28,
            "inventory_turnover_ratio": 0.42,
            "account_receivable_turnover_ratio": 0.69,
            "reinvestment_rate": 71.3,
            "research_to_sale_ratio": 2.22,
            "price_fair": 97.48,
            "eps_avg_yearly": 2.79,
            "eps_latest_yearly": 0.36,
            "eps_growth_yearly": 34.05
        },
        "20153": {
            "year_quarter": 20153,
            "year": 2015,
            "quarter": 3,
            "eps": 1.75,
            "eps_growth_year": 133.33,
            "eps_4q": 3.6,
            "eps_4q_growth_year": 28.4,
            "roe": 6.02,
            "roe_4q": 12.53,
            "gross_profit": 214080,
            "gross_margin": 22.32,
            "gross_margin_4q_avg": 20.63,
            "net_income": 160696,
            "net_income_4q": null,
            "revenue": 959258,
            "revenue_4q": null,
            "common_shares": 919945,
            "book_valuer_per_share": 28.29,
            "book_valuer_per_share_4q_avg": 27.54,
            "equity": 2783898,
            "current_ratio": 144.7,
            "debt_ratio": 57.9,
            "inventory_turnover_ratio": 0.39,
            "account_receivable_turnover_ratio": 0.65,
            "reinvestment_rate": 65.77,
            "research_to_sale_ratio": 1.7,
            "price_fair": 104.13,
            "eps_avg_yearly": 2.98,
            "eps_latest_yearly": 7,
            "eps_growth_yearly": 479.58
        },
        "20154": {
            "year_quarter": 20154,
            "year": 2015,
            "quarter": 4,
            "eps": 0.42,
            "eps_growth_year": -59.49,
            "eps_4q": 2.98,
            "eps_4q_growth_year": 0.59,
            "roe": 1.39,
            "roe_4q": 10.23,
            "gross_profit": 207217,
            "gross_margin": 21.45,
            "gross_margin_4q_avg": 20.56,
            "net_income": 38917,
            "net_income_4q": null,
            "revenue": 966049,
            "revenue_4q": null,
            "common_shares": 919945,
            "book_valuer_per_share": 28.48,
            "book_valuer_per_share_4q_avg": 27.79,
            "equity": 2799323,
            "current_ratio": 136.53,
            "debt_ratio": 59.09,
            "inventory_turnover_ratio": 0.41,
            "account_receivable_turnover_ratio": 0.63,
            "reinvestment_rate": 71.85,
            "research_to_sale_ratio": 2.87,
            "price_fair": 100.01,
            "eps_avg_yearly": 2.86,
            "eps_latest_yearly": 1.68,
            "eps_growth_yearly": 463.11
        },
        "20161": {
            "year_quarter": 20161,
            "year": 2016,
            "quarter": 1,
            "eps": 0.25,
            "eps_growth_year": -65.75,
            "eps_4q": 2.51,
            "eps_4q_growth_year": -15.09,
            "roe": 0.82,
            "roe_4q": 8.59,
            "gross_profit": 156988,
            "gross_margin": 21.1,
            "gross_margin_4q_avg": 20.63,
            "net_income": 23048,
            "net_income_4q": null,
            "revenue": 744117,
            "revenue_4q": null,
            "common_shares": 919945,
            "book_valuer_per_share": 28.69,
            "book_valuer_per_share_4q_avg": 27.94,
            "equity": 2818493,
            "current_ratio": 140.69,
            "debt_ratio": 57.2,
            "inventory_turnover_ratio": 0.33,
            "account_receivable_turnover_ratio": 0.5,
            "reinvestment_rate": 73.22,
            "research_to_sale_ratio": 2.35,
            "price_fair": 95.81,
            "eps_avg_yearly": 2.74,
            "eps_latest_yearly": 1,
            "eps_growth_yearly": 457.48
        },
        "20162": {
            "year_quarter": 20162,
            "year": 2016,
            "quarter": 2,
            "eps": 0.48,
            "eps_growth_year": 433.33,
            "eps_4q": 2.76,
            "eps_4q_growth_year": 5.8,
            "roe": 1.54,
            "roe_4q": 9.77,
            "gross_profit": 213883,
            "gross_margin": 22.13,
            "gross_margin_4q_avg": 21.75,
            "net_income": 43388,
            "net_income_4q": null,
            "revenue": 966612,
            "revenue_4q": null,
            "common_shares": 919945,
            "book_valuer_per_share": 28.5,
            "book_valuer_per_share_4q_avg": 28.49,
            "equity": 2798758,
            "current_ratio": 144.62,
            "debt_ratio": 55.43,
            "inventory_turnover_ratio": 0.45,
            "account_receivable_turnover_ratio": 0.72,
            "reinvestment_rate": 75.91,
            "research_to_sale_ratio": 2.09,
            "price_fair": 92.75,
            "eps_avg_yearly": 2.65,
            "eps_latest_yearly": 1.92,
            "eps_growth_yearly": 477.06
        },
        "20163": {
            "year_quarter": 20163,
            "year": 2016,
            "quarter": 3,
            "eps": 0.19,
            "eps_growth_year": -89.14,
            "eps_4q": 1.28,
            "eps_4q_growth_year": -64.37,
            "roe": 0.67,
            "roe_4q": 4.42,
            "gross_profit": 184862,
            "gross_margin": 20.97,
            "gross_margin_4q_avg": 21.41,
            "net_income": 18830,
            "net_income_4q": null,
            "revenue": 881650,
            "revenue_4q": null,
            "common_shares": 965942,
            "book_valuer_per_share": 27.12,
            "book_valuer_per_share_4q_avg": 28.2,
            "equity": 2794346,
            "current_ratio": 150.35,
            "debt_ratio": 55.47,
            "inventory_turnover_ratio": 0.43,
            "account_receivable_turnover_ratio": 0.72,
            "reinvestment_rate": 80.12,
            "research_to_sale_ratio": 1.89,
            "price_fair": 85.75,
            "eps_avg_yearly": 2.45,
            "eps_latest_yearly": 0.76,
            "eps_growth_yearly": 457.14
        },
        "20164": {
            "year_quarter": 20164,
            "year": 2016,
            "quarter": 4,
            "eps": 0.54,
            "eps_growth_year": 28.64,
            "eps_4q": 1.42,
            "eps_4q_growth_year": -52.3,
            "roe": 1.77,
            "roe_4q": 4.8,
            "gross_profit": 203621,
            "gross_margin": 19.5,
            "gross_margin_4q_avg": 20.93,
            "net_income": 49711,
            "net_income_4q": null,
            "revenue": 1044381,
            "revenue_4q": null,
            "common_shares": 965942,
            "book_valuer_per_share": 27.57,
            "book_valuer_per_share_4q_avg": 27.97,
            "equity": 2834261,
            "current_ratio": 150.08,
            "debt_ratio": 55.97,
            "inventory_turnover_ratio": 0.49,
            "account_receivable_turnover_ratio": 0.86,
            "reinvestment_rate": 79.63,
            "research_to_sale_ratio": 2.36,
            "price_fair": 87.41,
            "eps_avg_yearly": 2.5,
            "eps_latest_yearly": 2.16,
            "eps_growth_yearly": 519.35
        },
        "20171": {
            "year_quarter": 20171,
            "year": 2017,
            "quarter": 1,
            "eps": -0.25,
            "eps_growth_year": -200,
            "eps_4q": 0.94,
            "eps_4q_growth_year": -62.68,
            "roe": -0.91,
            "roe_4q": 3.0700000000000003,
            "gross_profit": 175928,
            "gross_margin": 18.37,
            "gross_margin_4q_avg": 20.24,
            "net_income": -25650,
            "net_income_4q": null,
            "revenue": 957885,
            "revenue_4q": null,
            "common_shares": 965942,
            "book_valuer_per_share": 26.99,
            "book_valuer_per_share_4q_avg": 27.55,
            "equity": 2773205,
            "current_ratio": 139.43,
            "debt_ratio": 59.11,
            "inventory_turnover_ratio": 0.44,
            "account_receivable_turnover_ratio": 0.76,
            "reinvestment_rate": 91.01,
            "research_to_sale_ratio": 1.87,
            "price_fair": 85.96,
            "eps_avg_yearly": 2.46,
            "eps_latest_yearly": 2.16,
            "eps_growth_yearly": 521.21
        },
        "20172": {
            "year_quarter": 20172,
            "year": 2017,
            "quarter": 2,
            "eps": 0.67,
            "eps_growth_year": 39.58,
            "eps_4q": 1.15,
            "eps_4q_growth_year": -58.15,
            "roe": 2.3,
            "roe_4q": 3.8299999999999996,
            "gross_profit": 205364,
            "gross_margin": 19.5,
            "gross_margin_4q_avg": 19.59,
            "net_income": 63922,
            "net_income_4q": null,
            "revenue": 1053162,
            "revenue_4q": null,
            "common_shares": 965942,
            "book_valuer_per_share": 27.07,
            "book_valuer_per_share_4q_avg": 27.19,
            "equity": 2781728,
            "current_ratio": 121.93,
            "debt_ratio": 62.31,
            "inventory_turnover_ratio": 0.46,
            "account_receivable_turnover_ratio": 0.78,
            "reinvestment_rate": 98.83,
            "research_to_sale_ratio": 1.75,
            "price_fair": 86.7,
            "eps_avg_yearly": 2.48,
            "eps_latest_yearly": 2.16,
            "eps_growth_yearly": 567.23
        },
        "20173": {
            "year_quarter": 20173,
            "year": 2017,
            "quarter": 3,
            "eps": 0.69,
            "eps_growth_year": 263.16,
            "eps_4q": 1.65,
            "eps_4q_growth_year": 28.51,
            "roe": 2.31,
            "roe_4q": 5.469999999999999,
            "gross_profit": 228994,
            "gross_margin": 20.65,
            "gross_margin_4q_avg": 19.51,
            "net_income": 65183,
            "net_income_4q": null,
            "revenue": 1109003,
            "revenue_4q": null,
            "common_shares": 965942,
            "book_valuer_per_share": 27.85,
            "book_valuer_per_share_4q_avg": 27.37,
            "equity": 2856545,
            "current_ratio": 122.33,
            "debt_ratio": 61.93,
            "inventory_turnover_ratio": 0.47,
            "account_receivable_turnover_ratio": 0.78,
            "reinvestment_rate": 106.48,
            "research_to_sale_ratio": 1.97,
            "price_fair": 89.9,
            "eps_avg_yearly": 2.57,
            "eps_latest_yearly": 2.76,
            "eps_growth_yearly": 577.08
        },
        "20174": {
            "year_quarter": 20174,
            "year": 2017,
            "quarter": 4,
            "eps": 0.72,
            "eps_growth_year": 32.8,
            "eps_4q": 1.83,
            "eps_4q_growth_year": 28.29,
            "roe": 2.39,
            "roe_4q": 6.09,
            "gross_profit": 252311,
            "gross_margin": 22.69,
            "gross_margin_4q_avg": 20.3,
            "net_income": 69165,
            "net_income_4q": null,
            "revenue": 1112209,
            "revenue_4q": null,
            "common_shares": 965942,
            "book_valuer_per_share": 28.63,
            "book_valuer_per_share_4q_avg": 27.64,
            "equity": 2934266,
            "current_ratio": 117.21,
            "debt_ratio": 61.52,
            "inventory_turnover_ratio": 0.45,
            "account_receivable_turnover_ratio": 0.76,
            "reinvestment_rate": 104.04,
            "research_to_sale_ratio": 1.8,
            "price_fair": 88.3,
            "eps_avg_yearly": 2.52,
            "eps_latest_yearly": 2.88,
            "eps_growth_yearly": 538.94
        },
        "20181": {
            "year_quarter": 20181,
            "year": 2018,
            "quarter": 1,
            "eps": 0.56,
            "eps_growth_year": null,
            "eps_4q": 2.63,
            "eps_4q_growth_year": 180.94,
            "roe": 1.82,
            "roe_4q": 8.82,
            "gross_profit": 213413,
            "gross_margin": 19.75,
            "gross_margin_4q_avg": 20.65,
            "net_income": 54043,
            "net_income_4q": null,
            "revenue": 1080487,
            "revenue_4q": null,
            "common_shares": 965942,
            "book_valuer_per_share": 29.29,
            "book_valuer_per_share_4q_avg": 28.21,
            "equity": 2999722,
            "current_ratio": 118.39,
            "debt_ratio": 60.84,
            "inventory_turnover_ratio": 0.42,
            "account_receivable_turnover_ratio": 0.76,
            "reinvestment_rate": 40.86,
            "research_to_sale_ratio": 1.79,
            "price_fair": 86.5,
            "eps_avg_yearly": 2.47,
            "eps_latest_yearly": 2.24,
            "eps_growth_yearly": 537.14
        },
        "20182": {
            "year_quarter": 20182,
            "year": 2018,
            "quarter": 2,
            "eps": 1.37,
            "eps_growth_year": 104.48,
            "eps_4q": 3.33,
            "eps_4q_growth_year": 188.97,
            "roe": 4.48,
            "roe_4q": 11.000000000000002,
            "gross_profit": 275915,
            "gross_margin": 21.01,
            "gross_margin_4q_avg": 21.03,
            "net_income": 134697,
            "net_income_4q": null,
            "revenue": 1313401,
            "revenue_4q": null,
            "common_shares": 965942,
            "book_valuer_per_share": 29.36,
            "book_valuer_per_share_4q_avg": 28.78,
            "equity": 3007768,
            "current_ratio": 117.53,
            "debt_ratio": 61.71,
            "inventory_turnover_ratio": 0.47,
            "account_receivable_turnover_ratio": 0.9,
            "reinvestment_rate": 36.34,
            "research_to_sale_ratio": 1.89,
            "price_fair": 95.8,
            "eps_avg_yearly": 2.74,
            "eps_latest_yearly": 5.48,
            "eps_growth_yearly": 590.05
        },
        "20183": {
            "year_quarter": 20183,
            "year": 2018,
            "quarter": 3,
            "eps": 0.49,
            "eps_growth_year": -28.99,
            "eps_4q": 3.13,
            "eps_4q_growth_year": 90.16,
            "roe": 1.65,
            "roe_4q": 10.340000000000002,
            "gross_profit": 234178,
            "gross_margin": 19.14,
            "gross_margin_4q_avg": 20.65,
            "net_income": 49679,
            "net_income_4q": null,
            "revenue": 1223218,
            "revenue_4q": null,
            "common_shares": 965942,
            "book_valuer_per_share": 29.6,
            "book_valuer_per_share_4q_avg": 29.22,
            "equity": 3030560,
            "current_ratio": 117.55,
            "debt_ratio": 61.14,
            "inventory_turnover_ratio": 0.43,
            "account_receivable_turnover_ratio": 0.81,
            "reinvestment_rate": 39.42,
            "research_to_sale_ratio": 1.59,
            "price_fair": 93.2,
            "eps_avg_yearly": 2.66,
            "eps_latest_yearly": 1.96,
            "eps_growth_yearly": 551.56
        },
        "20184": {
            "year_quarter": 20184,
            "year": 2018,
            "quarter": 4,
            "eps": 1.03,
            "eps_growth_year": 44.15,
            "eps_4q": 3.45,
            "eps_4q_growth_year": 89.05,
            "roe": 3.08,
            "roe_4q": 11.030000000000001,
            "gross_profit": 172758,
            "gross_margin": 13.76,
            "gross_margin_4q_avg": 18.42,
            "net_income": 94776,
            "net_income_4q": null,
            "revenue": 1255430,
            "revenue_4q": null,
            "common_shares": 965942,
            "book_valuer_per_share": 30.71,
            "book_valuer_per_share_4q_avg": 29.74,
            "equity": 3133491,
            "current_ratio": 117.45,
            "debt_ratio": 59.73,
            "inventory_turnover_ratio": 0.47,
            "account_receivable_turnover_ratio": 0.85,
            "reinvestment_rate": 38.49,
            "research_to_sale_ratio": 2.13,
            "price_fair": 93.1,
            "eps_avg_yearly": 2.66,
            "eps_latest_yearly": 4.12,
            "eps_growth_yearly": 572
        },
        "20191": {
            "year_quarter": 20191,
            "year": 2019,
            "quarter": 1,
            "eps": 0.56,
            "eps_growth_year": 0,
            "eps_4q": 3.45,
            "eps_4q_growth_year": 31.15,
            "roe": 1.67,
            "roe_4q": 10.88,
            "gross_profit": 176173,
            "gross_margin": 21.03,
            "gross_margin_4q_avg": 18.74,
            "net_income": 52831,
            "net_income_4q": null,
            "revenue": 837696,
            "revenue_4q": null,
            "common_shares": 965942,
            "book_valuer_per_share": 31.45,
            "book_valuer_per_share_4q_avg": 30.28,
            "equity": 3205770,
            "current_ratio": 118.77,
            "debt_ratio": 58.92,
            "inventory_turnover_ratio": 0.29,
            "account_receivable_turnover_ratio": 0.61,
            "reinvestment_rate": 46.55,
            "research_to_sale_ratio": 2.04,
            "price_fair": 91.4,
            "eps_avg_yearly": 2.61,
            "eps_latest_yearly": 2.24,
            "eps_growth_yearly": 567.48
        },
        "20192": {
            "year_quarter": 20192,
            "year": 2019,
            "quarter": 2,
            "eps": 0.62,
            "eps_growth_year": -54.74,
            "eps_4q": 2.7,
            "eps_4q_growth_year": -18.88,
            "roe": 1.93,
            "roe_4q": 8.33,
            "gross_profit": 190901,
            "gross_margin": 22.49,
            "gross_margin_4q_avg": 19.11,
            "net_income": 60596,
            "net_income_4q": null,
            "revenue": 848793,
            "revenue_4q": null,
            "common_shares": 965942,
            "book_valuer_per_share": 29.98,
            "book_valuer_per_share_4q_avg": 30.44,
            "equity": 3062809,
            "current_ratio": 118.55,
            "debt_ratio": 56.55,
            "inventory_turnover_ratio": 0.29,
            "account_receivable_turnover_ratio": 0.79,
            "reinvestment_rate": 47.81,
            "research_to_sale_ratio": 2.07,
            "price_fair": 96.7,
            "eps_avg_yearly": 2.76,
            "eps_latest_yearly": 2.48,
            "eps_growth_yearly": 595.59
        },
        "20193": {
            "year_quarter": 20193,
            "year": 2019,
            "quarter": 3,
            "eps": 0.22,
            "eps_growth_year": -55.1,
            "eps_4q": 2.44,
            "eps_4q_growth_year": -22.19,
            "roe": 0.62,
            "roe_4q": 7.3,
            "gross_profit": 169912,
            "gross_margin": 18.62,
            "gross_margin_4q_avg": 18.98,
            "net_income": 18858,
            "net_income_4q": null,
            "revenue": 912527,
            "revenue_4q": null,
            "common_shares": 965942,
            "book_valuer_per_share": 29.91,
            "book_valuer_per_share_4q_avg": 30.51,
            "equity": 3050334,
            "current_ratio": 119.92,
            "debt_ratio": 55.38,
            "inventory_turnover_ratio": 0.35,
            "account_receivable_turnover_ratio": 0.99,
            "reinvestment_rate": 52.54,
            "research_to_sale_ratio": 1.92,
            "price_fair": 81.4,
            "eps_avg_yearly": 2.33,
            "eps_latest_yearly": 0.88,
            "eps_growth_yearly": 50.17
        },
        "20194": {
            "year_quarter": 20194,
            "year": 2019,
            "quarter": 4,
            "eps": -0.17,
            "eps_growth_year": -116.91,
            "eps_4q": 1.23,
            "eps_4q_growth_year": -64.37,
            "roe": -0.81,
            "roe_4q": 3.4099999999999997,
            "gross_profit": 127179,
            "gross_margin": 15.53,
            "gross_margin_4q_avg": 19.42,
            "net_income": -24577,
            "net_income_4q": null,
            "revenue": 818933,
            "revenue_4q": null,
            "common_shares": 965942,
            "book_valuer_per_share": 29.61,
            "book_valuer_per_share_4q_avg": 30.24,
            "equity": 3012356,
            "current_ratio": 115.39,
            "debt_ratio": 55.28,
            "inventory_turnover_ratio": 0.38,
            "account_receivable_turnover_ratio": 0.9,
            "reinvestment_rate": 54.76,
            "research_to_sale_ratio": 2.35,
            "price_fair": 83.14,
            "eps_avg_yearly": 2.38,
            "eps_latest_yearly": 0.88,
            "eps_growth_yearly": 77.42
        },
        "20201": {
            "year_quarter": 20201,
            "year": 2020,
            "quarter": 1,
            "eps": 3.39,
            "eps_growth_year": 505.36,
            "eps_4q": 4.06,
            "eps_4q_growth_year": 17.71,
            "roe": 16.63,
            "roe_4q": 18.369999999999997,
            "gross_profit": 76294,
            "gross_margin": 12.91,
            "gross_margin_4q_avg": 17.39,
            "net_income": 545391,
            "net_income_4q": null,
            "revenue": 591116,
            "revenue_4q": null,
            "common_shares": 965942,
            "book_valuer_per_share": 32.92,
            "book_valuer_per_share_4q_avg": 30.61,
            "equity": 3548719,
            "current_ratio": 142.61,
            "debt_ratio": 49.38,
            "inventory_turnover_ratio": 0.3,
            "account_receivable_turnover_ratio": 0.68,
            "reinvestment_rate": -0.8,
            "research_to_sale_ratio": 2.74,
            "price_fair": 87.15,
            "eps_avg_yearly": 2.49,
            "eps_latest_yearly": 0.88,
            "eps_growth_yearly": 97.36
        },
        "20202": {
            "year_quarter": 20202,
            "year": 2020,
            "quarter": 2,
            "eps": 0.14,
            "eps_growth_year": -77.42,
            "eps_4q": 3.58,
            "eps_4q_growth_year": 32.24,
            "roe": 0.41,
            "roe_4q": 16.85,
            "gross_profit": 155375,
            "gross_margin": 17.97,
            "gross_margin_4q_avg": 16.26,
            "net_income": 13819,
            "net_income_4q": null,
            "revenue": 864575,
            "revenue_4q": null,
            "common_shares": 965942,
            "book_valuer_per_share": 31.57,
            "book_valuer_per_share_4q_avg": 31,
            "equity": 3177662,
            "current_ratio": 131.73,
            "debt_ratio": 51.93,
            "inventory_turnover_ratio": 0.44,
            "account_receivable_turnover_ratio": 0.92,
            "reinvestment_rate": 0.51,
            "research_to_sale_ratio": 2.11,
            "price_fair": 83.18,
            "eps_avg_yearly": 2.38,
            "eps_latest_yearly": 0.56,
            "eps_growth_yearly": 34.74
        },
        "20203": {
            "year_quarter": 20203,
            "year": 2020,
            "quarter": 3,
            "eps": 0.22,
            "eps_growth_year": 0,
            "eps_4q": 3.57,
            "eps_4q_growth_year": 46.48,
            "roe": 0.56,
            "roe_4q": 16.79,
            "gross_profit": 121055,
            "gross_margin": 15.4,
            "gross_margin_4q_avg": 15.45,
            "net_income": 17780,
            "net_income_4q": null,
            "revenue": 786032,
            "revenue_4q": null,
            "common_shares": 965942,
            "book_valuer_per_share": 31.94,
            "book_valuer_per_share_4q_avg": 31.51,
            "equity": 3211758,
            "current_ratio": 123.92,
            "debt_ratio": 48.96,
            "inventory_turnover_ratio": 0.44,
            "account_receivable_turnover_ratio": 0.77,
            "reinvestment_rate": 5.46,
            "research_to_sale_ratio": 2.28,
            "price_fair": 83.53,
            "eps_avg_yearly": 2.39,
            "eps_latest_yearly": 0.88,
            "eps_growth_yearly": 73.92
        },
        "20204": {
            "year_quarter": 20204,
            "year": 2020,
            "quarter": 4,
            "eps": 0.17,
            "eps_growth_year": null,
            "eps_4q": 3.92,
            "eps_4q_growth_year": 218.76,
            "roe": 0.53,
            "roe_4q": 18.13,
            "gross_profit": 128067,
            "gross_margin": 15.03,
            "gross_margin_4q_avg": 15.33,
            "net_income": 17212,
            "net_income_4q": null,
            "revenue": 851860,
            "revenue_4q": null,
            "common_shares": 965942,
            "book_valuer_per_share": 32.33,
            "book_valuer_per_share_4q_avg": 32.19,
            "equity": 3251872,
            "current_ratio": 138.83,
            "debt_ratio": 46.02,
            "inventory_turnover_ratio": 0.51,
            "account_receivable_turnover_ratio": 0.86,
            "reinvestment_rate": 4.24,
            "research_to_sale_ratio": 3.5,
            "price_fair": 33.83,
            "eps_avg_yearly": 2.26,
            "eps_latest_yearly": 0.68,
            "eps_growth_yearly": 4.95
        },
        "20211": {
            "year_quarter": 20211,
            "year": 2021,
            "quarter": 1,
            "eps": 0.25,
            "eps_growth_year": -92.63,
            "eps_4q": 0.77,
            "eps_4q_growth_year": -80.95,
            "roe": 0.65,
            "roe_4q": 2.1500000000000004,
            "gross_profit": 133311,
            "gross_margin": 16.58,
            "gross_margin_4q_avg": 16.25,
            "net_income": 21286,
            "net_income_4q": null,
            "revenue": 803987,
            "revenue_4q": null,
            "common_shares": 965942,
            "book_valuer_per_share": 32.52,
            "book_valuer_per_share_4q_avg": 32.09,
            "equity": 3267264,
            "current_ratio": 142.1,
            "debt_ratio": 44.81,
            "inventory_turnover_ratio": 0.49,
            "account_receivable_turnover_ratio": 0.83,
            "reinvestment_rate": 1.09,
            "research_to_sale_ratio": 2.38,
            "price_fair": 62.92,
            "eps_avg_yearly": 2.17,
            "eps_latest_yearly": 1,
            "eps_growth_yearly": 19.04
        },
        "20212": {
            "year_quarter": 20212,
            "year": 2021,
            "quarter": 2,
            "eps": 0.72,
            "eps_growth_year": 414.29,
            "eps_4q": 1.36,
            "eps_4q_growth_year": -61.95,
            "roe": 2.06,
            "roe_4q": 3.8000000000000003,
            "gross_profit": 191775,
            "gross_margin": 19.92,
            "gross_margin_4q_avg": 16.73,
            "net_income": 67978,
            "net_income_4q": null,
            "revenue": 962731,
            "revenue_4q": null,
            "common_shares": 965942,
            "book_valuer_per_share": 33.16,
            "book_valuer_per_share_4q_avg": 32.49,
            "equity": 3326130,
            "current_ratio": 139.58,
            "debt_ratio": 47.52,
            "inventory_turnover_ratio": 0.54,
            "account_receivable_turnover_ratio": 1,
            "reinvestment_rate": -10.02,
            "research_to_sale_ratio": 1.91,
            "price_fair": 77.6,
            "eps_avg_yearly": 2.22,
            "eps_latest_yearly": 2.88,
            "eps_growth_yearly": 71.4
        },
        "20213": {
            "year_quarter": 20213,
            "year": 2021,
            "quarter": 3,
            "eps": 0.03,
            "eps_growth_year": -86.36,
            "eps_4q": 1.17,
            "eps_4q_growth_year": -67.23,
            "roe": 0.01,
            "roe_4q": 3.25,
            "gross_profit": 176081,
            "gross_margin": 19.15,
            "gross_margin_4q_avg": 17.67,
            "net_income": 192,
            "net_income_4q": null,
            "revenue": 919324,
            "revenue_4q": null,
            "common_shares": 965942,
            "book_valuer_per_share": 30.86,
            "book_valuer_per_share_4q_avg": 32.22,
            "equity": 3101658,
            "current_ratio": 133.2,
            "debt_ratio": 48.23,
            "inventory_turnover_ratio": 0.49,
            "account_receivable_turnover_ratio": 1.06,
            "reinvestment_rate": -19.16,
            "research_to_sale_ratio": 1.55,
            "price_fair": 71,
            "eps_avg_yearly": 2.03,
            "eps_latest_yearly": 0.12,
            "eps_growth_yearly": 43.16
        },
        "20214": {
            "year_quarter": 20214,
            "year": 2021,
            "quarter": 4,
            "eps": 0.36,
            "eps_growth_year": 106.88,
            "eps_4q": 1.35,
            "eps_4q_growth_year": -65.44,
            "roe": 1.04,
            "roe_4q": 3.7600000000000002,
            "gross_profit": 178769,
            "gross_margin": 18.92,
            "gross_margin_4q_avg": 18.64,
            "net_income": 32577,
            "net_income_4q": null,
            "revenue": 944914,
            "revenue_4q": null,
            "common_shares": 965942,
            "book_valuer_per_share": 31.44,
            "book_valuer_per_share_4q_avg": 32,
            "equity": 3156487,
            "current_ratio": 136.6,
            "debt_ratio": 49.15,
            "inventory_turnover_ratio": 0.49,
            "account_receivable_turnover_ratio": 1.18,
            "reinvestment_rate": -41.54,
            "research_to_sale_ratio": 0.94,
            "price_fair": 67.4,
            "eps_avg_yearly": 1.93,
            "eps_latest_yearly": 1.44,
            "eps_growth_yearly": 356.21
        },
        "20221": {
            "year_quarter": 20221,
            "year": 2022,
            "quarter": 1,
            "eps": 0.65,
            "eps_growth_year": 160,
            "eps_4q": 1.76,
            "eps_4q_growth_year": 126.92,
            "roe": 1.97,
            "roe_4q": 5.08,
            "gross_profit": 109109,
            "gross_margin": 17.45,
            "gross_margin_4q_avg": 18.86,
            "net_income": 62978,
            "net_income_4q": null,
            "revenue": 625412,
            "revenue_4q": null,
            "common_shares": 965942,
            "book_valuer_per_share": 32.34,
            "book_valuer_per_share_4q_avg": 31.95,
            "equity": 3246293,
            "current_ratio": 139.67,
            "debt_ratio": 46.48,
            "inventory_turnover_ratio": 0.32,
            "account_receivable_turnover_ratio": 0.81,
            "reinvestment_rate": -41.55,
            "research_to_sale_ratio": 2.49,
            "price_fair": 68.3,
            "eps_avg_yearly": 1.95,
            "eps_latest_yearly": 2.6,
            "eps_growth_yearly": 385.57
        },
        "20222": {
            "year_quarter": 20222,
            "year": 2022,
            "quarter": 2,
            "eps": 1.22,
            "eps_growth_year": 69.44,
            "eps_4q": 2.26,
            "eps_4q_growth_year": 65.77,
            "roe": 3.57,
            "roe_4q": 6.59,
            "gross_profit": 178934,
            "gross_margin": 23.98,
            "gross_margin_4q_avg": 19.88,
            "net_income": 115166,
            "net_income_4q": null,
            "revenue": 746070,
            "revenue_4q": null,
            "common_shares": 965942,
            "book_valuer_per_share": 31.92,
            "book_valuer_per_share_4q_avg": 31.64,
            "equity": 3201369,
            "current_ratio": 134.03,
            "debt_ratio": 50.79,
            "inventory_turnover_ratio": 0.33,
            "account_receivable_turnover_ratio": 0.98,
            "reinvestment_rate": -43.8,
            "research_to_sale_ratio": 2.09,
            "price_fair": 66.8,
            "eps_avg_yearly": 1.91,
            "eps_latest_yearly": 4.88,
            "eps_growth_yearly": 369.3
        },
        "20223": {
            "year_quarter": 20223,
            "year": 2022,
            "quarter": 3,
            "eps": 1.51,
            "eps_growth_year": 4933.33,
            "eps_4q": 3.74,
            "eps_4q_growth_year": 219.35,
            "roe": 4.44,
            "roe_4q": 11.02,
            "gross_profit": 221568,
            "gross_margin": 20.88,
            "gross_margin_4q_avg": 20.31,
            "net_income": 145484,
            "net_income_4q": null,
            "revenue": 1061375,
            "revenue_4q": null,
            "common_shares": 965942,
            "book_valuer_per_share": 33.49,
            "book_valuer_per_share_4q_avg": 32.3,
            "equity": 3353378,
            "current_ratio": 138,
            "debt_ratio": 50.89,
            "inventory_turnover_ratio": 0.51,
            "account_receivable_turnover_ratio": 1.18,
            "reinvestment_rate": -43.75,
            "research_to_sale_ratio": 1.7,
            "price_fair": 77,
            "eps_avg_yearly": 2.2,
            "eps_latest_yearly": 6.04,
            "eps_growth_yearly": 394.45
        },
        "20224": {
            "year_quarter": 20224,
            "year": 2022,
            "quarter": 4,
            "eps": 0.28,
            "eps_growth_year": -20.49,
            "eps_4q": 3.67,
            "eps_4q_growth_year": 170.63,
            "roe": 0.76,
            "roe_4q": 10.74,
            "gross_profit": 158289,
            "gross_margin": 23.71,
            "gross_margin_4q_avg": 21.51,
            "net_income": 25659,
            "net_income_4q": null,
            "revenue": 667660,
            "revenue_4q": null,
            "common_shares": 965942,
            "book_valuer_per_share": 33.67,
            "book_valuer_per_share_4q_avg": 32.86,
            "equity": 3368195,
            "current_ratio": 140.01,
            "debt_ratio": 50.41,
            "inventory_turnover_ratio": 0.32,
            "account_receivable_turnover_ratio": 0.7,
            "reinvestment_rate": -51.06,
            "research_to_sale_ratio": 1.87,
            "price_fair": 69.5,
            "eps_avg_yearly": 1.99,
            "eps_latest_yearly": 1.12,
            "eps_growth_yearly": 339.69
        },
        "20231": {
            "year_quarter": 20231,
            "year": 2023,
            "quarter": 1,
            "eps": 0.15,
            "eps_growth_year": -76.92,
            "eps_4q": 3.17,
            "eps_4q_growth_year": 80.76,
            "roe": 0.1,
            "roe_4q": 8.870000000000001,
            "gross_profit": 51963,
            "gross_margin": 9.64,
            "gross_margin_4q_avg": 19.55,
            "net_income": 3531,
            "net_income_4q": null,
            "revenue": 538803,
            "revenue_4q": null,
            "common_shares": 965942,
            "book_valuer_per_share": 33.86,
            "book_valuer_per_share_4q_avg": 33.24,
            "equity": 3374764,
            "current_ratio": 142.6,
            "debt_ratio": 48.75,
            "inventory_turnover_ratio": 0.3,
            "account_receivable_turnover_ratio": 0.69,
            "reinvestment_rate": -58.87,
            "research_to_sale_ratio": 2.68,
            "price_fair": 65.4,
            "eps_avg_yearly": 1.87,
            "eps_latest_yearly": 0.6,
            "eps_growth_yearly": 339.46
        },
        "20232": {
            "year_quarter": 20232,
            "year": 2023,
            "quarter": 2,
            "eps": 0.26,
            "eps_growth_year": -78.69,
            "eps_4q": 2.2,
            "eps_4q_growth_year": -2.25,
            "roe": 0.71,
            "roe_4q": 6.01,
            "gross_profit": 125168,
            "gross_margin": 19,
            "gross_margin_4q_avg": 18.31,
            "net_income": 23556,
            "net_income_4q": null,
            "revenue": 658636,
            "revenue_4q": null,
            "common_shares": 965942,
            "book_valuer_per_share": 32.28,
            "book_valuer_per_share_4q_avg": 33.33,
            "equity": 3219389,
            "current_ratio": 147.8,
            "debt_ratio": 45.04,
            "inventory_turnover_ratio": 0.33,
            "account_receivable_turnover_ratio": 0.97,
            "reinvestment_rate": -64.86,
            "research_to_sale_ratio": 2.08,
            "price_fair": 61.8,
            "eps_avg_yearly": 1.77,
            "eps_latest_yearly": 1.04,
            "eps_growth_yearly": 357.35
        },
        "20233": {
            "year_quarter": 20233,
            "year": 2023,
            "quarter": 3,
            "eps": 1.63,
            "eps_growth_year": 7.95,
            "eps_4q": 2.33,
            "eps_4q_growth_year": -37.81,
            "roe": 4.74,
            "roe_4q": 6.31,
            "gross_profit": 124496,
            "gross_margin": 18.83,
            "gross_margin_4q_avg": 17.8,
            "net_income": 156970,
            "net_income_4q": null,
            "revenue": 661220,
            "revenue_4q": null,
            "common_shares": 965942,
            "book_valuer_per_share": 34.15,
            "book_valuer_per_share_4q_avg": 33.49,
            "equity": 3400964,
            "current_ratio": 158.69,
            "debt_ratio": 41.95,
            "inventory_turnover_ratio": 0.34,
            "account_receivable_turnover_ratio": 1,
            "reinvestment_rate": -53.34,
            "research_to_sale_ratio": 2,
            "price_fair": 75.9,
            "eps_avg_yearly": 2.17,
            "eps_latest_yearly": 6.52,
            "eps_growth_yearly": 526.33
        },
        "20234": {
            "year_quarter": 20234,
            "year": 2023,
            "quarter": 4,
            "eps": 0.14,
            "eps_growth_year": -50.54,
            "eps_4q": 2.18,
            "eps_4q_growth_year": -40.47,
            "roe": 0.18,
            "roe_4q": 5.7299999999999995,
            "gross_profit": 57496,
            "gross_margin": 11.42,
            "gross_margin_4q_avg": 14.72,
            "net_income": 6249,
            "net_income_4q": null,
            "revenue": 503258,
            "revenue_4q": null,
            "common_shares": 965942,
            "book_valuer_per_share": 34.1,
            "book_valuer_per_share_4q_avg": 33.6,
            "equity": 3387593,
            "current_ratio": 155.93,
            "debt_ratio": 43.18,
            "inventory_turnover_ratio": 0.3,
            "account_receivable_turnover_ratio": 0.83,
            "reinvestment_rate": -56.27,
            "research_to_sale_ratio": 2.45,
            "price_fair": 72.15,
            "eps_avg_yearly": 2.06,
            "eps_latest_yearly": 0.56,
            "eps_growth_yearly": 466.87
        }
    },
    "months": {
        "2001-06": {
            "month": "2001-06",
            "price": "9.51",
            "revenue": 36865
        },
        "2001-07": {
            "month": "2001-07",
            "price": "8.70",
            "revenue": 26172
        },
        "2001-08": {
            "month": "2001-08",
            "price": "7.41",
            "revenue": 38268
        },
        "2001-09": {
            "month": "2001-09",
            "price": "6.44",
            "revenue": 44755
        },
        "2001-10": {
            "month": "2001-10",
            "price": "6.53",
            "revenue": 22868
        },
        "2001-11": {
            "month": "2001-11",
            "price": "6.71",
            "revenue": 52829
        },
        "2001-12": {
            "month": "2001-12",
            "price": "8.67",
            "revenue": 49823
        },
        "2002-01": {
            "month": "2002-01",
            "price": "9.34",
            "revenue": 42655
        },
        "2002-02": {
            "month": "2002-02",
            "price": "9.40",
            "revenue": 29919
        },
        "2002-03": {
            "month": "2002-03",
            "price": "10.47",
            "revenue": 37153
        },
        "2002-04": {
            "month": "2002-04",
            "price": "11.32",
            "revenue": 56849
        },
        "2002-05": {
            "month": "2002-05",
            "price": "12.09",
            "revenue": 58333
        },
        "2002-06": {
            "month": "2002-06",
            "price": "12.76",
            "revenue": 70319
        },
        "2002-07": {
            "month": "2002-07",
            "price": "12.46",
            "revenue": 55498
        },
        "2002-08": {
            "month": "2002-08",
            "price": "11.20",
            "revenue": 52937
        },
        "2002-09": {
            "month": "2002-09",
            "price": "11.20",
            "revenue": 66484
        },
        "2002-10": {
            "month": "2002-10",
            "price": "11.92",
            "revenue": 100809
        },
        "2002-11": {
            "month": "2002-11",
            "price": "13.77",
            "revenue": 65593
        },
        "2002-12": {
            "month": "2002-12",
            "price": "15.92",
            "revenue": 57716
        },
        "2003-01": {
            "month": "2003-01",
            "price": "16.17",
            "revenue": 103943
        },
        "2003-02": {
            "month": "2003-02",
            "price": "16.27",
            "revenue": 77244
        },
        "2003-03": {
            "month": "2003-03",
            "price": "18.44",
            "revenue": 136326
        },
        "2003-04": {
            "month": "2003-04",
            "price": "22.06",
            "revenue": 113568
        },
        "2003-05": {
            "month": "2003-05",
            "price": "26.53",
            "revenue": 101624
        },
        "2003-06": {
            "month": "2003-06",
            "price": "26.98",
            "revenue": 101638
        },
        "2003-07": {
            "month": "2003-07",
            "price": "27.91",
            "revenue": 100962
        },
        "2003-08": {
            "month": "2003-08",
            "price": "34.73",
            "revenue": 106200
        },
        "2003-09": {
            "month": "2003-09",
            "price": "34.69",
            "revenue": 125696
        },
        "2003-10": {
            "month": "2003-10",
            "price": "38.07",
            "revenue": 133363
        },
        "2003-11": {
            "month": "2003-11",
            "price": "44.16",
            "revenue": 103371
        },
        "2003-12": {
            "month": "2003-12",
            "price": "42.65",
            "revenue": 146561
        },
        "2004-01": {
            "month": "2004-01",
            "price": "42.10",
            "revenue": 115050
        },
        "2004-02": {
            "month": "2004-02",
            "price": "48.14",
            "revenue": 113933
        },
        "2004-03": {
            "month": "2004-03",
            "price": "51.25",
            "revenue": 136803
        },
        "2004-04": {
            "month": "2004-04",
            "price": "48.47",
            "revenue": 172696
        },
        "2004-05": {
            "month": "2004-05",
            "price": "40.69",
            "revenue": 168794
        },
        "2004-06": {
            "month": "2004-06",
            "price": "42.03",
            "revenue": 160499
        },
        "2004-07": {
            "month": "2004-07",
            "price": "39.21",
            "revenue": 205873
        },
        "2004-08": {
            "month": "2004-08",
            "price": "37.12",
            "revenue": 199468
        },
        "2004-09": {
            "month": "2004-09",
            "price": "39.55",
            "revenue": 193472
        },
        "2004-10": {
            "month": "2004-10",
            "price": "40.46",
            "revenue": 174860
        },
        "2004-11": {
            "month": "2004-11",
            "price": "39.32",
            "revenue": 224060
        },
        "2004-12": {
            "month": "2004-12",
            "price": "40.51",
            "revenue": 244215
        },
        "2005-01": {
            "month": "2005-01",
            "price": "44.22",
            "revenue": 225175
        },
        "2005-02": {
            "month": "2005-02",
            "price": "45.35",
            "revenue": 135526
        },
        "2005-03": {
            "month": "2005-03",
            "price": "52.67",
            "revenue": 264466
        },
        "2005-04": {
            "month": "2005-04",
            "price": "52.32",
            "revenue": 209765
        },
        "2005-05": {
            "month": "2005-05",
            "price": "50.21",
            "revenue": 248173
        },
        "2005-06": {
            "month": "2005-06",
            "price": "49.45",
            "revenue": 231995
        },
        "2005-07": {
            "month": "2005-07",
            "price": "51.94",
            "revenue": 211403
        },
        "2005-08": {
            "month": "2005-08",
            "price": "46.96",
            "revenue": 219966
        },
        "2005-09": {
            "month": "2005-09",
            "price": "46.53",
            "revenue": 276352
        },
        "2005-10": {
            "month": "2005-10",
            "price": "49.86",
            "revenue": 210086
        },
        "2005-11": {
            "month": "2005-11",
            "price": "49.69",
            "revenue": 224064
        },
        "2005-12": {
            "month": "2005-12",
            "price": "49.96",
            "revenue": 266046
        },
        "2006-01": {
            "month": "2006-01",
            "price": "49.81",
            "revenue": 210115
        },
        "2006-02": {
            "month": "2006-02",
            "price": "50.58",
            "revenue": 203848
        },
        "2006-03": {
            "month": "2006-03",
            "price": "58.28",
            "revenue": 277493
        },
        "2006-04": {
            "month": "2006-04",
            "price": "62.13",
            "revenue": 190007
        },
        "2006-05": {
            "month": "2006-05",
            "price": "59.21",
            "revenue": 262434
        },
        "2006-06": {
            "month": "2006-06",
            "price": "55.74",
            "revenue": 259725
        },
        "2006-07": {
            "month": "2006-07",
            "price": "55.87",
            "revenue": 206996
        },
        "2006-08": {
            "month": "2006-08",
            "price": "55.13",
            "revenue": 288854
        },
        "2006-09": {
            "month": "2006-09",
            "price": "56.66",
            "revenue": 300057
        },
        "2006-10": {
            "month": "2006-10",
            "price": "57.89",
            "revenue": 310909
        },
        "2006-11": {
            "month": "2006-11",
            "price": "62.98",
            "revenue": 312399
        },
        "2006-12": {
            "month": "2006-12",
            "price": "68.51",
            "revenue": 308112
        },
        "2007-01": {
            "month": "2007-01",
            "price": "78.47",
            "revenue": 280112
        },
        "2007-02": {
            "month": "2007-02",
            "price": "82.85",
            "revenue": 154586
        },
        "2007-03": {
            "month": "2007-03",
            "price": "81.88",
            "revenue": 329737
        },
        "2007-04": {
            "month": "2007-04",
            "price": "81.46",
            "revenue": 308494
        },
        "2007-05": {
            "month": "2007-05",
            "price": "79.65",
            "revenue": 302442
        },
        "2007-06": {
            "month": "2007-06",
            "price": "75.08",
            "revenue": 249048
        },
        "2007-07": {
            "month": "2007-07",
            "price": "84.97",
            "revenue": 282973
        },
        "2007-08": {
            "month": "2007-08",
            "price": "72.98",
            "revenue": 318523
        },
        "2007-09": {
            "month": "2007-09",
            "price": "75.24",
            "revenue": 288482
        },
        "2007-10": {
            "month": "2007-10",
            "price": "69.45",
            "revenue": 211283
        },
        "2007-11": {
            "month": "2007-11",
            "price": "58.35",
            "revenue": 343986
        },
        "2007-12": {
            "month": "2007-12",
            "price": "57.52",
            "revenue": 372155
        },
        "2008-01": {
            "month": "2008-01",
            "price": "55.61",
            "revenue": 319055
        },
        "2008-02": {
            "month": "2008-02",
            "price": "53.66",
            "revenue": 223338
        },
        "2008-03": {
            "month": "2008-03",
            "price": "55.66",
            "revenue": 327727
        },
        "2008-04": {
            "month": "2008-04",
            "price": "58.56",
            "revenue": 318628
        },
        "2008-05": {
            "month": "2008-05",
            "price": "57.94",
            "revenue": 345139
        },
        "2008-06": {
            "month": "2008-06",
            "price": "54.37",
            "revenue": 325768
        },
        "2008-07": {
            "month": "2008-07",
            "price": "48.15",
            "revenue": 320869
        },
        "2008-08": {
            "month": "2008-08",
            "price": "45.44",
            "revenue": 360660
        },
        "2008-09": {
            "month": "2008-09",
            "price": "36.17",
            "revenue": 308255
        },
        "2008-10": {
            "month": "2008-10",
            "price": "27.78",
            "revenue": 302817
        },
        "2008-11": {
            "month": "2008-11",
            "price": "25.88",
            "revenue": 168677
        },
        "2008-12": {
            "month": "2008-12",
            "price": "24.28",
            "revenue": 226623
        },
        "2009-01": {
            "month": "2009-01",
            "price": "22.50",
            "revenue": 76980
        },
        "2009-02": {
            "month": "2009-02",
            "price": "22.33",
            "revenue": 51788
        },
        "2009-03": {
            "month": "2009-03",
            "price": "24.16",
            "revenue": 55331
        },
        "2009-04": {
            "month": "2009-04",
            "price": "26.28",
            "revenue": 72389
        },
        "2009-05": {
            "month": "2009-05",
            "price": "25.29",
            "revenue": 107157
        },
        "2009-06": {
            "month": "2009-06",
            "price": "26.53",
            "revenue": 117351
        },
        "2009-07": {
            "month": "2009-07",
            "price": "27.04",
            "revenue": 125642
        },
        "2009-08": {
            "month": "2009-08",
            "price": "29.56",
            "revenue": 152597
        },
        "2009-09": {
            "month": "2009-09",
            "price": "29.56",
            "revenue": 110358
        },
        "2009-10": {
            "month": "2009-10",
            "price": "31.00",
            "revenue": 121263
        },
        "2009-11": {
            "month": "2009-11",
            "price": "31.04",
            "revenue": 164234
        },
        "2009-12": {
            "month": "2009-12",
            "price": "35.00",
            "revenue": 202403
        },
        "2010-01": {
            "month": "2010-01",
            "price": "36.83",
            "revenue": 122821
        },
        "2010-02": {
            "month": "2010-02",
            "price": "33.90",
            "revenue": 167043
        },
        "2010-03": {
            "month": "2010-03",
            "price": "35.71",
            "revenue": 224477
        },
        "2010-04": {
            "month": "2010-04",
            "price": "40.37",
            "revenue": 157134
        },
        "2010-05": {
            "month": "2010-05",
            "price": "36.31",
            "revenue": 202334
        },
        "2010-06": {
            "month": "2010-06",
            "price": "37.43",
            "revenue": 241713
        },
        "2010-07": {
            "month": "2010-07",
            "price": "36.57",
            "revenue": 260097
        },
        "2010-08": {
            "month": "2010-08",
            "price": "34.06",
            "revenue": 235030
        },
        "2010-09": {
            "month": "2010-09",
            "price": "32.46",
            "revenue": 194606
        },
        "2010-10": {
            "month": "2010-10",
            "price": "33.83",
            "revenue": 262374
        },
        "2010-11": {
            "month": "2010-11",
            "price": "32.99",
            "revenue": 275797
        },
        "2010-12": {
            "month": "2010-12",
            "price": "34.38",
            "revenue": 298176
        },
        "2011-01": {
            "month": "2011-01",
            "price": "38.28",
            "revenue": 167531
        },
        "2011-02": {
            "month": "2011-02",
            "price": "36.76",
            "revenue": 123964
        },
        "2011-03": {
            "month": "2011-03",
            "price": "35.70",
            "revenue": 205724
        },
        "2011-04": {
            "month": "2011-04",
            "price": "35.53",
            "revenue": 284072
        },
        "2011-05": {
            "month": "2011-05",
            "price": "34.85",
            "revenue": 351800
        },
        "2011-06": {
            "month": "2011-06",
            "price": "35.35",
            "revenue": 258060
        },
        "2011-07": {
            "month": "2011-07",
            "price": "34.48",
            "revenue": 281703
        },
        "2011-08": {
            "month": "2011-08",
            "price": "28.30",
            "revenue": 280127
        },
        "2011-09": {
            "month": "2011-09",
            "price": "25.61",
            "revenue": 241082
        },
        "2011-10": {
            "month": "2011-10",
            "price": "23.51",
            "revenue": 277347
        },
        "2011-11": {
            "month": "2011-11",
            "price": "26.08",
            "revenue": 363870
        },
        "2011-12": {
            "month": "2011-12",
            "price": "25.55",
            "revenue": 372759
        },
        "2012-01": {
            "month": "2012-01",
            "price": "28.05",
            "revenue": 202491
        },
        "2012-02": {
            "month": "2012-02",
            "price": "36.24",
            "revenue": 233292
        },
        "2012-03": {
            "month": "2012-03",
            "price": "35.42",
            "revenue": 372892
        },
        "2012-04": {
            "month": "2012-04",
            "price": "32.53",
            "revenue": 184309
        },
        "2012-05": {
            "month": "2012-05",
            "price": "29.59",
            "revenue": 313284
        },
        "2012-06": {
            "month": "2012-06",
            "price": "28.70",
            "revenue": 439934
        },
        "2012-07": {
            "month": "2012-07",
            "price": "30.97",
            "revenue": 274717
        },
        "2012-08": {
            "month": "2012-08",
            "price": "30.64",
            "revenue": 294018
        },
        "2012-09": {
            "month": "2012-09",
            "price": "30.86",
            "revenue": 279575
        },
        "2012-10": {
            "month": "2012-10",
            "price": "29.62",
            "revenue": 248609
        },
        "2012-11": {
            "month": "2012-11",
            "price": "29.98",
            "revenue": 271433
        },
        "2012-12": {
            "month": "2012-12",
            "price": "29.90",
            "revenue": 246093
        },
        "2013-01": {
            "month": "2013-01",
            "price": "31.17",
            "revenue": 224341
        },
        "2013-02": {
            "month": "2013-02",
            "price": "31.45",
            "revenue": 125080
        },
        "2013-03": {
            "month": "2013-03",
            "price": "32.10",
            "revenue": 306666
        },
        "2013-04": {
            "month": "2013-04",
            "price": "31.62",
            "revenue": 252474
        },
        "2013-05": {
            "month": "2013-05",
            "price": "31.96",
            "revenue": 296709
        },
        "2013-06": {
            "month": "2013-06",
            "price": "30.98",
            "revenue": 248318
        },
        "2013-07": {
            "month": "2013-07",
            "price": "30.70",
            "revenue": 228662
        },
        "2013-08": {
            "month": "2013-08",
            "price": "29.53",
            "revenue": 268103
        },
        "2013-09": {
            "month": "2013-09",
            "price": "29.32",
            "revenue": 223246
        },
        "2013-10": {
            "month": "2013-10",
            "price": "31.32",
            "revenue": 223119
        },
        "2013-11": {
            "month": "2013-11",
            "price": "33.54",
            "revenue": 234453
        },
        "2013-12": {
            "month": "2013-12",
            "price": "33.39",
            "revenue": 361499
        },
        "2014-01": {
            "month": "2014-01",
            "price": "40.27",
            "revenue": 223059
        },
        "2014-02": {
            "month": "2014-02",
            "price": "45.02",
            "revenue": 254348
        },
        "2014-03": {
            "month": "2014-03",
            "price": "54.68",
            "revenue": 377733
        },
        "2014-04": {
            "month": "2014-04",
            "price": "59.37",
            "revenue": 280840
        },
        "2014-05": {
            "month": "2014-05",
            "price": "52.96",
            "revenue": 401025
        },
        "2014-06": {
            "month": "2014-06",
            "price": "56.48",
            "revenue": 317708
        },
        "2014-07": {
            "month": "2014-07",
            "price": "50.67",
            "revenue": 304847
        },
        "2014-08": {
            "month": "2014-08",
            "price": "42.41",
            "revenue": 328402
        },
        "2014-09": {
            "month": "2014-09",
            "price": "43.87",
            "revenue": 326041
        },
        "2014-10": {
            "month": "2014-10",
            "price": "42.89",
            "revenue": 343648
        },
        "2014-11": {
            "month": "2014-11",
            "price": "40.48",
            "revenue": 336935
        },
        "2014-12": {
            "month": "2014-12",
            "price": "39.36",
            "revenue": 418721
        },
        "2015-01": {
            "month": "2015-01",
            "price": "40.69",
            "revenue": 225162
        },
        "2015-02": {
            "month": "2015-02",
            "price": "46.01",
            "revenue": 256395
        },
        "2015-03": {
            "month": "2015-03",
            "price": "45.86",
            "revenue": 430390
        },
        "2015-04": {
            "month": "2015-04",
            "price": "45.90",
            "revenue": 288875
        },
        "2015-05": {
            "month": "2015-05",
            "price": "41.16",
            "revenue": 354352
        },
        "2015-06": {
            "month": "2015-06",
            "price": "36.06",
            "revenue": 326304
        },
        "2015-07": {
            "month": "2015-07",
            "price": "32.32",
            "revenue": 377447
        },
        "2015-08": {
            "month": "2015-08",
            "price": "28.14",
            "revenue": 307761
        },
        "2015-09": {
            "month": "2015-09",
            "price": "29.15",
            "revenue": 274050
        },
        "2015-10": {
            "month": "2015-10",
            "price": "30.64",
            "revenue": 332452
        },
        "2015-11": {
            "month": "2015-11",
            "price": "31.24",
            "revenue": 300130
        },
        "2015-12": {
            "month": "2015-12",
            "price": "30.89",
            "revenue": 333467
        },
        "2016-01": {
            "month": "2016-01",
            "price": "30.03",
            "revenue": 250842
        },
        "2016-02": {
            "month": "2016-02",
            "price": "31.65",
            "revenue": 214649
        },
        "2016-03": {
            "month": "2016-03",
            "price": "31.64",
            "revenue": 278626
        },
        "2016-04": {
            "month": "2016-04",
            "price": "30.60",
            "revenue": 299100
        },
        "2016-05": {
            "month": "2016-05",
            "price": "29.31",
            "revenue": 328529
        },
        "2016-06": {
            "month": "2016-06",
            "price": "28.56",
            "revenue": 338983
        },
        "2016-07": {
            "month": "2016-07",
            "price": "27.89",
            "revenue": 300648
        },
        "2016-08": {
            "month": "2016-08",
            "price": "28.06",
            "revenue": 261423
        },
        "2016-09": {
            "month": "2016-09",
            "price": "28.00",
            "revenue": 319579
        },
        "2016-10": {
            "month": "2016-10",
            "price": "28.60",
            "revenue": 335722
        },
        "2016-11": {
            "month": "2016-11",
            "price": "27.36",
            "revenue": 341561
        },
        "2016-12": {
            "month": "2016-12",
            "price": "28.01",
            "revenue": 367098
        },
        "2017-01": {
            "month": "2017-01",
            "price": "29.18",
            "revenue": 290783
        },
        "2017-02": {
            "month": "2017-02",
            "price": "31.07",
            "revenue": 310050
        },
        "2017-03": {
            "month": "2017-03",
            "price": "33.16",
            "revenue": 357052
        },
        "2017-04": {
            "month": "2017-04",
            "price": "32.48",
            "revenue": 290882
        },
        "2017-05": {
            "month": "2017-05",
            "price": "30.38",
            "revenue": 340676
        },
        "2017-06": {
            "month": "2017-06",
            "price": "30.84",
            "revenue": 421604
        },
        "2017-07": {
            "month": "2017-07",
            "price": "31.08",
            "revenue": 345454
        },
        "2017-08": {
            "month": "2017-08",
            "price": "31.17",
            "revenue": 385646
        },
        "2017-09": {
            "month": "2017-09",
            "price": "34.05",
            "revenue": 377903
        },
        "2017-10": {
            "month": "2017-10",
            "price": "32.73",
            "revenue": 304444
        },
        "2017-11": {
            "month": "2017-11",
            "price": "32.21",
            "revenue": 425323
        },
        "2017-12": {
            "month": "2017-12",
            "price": "31.74",
            "revenue": 382442
        },
        "2018-01": {
            "month": "2018-01",
            "price": "32.96",
            "revenue": 366386
        },
        "2018-02": {
            "month": "2018-02",
            "price": "32.49",
            "revenue": 230191
        },
        "2018-03": {
            "month": "2018-03",
            "price": "32.78",
            "revenue": 483910
        },
        "2018-04": {
            "month": "2018-04",
            "price": "32.75",
            "revenue": 453868
        },
        "2018-05": {
            "month": "2018-05",
            "price": "33.83",
            "revenue": 413940
        },
        "2018-06": {
            "month": "2018-06",
            "price": "37.96",
            "revenue": 445593
        },
        "2018-07": {
            "month": "2018-07",
            "price": "36.83",
            "revenue": 439151
        },
        "2018-08": {
            "month": "2018-08",
            "price": "34.87",
            "revenue": 384946
        },
        "2018-09": {
            "month": "2018-09",
            "price": "32.94",
            "revenue": 399121
        },
        "2018-10": {
            "month": "2018-10",
            "price": "30.49",
            "revenue": 371435
        },
        "2018-11": {
            "month": "2018-11",
            "price": "29.91",
            "revenue": 433920
        },
        "2018-12": {
            "month": "2018-12",
            "price": "29.69",
            "revenue": 450244
        },
        "2019-01": {
            "month": "2019-01",
            "price": "29.77",
            "revenue": 321784
        },
        "2019-02": {
            "month": "2019-02",
            "price": "30.12",
            "revenue": 202739
        },
        "2019-03": {
            "month": "2019-03",
            "price": "31.22",
            "revenue": 313173
        },
        "2019-04": {
            "month": "2019-04",
            "price": "32.34",
            "revenue": 260772
        },
        "2019-05": {
            "month": "2019-05",
            "price": "30.62",
            "revenue": 304459
        },
        "2019-06": {
            "month": "2019-06",
            "price": "30.39",
            "revenue": 283562
        },
        "2019-07": {
            "month": "2019-07",
            "price": "30.83",
            "revenue": 301153
        },
        "2019-08": {
            "month": "2019-08",
            "price": "27.99",
            "revenue": 280609
        },
        "2019-09": {
            "month": "2019-09",
            "price": "28.46",
            "revenue": 330765
        },
        "2019-10": {
            "month": "2019-10",
            "price": "28.63",
            "revenue": 291315
        },
        "2019-11": {
            "month": "2019-11",
            "price": "28.71",
            "revenue": 243894
        },
        "2019-12": {
            "month": "2019-12",
            "price": "29.32",
            "revenue": 283724
        },
        "2020-01": {
            "month": "2020-01",
            "price": "31.07",
            "revenue": 178804
        },
        "2020-02": {
            "month": "2020-02",
            "price": "30.73",
            "revenue": 167960
        },
        "2020-03": {
            "month": "2020-03",
            "price": "27.30",
            "revenue": 244352
        },
        "2020-04": {
            "month": "2020-04",
            "price": "28.42",
            "revenue": 289848
        },
        "2020-05": {
            "month": "2020-05",
            "price": "31.57",
            "revenue": 275918
        },
        "2020-06": {
            "month": "2020-06",
            "price": "31.21",
            "revenue": 298809
        },
        "2020-07": {
            "month": "2020-07",
            "price": "31.65",
            "revenue": 319293
        },
        "2020-08": {
            "month": "2020-08",
            "price": "30.35",
            "revenue": 256838
        },
        "2020-09": {
            "month": "2020-09",
            "price": "29.95",
            "revenue": 209901
        },
        "2020-10": {
            "month": "2020-10",
            "price": "29.92",
            "revenue": 261212
        },
        "2020-11": {
            "month": "2020-11",
            "price": "30.12",
            "revenue": 285184
        },
        "2020-12": {
            "month": "2020-12",
            "price": "30.83",
            "revenue": 305397
        },
        "2021-01": {
            "month": "2021-01",
            "price": "32.55",
            "revenue": 250039
        },
        "2021-02": {
            "month": "2021-02",
            "price": "32.45",
            "revenue": 141357
        },
        "2021-03": {
            "month": "2021-03",
            "price": "34.52",
            "revenue": 412591
        },
        "2021-04": {
            "month": "2021-04",
            "price": "38.23",
            "revenue": 311109
        },
        "2021-05": {
            "month": "2021-05",
            "price": "35.68",
            "revenue": 311606
        },
        "2021-06": {
            "month": "2021-06",
            "price": "37.11",
            "revenue": 340016
        },
        "2021-07": {
            "month": "2021-07",
            "price": "38.36",
            "revenue": 291536
        },
        "2021-08": {
            "month": "2021-08",
            "price": "37.98",
            "revenue": 337700
        },
        "2021-09": {
            "month": "2021-09",
            "price": "34.59",
            "revenue": 290088
        },
        "2021-10": {
            "month": "2021-10",
            "price": "33.36",
            "revenue": 262426
        },
        "2021-11": {
            "month": "2021-11",
            "price": "33.42",
            "revenue": 355420
        },
        "2021-12": {
            "month": "2021-12",
            "price": "33.03",
            "revenue": 327068
        },
        "2022-01": {
            "month": "2022-01",
            "price": "33.02",
            "revenue": 263258
        },
        "2022-02": {
            "month": "2022-02",
            "price": "32.13",
            "revenue": 186759
        },
        "2022-03": {
            "month": "2022-03",
            "price": "31.43",
            "revenue": 175393
        },
        "2022-04": {
            "month": "2022-04",
            "price": "30.80",
            "revenue": 270022
        },
        "2022-05": {
            "month": "2022-05",
            "price": "30.58",
            "revenue": 240124
        },
        "2022-06": {
            "month": "2022-06",
            "price": "30.99",
            "revenue": 235926
        },
        "2022-07": {
            "month": "2022-07",
            "price": "30.11",
            "revenue": 327831
        },
        "2022-08": {
            "month": "2022-08",
            "price": "31.10",
            "revenue": 299268
        },
        "2022-09": {
            "month": "2022-09",
            "price": "31.10",
            "revenue": 434276
        },
        "2022-10": {
            "month": "2022-10",
            "price": "30.52",
            "revenue": 232272
        },
        "2022-11": {
            "month": "2022-11",
            "price": "30.87",
            "revenue": 224038
        },
        "2022-12": {
            "month": "2022-12",
            "price": "30.89",
            "revenue": 211350
        },
        "2023-01": {
            "month": "2023-01",
            "price": "31.13",
            "revenue": 163300
        },
        "2023-02": {
            "month": "2023-02",
            "price": "31.68",
            "revenue": 148102
        },
        "2023-03": {
            "month": "2023-03",
            "price": "32.48",
            "revenue": 227401
        },
        "2023-04": {
            "month": "2023-04",
            "price": "32.87",
            "revenue": 197850
        },
        "2023-05": {
            "month": "2023-05",
            "price": "32.96",
            "revenue": 207418
        },
        "2023-06": {
            "month": "2023-06",
            "price": "32.98",
            "revenue": 253368
        },
        "2023-07": {
            "month": "2023-07",
            "price": "32.72",
            "revenue": 211469
        },
        "2023-08": {
            "month": "2023-08",
            "price": "30.37",
            "revenue": 177761
        },
        "2023-09": {
            "month": "2023-09",
            "price": "30.00",
            "revenue": 271990
        },
        "2023-10": {
            "month": "2023-10",
            "price": "29.92",
            "revenue": 129164
        },
        "2023-11": {
            "month": "2023-11",
            "price": "30.30",
            "revenue": 207087
        },
        "2023-12": {
            "month": "2023-12",
            "price": "32.68",
            "revenue": 167007
        },
        "2024-01": {
            "month": "2024-01",
            "price": "31.81",
            "revenue": 98383
        },
        "2024-02": {
            "month": "2024-02",
            "price": "32.21",
            "revenue": 65536
        }
    }
}
