{
    "summary": {
        "stock_name": "高林股",
        "stock_id": "1531",
        "category": "電機機械",
        "main_business": "各種縫紉機及其零件之加工製造﹑裝配買賣業務。<br>銑類製品鑄造加工及買賣。<br>縫紉機零件之鑄造加工及買賣業務。",
        "website_url": "http://www.siruba.com",
        "ceo": "林聖智",
        "pe_ratio": 27,
        "report_year_from": 2001,
        "report_year_to": 2023,
        "age": 22,
        "eps_negative_percentage": 9,
        "eps_growth_avg": {
            "last_all": -12.6,
            "last_2y": -45.16,
            "last_4y": -46.93,
            "last_8y": -27.36,
            "last_12y": -14.08,
            "last_16y": -18.78,
            "last_20y": -12.6,
            "at_2006_last_3y": -0.81,
            "at_2007_last_3y": -11.6,
            "at_2008_last_3y": -15.73,
            "at_2009_last_3y": -32.85,
            "at_2010_last_3y": -3.18,
            "at_2011_last_3y": -1.27,
            "at_2012_last_3y": -0.02,
            "at_2013_last_3y": 12.47,
            "at_2014_last_3y": -19.55,
            "at_2015_last_3y": -26.02,
            "at_2016_last_3y": -23.26,
            "at_2017_last_3y": -7.79,
            "at_2018_last_3y": -6,
            "at_2019_last_3y": -18.93,
            "at_2020_last_3y": -37.28,
            "at_2021_last_3y": -65.8,
            "at_2022_last_3y": -55.6,
            "at_2023_last_3y": -55.6,
            "at_2006_last_all": 5.93,
            "at_2007_last_all": 3.86,
            "at_2008_last_all": -2.78,
            "at_2009_last_all": -10.38,
            "at_2010_last_all": 1.88,
            "at_2011_last_all": 1.81,
            "at_2012_last_all": -1.78,
            "at_2013_last_all": -2.77,
            "at_2014_last_all": -4.71,
            "at_2015_last_all": -6.14,
            "at_2016_last_all": -7.51,
            "at_2017_last_all": -4.02,
            "at_2018_last_all": -5.02,
            "at_2019_last_all": -8.99,
            "at_2020_last_all": -13.78,
            "at_2021_last_all": -13.78,
            "at_2022_last_all": -12.6,
            "at_2023_last_all": -12.6
        },
        "latest_eps": 0.55,
        "latest_price": 14.6,
        "latest_roe": 2.67,
        "latest_gross_margin": 16.84,
        "latest_equity": 3718510,
        "latest_revenue": 340903,
        "latest_gross_profit": 57393,
        "latest_net_income": -25372,
        "latest_debt_ratio": 15.21,
        "latest_current_ratio": 684.29,
        "latest_account_receivable_turnover_ratio": 0.49,
        "latest_inventory_turnover_ratio": 0.23,
        "latest_reinvestment_rate": -60.6,
        "latest_research_to_sale_ratio": 2.87
    },
    "eps_dividends": {
        "1998": {
            "cash": 0.5,
            "stock": 1.5,
            "eps": 0
        },
        "1999": {
            "cash": 0,
            "stock": 2,
            "eps": 0
        },
        "2000": {
            "cash": 0.5,
            "stock": 1.5,
            "eps": 0
        },
        "2001": {
            "cash": 2,
            "stock": 1,
            "eps": 2.28
        },
        "2002": {
            "cash": 1.5,
            "stock": 0,
            "eps": 3.03
        },
        "2003": {
            "cash": 2.3,
            "stock": 0,
            "eps": 4.14
        },
        "2004": {
            "cash": 1.5,
            "stock": 1.5,
            "eps": 3.06
        },
        "2005": {
            "cash": 1.5,
            "stock": 0.5,
            "eps": 3.21
        },
        "2006": {
            "cash": 0.5,
            "stock": 1.5,
            "eps": 2.61
        },
        "2007": {
            "cash": 1.7,
            "stock": 0,
            "eps": 2.44
        },
        "2008": {
            "cash": 0.2,
            "stock": 1.3,
            "eps": 1.4
        },
        "2009": {
            "cash": 0.7,
            "stock": 0,
            "eps": 0.51
        },
        "2010": {
            "cash": 0.7,
            "stock": 0,
            "eps": 2.68
        },
        "2011": {
            "cash": 3.8,
            "stock": 0,
            "eps": 2.71
        },
        "2012": {
            "cash": 0,
            "stock": 0,
            "eps": 1.69
        },
        "2013": {
            "cash": 1.2,
            "stock": 0,
            "eps": 1.46
        },
        "2014": {
            "cash": 1,
            "stock": 0,
            "eps": 1.05
        },
        "2015": {
            "cash": 0.8,
            "stock": 0,
            "eps": 0.79
        },
        "2016": {
            "cash": 0.6,
            "stock": 0,
            "eps": 0.58
        },
        "2017": {
            "cash": 0.6,
            "stock": 0,
            "eps": 0.86
        },
        "2018": {
            "cash": 0.8,
            "stock": 0,
            "eps": 0.68
        },
        "2019": {
            "cash": 0.5,
            "stock": 0,
            "eps": 0.16
        },
        "2020": {
            "cash": 0.2,
            "stock": 0,
            "eps": -0.3
        },
        "2021": {
            "cash": 0.2,
            "stock": 0,
            "eps": 0.93
        },
        "2022": {
            "cash": 0.7,
            "stock": 0,
            "eps": 1.02
        },
        "2023": {
            "cash": 0.8,
            "stock": 0,
            "eps": -0.14
        }
    },
    "dividends": {
        "1998-06-13": {
            "cash": 0.5,
            "stock": 1.5
        },
        "1999-05-22": {
            "cash": 0,
            "stock": 2
        },
        "2000-06-22": {
            "cash": 0.5,
            "stock": 1.5
        },
        "2001-06-15": {
            "cash": 2,
            "stock": 1
        },
        "2002-06-20": {
            "cash": 1.5,
            "stock": 0
        },
        "2003-04-08": {
            "cash": 2.3,
            "stock": 0
        },
        "2004-04-14": {
            "cash": 1.5,
            "stock": 1.5
        },
        "2005-04-29": {
            "cash": 1.5,
            "stock": 0.5
        },
        "2006-04-27": {
            "cash": 0.5,
            "stock": 1.5
        },
        "2007-04-25": {
            "cash": 1.7,
            "stock": 0
        },
        "2008-06-25": {
            "cash": 0.2,
            "stock": 1.3
        },
        "2009-04-28": {
            "cash": 0.7,
            "stock": 0
        },
        "2010-04-22": {
            "cash": 0.7,
            "stock": 0
        },
        "2011-01-01": {
            "cash": 2,
            "stock": 0
        },
        "2011-03-31": {
            "cash": 1.8,
            "stock": 0
        },
        "2013-03-28": {
            "cash": 1.2,
            "stock": 0
        },
        "2014-08-08": {
            "cash": 1,
            "stock": 0
        },
        "2015-09-11": {
            "cash": 0.8,
            "stock": 0
        },
        "2016-09-09": {
            "cash": 0.6,
            "stock": 0
        },
        "2017-08-11": {
            "cash": 0.6,
            "stock": 0
        },
        "2018-09-14": {
            "cash": 0.8,
            "stock": 0
        },
        "2019-08-12": {
            "cash": 0.5,
            "stock": 0
        },
        "2020-08-14": {
            "cash": 0.2,
            "stock": 0
        },
        "2021-10-01": {
            "cash": 0.2,
            "stock": 0
        },
        "2022-09-16": {
            "cash": 0.7,
            "stock": 0
        },
        "2023-03-23": {
            "cash": 0.8,
            "stock": 0
        }
    },
    "prices": {
        "200101": "40.33",
        "200102": "43.95",
        "200103": "53.13",
        "200104": "48.52",
        "200105": "36.72",
        "200106": "35.96",
        "200107": "32.61",
        "200108": "30.04",
        "200109": "24.25",
        "200110": "21.00",
        "200111": "22.26",
        "200112": "24.67",
        "200201": "24.71",
        "200202": "26.13",
        "200203": "26.70",
        "200204": "29.60",
        "200205": "35.70",
        "200206": "37.33",
        "200207": "33.06",
        "200208": "31.69",
        "200209": "31.48",
        "200210": "31.00",
        "200211": "37.87",
        "200212": "38.28",
        "200301": "42.43",
        "200302": "44.62",
        "200303": "45.87",
        "200304": "50.23",
        "200305": "50.60",
        "200306": "52.68",
        "200307": "57.33",
        "200308": "61.07",
        "200309": "56.48",
        "200310": "53.12",
        "200311": "52.55",
        "200312": "49.88",
        "200401": "51.41",
        "200402": "57.78",
        "200403": "56.30",
        "200404": "54.04",
        "200405": "45.22",
        "200406": "45.31",
        "200407": "44.47",
        "200408": "42.66",
        "200409": "41.42",
        "200410": "34.57",
        "200411": "30.82",
        "200412": "30.21",
        "200501": "33.49",
        "200502": "35.53",
        "200503": "33.47",
        "200504": "31.18",
        "200505": "30.63",
        "200506": "30.72",
        "200507": "32.39",
        "200508": "33.60",
        "200509": "31.10",
        "200510": "31.04",
        "200511": "29.10",
        "200512": "29.73",
        "200601": "29.01",
        "200602": "28.54",
        "200603": "26.60",
        "200604": "26.57",
        "200605": "24.25",
        "200606": "21.50",
        "200607": "21.36",
        "200608": "20.73",
        "200609": "17.84",
        "200610": "22.49",
        "200611": "22.81",
        "200612": "23.23",
        "200701": "23.92",
        "200702": "23.86",
        "200703": "23.22",
        "200704": "23.94",
        "200705": "28.21",
        "200706": "31.80",
        "200707": "37.10",
        "200708": "34.97",
        "200709": "41.57",
        "200710": "42.60",
        "200711": "34.11",
        "200712": "27.77",
        "200801": "27.82",
        "200802": "28.60",
        "200803": "29.11",
        "200804": "28.39",
        "200805": "27.02",
        "200806": "24.46",
        "200807": "23.07",
        "200808": "20.33",
        "200809": "17.21",
        "200810": "15.00",
        "200811": "12.32",
        "200812": "11.07",
        "200901": "10.86",
        "200902": "10.84",
        "200903": "12.49",
        "200904": "14.09",
        "200905": "14.84",
        "200906": "13.76",
        "200907": "14.18",
        "200908": "14.46",
        "200909": "15.00",
        "200910": "15.92",
        "200911": "15.11",
        "200912": "16.73",
        "201001": "18.52",
        "201002": "17.54",
        "201003": "21.52",
        "201004": "23.91",
        "201005": "24.02",
        "201006": "24.19",
        "201007": "26.62",
        "201008": "30.72",
        "201009": "31.21",
        "201010": "28.30",
        "201011": "25.84",
        "201012": "27.37",
        "201101": "27.60",
        "201102": "27.58",
        "201103": "31.78",
        "201104": "36.40",
        "201105": "38.20",
        "201106": "36.33",
        "201107": "34.57",
        "201108": "25.66",
        "201109": "24.55",
        "201110": "22.59",
        "201111": "23.30",
        "201112": "20.35",
        "201201": "20.18",
        "201202": "23.26",
        "201203": "23.98",
        "201204": "22.28",
        "201205": "22.75",
        "201206": "21.75",
        "201207": "21.61",
        "201208": "22.20",
        "201209": "19.12",
        "201210": "17.71",
        "201211": "16.60",
        "201212": "17.52",
        "201301": "18.01",
        "201302": "18.14",
        "201303": "18.49",
        "201304": "21.16",
        "201305": "22.53",
        "201306": "21.67",
        "201307": "23.82",
        "201308": "23.64",
        "201309": "23.14",
        "201310": "24.69",
        "201311": "22.13",
        "201312": "22.65",
        "201401": "23.34",
        "201402": "22.86",
        "201403": "26.28",
        "201404": "28.31",
        "201405": "27.34",
        "201406": "26.22",
        "201407": "23.33",
        "201408": "21.54",
        "201409": "21.35",
        "201410": "20.75",
        "201411": "22.01",
        "201412": "23.76",
        "201501": "23.66",
        "201502": "23.29",
        "201503": "22.75",
        "201504": "21.29",
        "201505": "21.66",
        "201506": "20.08",
        "201507": "17.49",
        "201508": "17.11",
        "201509": "17.62",
        "201510": "17.88",
        "201511": "17.08",
        "201512": "16.81",
        "201601": "16.29",
        "201602": "17.02",
        "201603": "18.08",
        "201604": "17.31",
        "201605": "16.31",
        "201606": "16.32",
        "201607": "16.78",
        "201608": "16.85",
        "201609": "16.51",
        "201610": "16.34",
        "201611": "16.00",
        "201612": "15.87",
        "201701": "16.18",
        "201702": "16.48",
        "201703": "17.92",
        "201704": "18.25",
        "201705": "19.37",
        "201706": "20.28",
        "201707": "19.34",
        "201708": "21.16",
        "201709": "20.65",
        "201710": "19.96",
        "201711": "20.78",
        "201712": "22.62",
        "201801": "25.61",
        "201802": "23.11",
        "201803": "21.91",
        "201804": "21.81",
        "201805": "19.86",
        "201806": "19.70",
        "201807": "19.43",
        "201808": "19.42",
        "201809": "18.19",
        "201810": "16.74",
        "201811": "16.10",
        "201812": "16.01",
        "201901": "16.23",
        "201902": "16.54",
        "201903": "16.58",
        "201904": "16.70",
        "201905": "16.52",
        "201906": "16.10",
        "201907": "15.90",
        "201908": "15.49",
        "201909": "15.09",
        "201910": "15.18",
        "201911": "15.09",
        "201912": "15.14",
        "202001": "15.04",
        "202002": "14.46",
        "202003": "11.32",
        "202004": "11.69",
        "202005": "12.84",
        "202006": "12.35",
        "202007": "11.57",
        "202008": "10.74",
        "202009": "11.35",
        "202010": "11.40",
        "202011": "11.72",
        "202012": "13.19",
        "202101": "12.14",
        "202102": "12.35",
        "202103": "14.37",
        "202104": "16.49",
        "202105": "14.91",
        "202106": "14.63",
        "202107": "15.12",
        "202108": "15.28",
        "202109": "15.44",
        "202110": "14.62",
        "202111": "15.07",
        "202112": "15.65",
        "202201": "15.85",
        "202202": "15.41",
        "202203": "15.18",
        "202204": "15.08",
        "202205": "14.58",
        "202206": "14.60",
        "202207": "13.94",
        "202208": "14.56",
        "202209": "14.10",
        "202210": "13.32",
        "202211": "13.50",
        "202212": "14.00",
        "202301": "13.92",
        "202302": "14.18",
        "202303": "14.30",
        "202304": "14.47",
        "202305": "14.43",
        "202306": "14.60"
    },
    "quarters": {
        "20011": {
            "year_quarter": 20011,
            "year": 2001,
            "quarter": 1,
            "eps": 0.8,
            "eps_growth_year": 3.9,
            "eps_4q": 3.51,
            "eps_4q_growth_year": 35.32,
            "roe": 3.77,
            "roe_4q": 3.77,
            "gross_profit": 158776,
            "gross_margin": 22.96,
            "gross_margin_4q_avg": 22.96,
            "net_income": 86527,
            "revenue": 691554,
            "common_shares": 1084122,
            "book_valuer_per_share": 21.49,
            "book_valuer_per_share_4q_avg": 21.49,
            "equity": 2330171,
            "current_ratio": 351.85,
            "debt_ratio": 24.35,
            "inventory_turnover_ratio": 0.63,
            "account_receivable_turnover_ratio": null,
            "reinvestment_rate": null,
            "research_to_sale_ratio": null,
            "price_fair": 0,
            "eps_avg_yearly": 0,
            "eps_latest_yearly": 0,
            "eps_growth_yearly": 0
        },
        "20012": {
            "year_quarter": 20012,
            "year": 2001,
            "quarter": 2,
            "eps": 0.82,
            "eps_growth_year": -22.64,
            "eps_4q": 3.41,
            "eps_4q_growth_year": 14.02,
            "roe": 3.92,
            "roe_4q": 7.6899999999999995,
            "gross_profit": 138434,
            "gross_margin": 21.87,
            "gross_margin_4q_avg": 22.42,
            "net_income": 89154,
            "revenue": 633012,
            "common_shares": 1084122,
            "book_valuer_per_share": 20.46,
            "book_valuer_per_share_4q_avg": 20.98,
            "equity": 2218043,
            "current_ratio": 257.4,
            "debt_ratio": 30.08,
            "inventory_turnover_ratio": 0.62,
            "account_receivable_turnover_ratio": null,
            "reinvestment_rate": null,
            "research_to_sale_ratio": null,
            "price_fair": 0,
            "eps_avg_yearly": 0,
            "eps_latest_yearly": 0,
            "eps_growth_yearly": 0
        },
        "20013": {
            "year_quarter": 20013,
            "year": 2001,
            "quarter": 3,
            "eps": 0.51,
            "eps_growth_year": -53.21,
            "eps_4q": 2.62,
            "eps_4q_growth_year": -18.6,
            "roe": 2.7,
            "roe_4q": 10.39,
            "gross_profit": 130315,
            "gross_margin": 26.13,
            "gross_margin_4q_avg": 23.65,
            "net_income": 61017,
            "revenue": 498807,
            "common_shares": 1199121,
            "book_valuer_per_share": 19.13,
            "book_valuer_per_share_4q_avg": 20.36,
            "equity": 2294212,
            "current_ratio": 368.77,
            "debt_ratio": 22.47,
            "inventory_turnover_ratio": 0.47,
            "account_receivable_turnover_ratio": null,
            "reinvestment_rate": null,
            "research_to_sale_ratio": null,
            "price_fair": 0,
            "eps_avg_yearly": 0,
            "eps_latest_yearly": 0,
            "eps_growth_yearly": 0
        },
        "20014": {
            "year_quarter": 20014,
            "year": 2001,
            "quarter": 4,
            "eps": 0.15,
            "eps_growth_year": -78.87,
            "eps_4q": 2.12,
            "eps_4q_growth_year": -37.27,
            "roe": 0.7,
            "roe_4q": 11.09,
            "gross_profit": 72912,
            "gross_margin": 24.23,
            "gross_margin_4q_avg": 23.8,
            "net_income": 18035,
            "revenue": 300976,
            "common_shares": 1199121,
            "book_valuer_per_share": 19.34,
            "book_valuer_per_share_4q_avg": 20.11,
            "equity": 2840256,
            "current_ratio": 489.33,
            "debt_ratio": 16.72,
            "inventory_turnover_ratio": 0.23,
            "account_receivable_turnover_ratio": null,
            "reinvestment_rate": null,
            "research_to_sale_ratio": null,
            "price_fair": 0,
            "eps_avg_yearly": 0,
            "eps_latest_yearly": 0,
            "eps_growth_yearly": 0
        },
        "20021": {
            "year_quarter": 20021,
            "year": 2002,
            "quarter": 1,
            "eps": 0.6,
            "eps_growth_year": -25,
            "eps_4q": 2.01,
            "eps_4q_growth_year": -42.94,
            "roe": 2.74,
            "roe_4q": 10.06,
            "gross_profit": 105784,
            "gross_margin": 20.18,
            "gross_margin_4q_avg": 23.1,
            "net_income": 71814,
            "revenue": 524081,
            "common_shares": 1199121,
            "book_valuer_per_share": 19.98,
            "book_valuer_per_share_4q_avg": 19.73,
            "equity": 2396299,
            "current_ratio": 574.97,
            "debt_ratio": 16.35,
            "inventory_turnover_ratio": 0.46,
            "account_receivable_turnover_ratio": null,
            "reinvestment_rate": null,
            "research_to_sale_ratio": null,
            "price_fair": 84,
            "eps_avg_yearly": 2.4,
            "eps_latest_yearly": 2.4,
            "eps_growth_yearly": 1200
        },
        "20022": {
            "year_quarter": 20022,
            "year": 2002,
            "quarter": 2,
            "eps": 0.72,
            "eps_growth_year": -12.2,
            "eps_4q": 1.98,
            "eps_4q_growth_year": -41.85,
            "roe": 3.7,
            "roe_4q": 9.84,
            "gross_profit": 181989,
            "gross_margin": 22.91,
            "gross_margin_4q_avg": 23.36,
            "net_income": 86118,
            "revenue": 794346,
            "common_shares": 1199121,
            "book_valuer_per_share": 18.81,
            "book_valuer_per_share_4q_avg": 19.32,
            "equity": 2255707,
            "current_ratio": 260.79,
            "debt_ratio": 30.15,
            "inventory_turnover_ratio": 1.06,
            "account_receivable_turnover_ratio": null,
            "reinvestment_rate": null,
            "research_to_sale_ratio": null,
            "price_fair": 92.4,
            "eps_avg_yearly": 2.64,
            "eps_latest_yearly": 2.88,
            "eps_growth_yearly": 640
        },
        "20023": {
            "year_quarter": 20023,
            "year": 2002,
            "quarter": 3,
            "eps": 0.97,
            "eps_growth_year": 90.2,
            "eps_4q": 2.44,
            "eps_4q_growth_year": -6.89,
            "roe": 4.98,
            "roe_4q": 12.12,
            "gross_profit": 176507,
            "gross_margin": 24.47,
            "gross_margin_4q_avg": 22.95,
            "net_income": 116037,
            "revenue": 721376,
            "common_shares": 1199121,
            "book_valuer_per_share": 20.01,
            "book_valuer_per_share_4q_avg": 19.54,
            "equity": 2399776,
            "current_ratio": 308.68,
            "debt_ratio": 26.05,
            "inventory_turnover_ratio": 0.93,
            "account_receivable_turnover_ratio": null,
            "reinvestment_rate": null,
            "research_to_sale_ratio": null,
            "price_fair": 106.87,
            "eps_avg_yearly": 3.05,
            "eps_latest_yearly": 3.88,
            "eps_growth_yearly": 472.96
        },
        "20024": {
            "year_quarter": 20024,
            "year": 2002,
            "quarter": 4,
            "eps": 0.74,
            "eps_growth_year": 393.33,
            "eps_4q": 3.02,
            "eps_4q_growth_year": 42.65,
            "roe": 3.4,
            "roe_4q": 14.820000000000002,
            "gross_profit": 190996,
            "gross_margin": 28.86,
            "gross_margin_4q_avg": 24.11,
            "net_income": 88831,
            "revenue": 661880,
            "common_shares": 1199121,
            "book_valuer_per_share": 20.87,
            "book_valuer_per_share_4q_avg": 19.92,
            "equity": 2832571,
            "current_ratio": 277.61,
            "debt_ratio": 29.14,
            "inventory_turnover_ratio": 0.49,
            "account_receivable_turnover_ratio": null,
            "reinvestment_rate": 37.53,
            "research_to_sale_ratio": null,
            "price_fair": 106.05,
            "eps_avg_yearly": 3.03,
            "eps_latest_yearly": 2.96,
            "eps_growth_yearly": 331.01
        },
        "20031": {
            "year_quarter": 20031,
            "year": 2003,
            "quarter": 1,
            "eps": 1.37,
            "eps_growth_year": 128.33,
            "eps_4q": 3.8,
            "eps_4q_growth_year": 89.55,
            "roe": 5.98,
            "roe_4q": 18.060000000000002,
            "gross_profit": 239018,
            "gross_margin": 29.31,
            "gross_margin_4q_avg": 26.39,
            "net_income": 163982,
            "revenue": 815522,
            "common_shares": 1199121,
            "book_valuer_per_share": 22.12,
            "book_valuer_per_share_4q_avg": 20.45,
            "equity": 2652178,
            "current_ratio": 233.32,
            "debt_ratio": 31.23,
            "inventory_turnover_ratio": 0.54,
            "account_receivable_turnover_ratio": null,
            "reinvestment_rate": -9.6,
            "research_to_sale_ratio": null,
            "price_fair": 123.2,
            "eps_avg_yearly": 3.52,
            "eps_latest_yearly": 5.48,
            "eps_growth_yearly": 332.92
        },
        "20032": {
            "year_quarter": 20032,
            "year": 2003,
            "quarter": 2,
            "eps": 0.99,
            "eps_growth_year": 37.5,
            "eps_4q": 4.08,
            "eps_4q_growth_year": 105.97,
            "roe": 4.61,
            "roe_4q": 18.97,
            "gross_profit": 248849,
            "gross_margin": 29.85,
            "gross_margin_4q_avg": 28.12,
            "net_income": 118136,
            "revenue": 833596,
            "common_shares": 1199121,
            "book_valuer_per_share": 20.62,
            "book_valuer_per_share_4q_avg": 20.91,
            "equity": 2473120,
            "current_ratio": 197.23,
            "debt_ratio": 36.21,
            "inventory_turnover_ratio": 0.72,
            "account_receivable_turnover_ratio": null,
            "reinvestment_rate": -9.2,
            "research_to_sale_ratio": null,
            "price_fair": 125.77,
            "eps_avg_yearly": 3.59,
            "eps_latest_yearly": 3.96,
            "eps_growth_yearly": 258.94
        },
        "20033": {
            "year_quarter": 20033,
            "year": 2003,
            "quarter": 3,
            "eps": 1.08,
            "eps_growth_year": 11.34,
            "eps_4q": 4.17,
            "eps_4q_growth_year": 71.03,
            "roe": 5.11,
            "roe_4q": 19.1,
            "gross_profit": 254235,
            "gross_margin": 29.12,
            "gross_margin_4q_avg": 29.29,
            "net_income": 129449,
            "revenue": 873138,
            "common_shares": 1199121,
            "book_valuer_per_share": 21.62,
            "book_valuer_per_share_4q_avg": 21.31,
            "equity": 2592549,
            "current_ratio": 231.96,
            "debt_ratio": 31.94,
            "inventory_turnover_ratio": 0.76,
            "account_receivable_turnover_ratio": null,
            "reinvestment_rate": -8.87,
            "research_to_sale_ratio": null,
            "price_fair": 129.4,
            "eps_avg_yearly": 3.7,
            "eps_latest_yearly": 4.32,
            "eps_growth_yearly": 227.14
        },
        "20034": {
            "year_quarter": 20034,
            "year": 2003,
            "quarter": 4,
            "eps": 0.7,
            "eps_growth_year": -5.41,
            "eps_4q": 4.16,
            "eps_4q_growth_year": 37.53,
            "roe": 2.96,
            "roe_4q": 18.66,
            "gross_profit": 180197,
            "gross_margin": 27.6,
            "gross_margin_4q_avg": 28.97,
            "net_income": 83345,
            "revenue": 652933,
            "common_shares": 1199121,
            "book_valuer_per_share": 22.25,
            "book_valuer_per_share_4q_avg": 21.65,
            "equity": 3043177,
            "current_ratio": 332.05,
            "debt_ratio": 26.8,
            "inventory_turnover_ratio": 0.41,
            "account_receivable_turnover_ratio": null,
            "reinvestment_rate": 26.94,
            "research_to_sale_ratio": null,
            "price_fair": 125.48,
            "eps_avg_yearly": 3.59,
            "eps_latest_yearly": 2.8,
            "eps_growth_yearly": 181.16
        },
        "20041": {
            "year_quarter": 20041,
            "year": 2004,
            "quarter": 1,
            "eps": 1.36,
            "eps_growth_year": -0.73,
            "eps_4q": 4.13,
            "eps_4q_growth_year": 8.56,
            "roe": 5.56,
            "roe_4q": 18.24,
            "gross_profit": 192696,
            "gross_margin": 24.2,
            "gross_margin_4q_avg": 27.69,
            "net_income": 162695,
            "revenue": 796371,
            "common_shares": 1199121,
            "book_valuer_per_share": 23.44,
            "book_valuer_per_share_4q_avg": 21.98,
            "equity": 2810410,
            "current_ratio": 286.88,
            "debt_ratio": 26.91,
            "inventory_turnover_ratio": 0.52,
            "account_receivable_turnover_ratio": null,
            "reinvestment_rate": -7.91,
            "research_to_sale_ratio": null,
            "price_fair": 132.69,
            "eps_avg_yearly": 3.79,
            "eps_latest_yearly": 5.44,
            "eps_growth_yearly": 202.93
        },
        "20042": {
            "year_quarter": 20042,
            "year": 2004,
            "quarter": 2,
            "eps": 1.14,
            "eps_growth_year": 15.15,
            "eps_4q": 4.27,
            "eps_4q_growth_year": 4.65,
            "roe": 4.86,
            "roe_4q": 18.49,
            "gross_profit": 212428,
            "gross_margin": 23.71,
            "gross_margin_4q_avg": 26.16,
            "net_income": 136727,
            "revenue": 895952,
            "common_shares": 1199121,
            "book_valuer_per_share": 23.47,
            "book_valuer_per_share_4q_avg": 22.7,
            "equity": 2814867,
            "current_ratio": 238.63,
            "debt_ratio": 31.01,
            "inventory_turnover_ratio": 0.91,
            "account_receivable_turnover_ratio": null,
            "reinvestment_rate": -7.57,
            "research_to_sale_ratio": null,
            "price_fair": 135.38,
            "eps_avg_yearly": 3.87,
            "eps_latest_yearly": 4.56,
            "eps_growth_yearly": 176.17
        },
        "20043": {
            "year_quarter": 20043,
            "year": 2004,
            "quarter": 3,
            "eps": 0.64,
            "eps_growth_year": -40.74,
            "eps_4q": 3.39,
            "eps_4q_growth_year": -18.92,
            "roe": 3.13,
            "roe_4q": 16.51,
            "gross_profit": 125056,
            "gross_margin": 17.68,
            "gross_margin_4q_avg": 23.3,
            "net_income": 89241,
            "revenue": 707452,
            "common_shares": 1387898,
            "book_valuer_per_share": 20.76,
            "book_valuer_per_share_4q_avg": 22.48,
            "equity": 2881191,
            "current_ratio": 234.69,
            "debt_ratio": 31.61,
            "inventory_turnover_ratio": 0.77,
            "account_receivable_turnover_ratio": null,
            "reinvestment_rate": -7.4,
            "research_to_sale_ratio": null,
            "price_fair": 131.22,
            "eps_avg_yearly": 3.75,
            "eps_latest_yearly": 2.56,
            "eps_growth_yearly": 144.21
        },
        "20044": {
            "year_quarter": 20044,
            "year": 2004,
            "quarter": 4,
            "eps": -0.08,
            "eps_growth_year": -111.43,
            "eps_4q": 2.14,
            "eps_4q_growth_year": -48.52,
            "roe": -0.35,
            "roe_4q": 13.2,
            "gross_profit": 115753,
            "gross_margin": 17.3,
            "gross_margin_4q_avg": 20.72,
            "net_income": -10634,
            "revenue": 669105,
            "common_shares": 1387898,
            "book_valuer_per_share": 19.89,
            "book_valuer_per_share_4q_avg": 21.89,
            "equity": 3214215,
            "current_ratio": 457.46,
            "debt_ratio": 22.95,
            "inventory_turnover_ratio": 0.47,
            "account_receivable_turnover_ratio": null,
            "reinvestment_rate": 21.57,
            "research_to_sale_ratio": null,
            "price_fair": 131.22,
            "eps_avg_yearly": 3.75,
            "eps_latest_yearly": 2.56,
            "eps_growth_yearly": 144.21
        },
        "20051": {
            "year_quarter": 20051,
            "year": 2005,
            "quarter": 1,
            "eps": 0.78,
            "eps_growth_year": -42.65,
            "eps_4q": 2.33,
            "eps_4q_growth_year": -43.42,
            "roe": 3.57,
            "roe_4q": 11.21,
            "gross_profit": 152550,
            "gross_margin": 18.77,
            "gross_margin_4q_avg": 19.37,
            "net_income": 108035,
            "revenue": 812837,
            "common_shares": 1387898,
            "book_valuer_per_share": 20.47,
            "book_valuer_per_share_4q_avg": 21.15,
            "equity": 2841116,
            "current_ratio": 282.86,
            "debt_ratio": 27.53,
            "inventory_turnover_ratio": 0.59,
            "account_receivable_turnover_ratio": null,
            "reinvestment_rate": -7.32,
            "research_to_sale_ratio": null,
            "price_fair": 131.22,
            "eps_avg_yearly": 3.75,
            "eps_latest_yearly": 2.56,
            "eps_growth_yearly": 144.21
        },
        "20052": {
            "year_quarter": 20052,
            "year": 2005,
            "quarter": 2,
            "eps": 0.78,
            "eps_growth_year": -31.58,
            "eps_4q": 2.12,
            "eps_4q_growth_year": -50.35,
            "roe": 3.92,
            "roe_4q": 10.27,
            "gross_profit": 208492,
            "gross_margin": 21.66,
            "gross_margin_4q_avg": 18.85,
            "net_income": 108592,
            "revenue": 962444,
            "common_shares": 1387898,
            "book_valuer_per_share": 19.47,
            "book_valuer_per_share_4q_avg": 20.15,
            "equity": 2702780,
            "current_ratio": 219.77,
            "debt_ratio": 34.39,
            "inventory_turnover_ratio": 1.16,
            "account_receivable_turnover_ratio": null,
            "reinvestment_rate": -7.53,
            "research_to_sale_ratio": null,
            "price_fair": 129.38,
            "eps_avg_yearly": 3.7,
            "eps_latest_yearly": 3.12,
            "eps_growth_yearly": 132.19
        },
        "20053": {
            "year_quarter": 20053,
            "year": 2005,
            "quarter": 3,
            "eps": 1.21,
            "eps_growth_year": 89.06,
            "eps_4q": 2.62,
            "eps_4q_growth_year": -22.56,
            "roe": 6.31,
            "roe_4q": 13.450000000000001,
            "gross_profit": 225094,
            "gross_margin": 21.91,
            "gross_margin_4q_avg": 19.91,
            "net_income": 176601,
            "revenue": 1027430,
            "common_shares": 1460443,
            "book_valuer_per_share": 19.81,
            "book_valuer_per_share_4q_avg": 19.91,
            "equity": 2892650,
            "current_ratio": 209.62,
            "debt_ratio": 36.96,
            "inventory_turnover_ratio": 1.29,
            "account_receivable_turnover_ratio": null,
            "reinvestment_rate": -7.01,
            "research_to_sale_ratio": null,
            "price_fair": 132.46,
            "eps_avg_yearly": 3.78,
            "eps_latest_yearly": 4.84,
            "eps_growth_yearly": 138.98
        },
        "20054": {
            "year_quarter": 20054,
            "year": 2005,
            "quarter": 4,
            "eps": 0.44,
            "eps_growth_year": null,
            "eps_4q": 3.13,
            "eps_4q_growth_year": 46.06,
            "roe": 1.97,
            "roe_4q": 15.77,
            "gross_profit": 149255,
            "gross_margin": 21.8,
            "gross_margin_4q_avg": 21.04,
            "net_income": 64429,
            "revenue": 684556,
            "common_shares": 1460444,
            "book_valuer_per_share": 21.05,
            "book_valuer_per_share_4q_avg": 20.2,
            "equity": 3644494,
            "current_ratio": 384.9,
            "debt_ratio": 26.56,
            "inventory_turnover_ratio": 0.43,
            "account_receivable_turnover_ratio": null,
            "reinvestment_rate": -14.98,
            "research_to_sale_ratio": null,
            "price_fair": 127.4,
            "eps_avg_yearly": 3.64,
            "eps_latest_yearly": 1.76,
            "eps_growth_yearly": 110.87
        },
        "20061": {
            "year_quarter": 20061,
            "year": 2006,
            "quarter": 1,
            "eps": 0.44,
            "eps_growth_year": -43.59,
            "eps_4q": 2.84,
            "eps_4q_growth_year": 21.49,
            "roe": 1.89,
            "roe_4q": 14.09,
            "gross_profit": 130251,
            "gross_margin": 16.58,
            "gross_margin_4q_avg": 20.49,
            "net_income": 64195,
            "revenue": 785472,
            "common_shares": 1460444,
            "book_valuer_per_share": 21.47,
            "book_valuer_per_share_4q_avg": 20.45,
            "equity": 3134848,
            "current_ratio": 282.31,
            "debt_ratio": 27.58,
            "inventory_turnover_ratio": 0.56,
            "account_receivable_turnover_ratio": null,
            "reinvestment_rate": -7.05,
            "research_to_sale_ratio": null,
            "price_fair": 125.8,
            "eps_avg_yearly": 3.59,
            "eps_latest_yearly": 1.76,
            "eps_growth_yearly": 25.16
        },
        "20062": {
            "year_quarter": 20062,
            "year": 2006,
            "quarter": 2,
            "eps": 0.34,
            "eps_growth_year": -56.41,
            "eps_4q": 2.43,
            "eps_4q_growth_year": 14.69,
            "roe": 1.59,
            "roe_4q": 11.76,
            "gross_profit": 101214,
            "gross_margin": 13.81,
            "gross_margin_4q_avg": 18.53,
            "net_income": 49603,
            "revenue": 732708,
            "common_shares": 1460444,
            "book_valuer_per_share": 21.18,
            "book_valuer_per_share_4q_avg": 20.88,
            "equity": 3092855,
            "current_ratio": 305.05,
            "debt_ratio": 24.68,
            "inventory_turnover_ratio": 1.48,
            "account_receivable_turnover_ratio": null,
            "reinvestment_rate": -7.36,
            "research_to_sale_ratio": null,
            "price_fair": 80,
            "eps_avg_yearly": 3.49,
            "eps_latest_yearly": 1.36,
            "eps_growth_yearly": 12.95
        },
        "20063": {
            "year_quarter": 20063,
            "year": 2006,
            "quarter": 3,
            "eps": 0.45,
            "eps_growth_year": -62.81,
            "eps_4q": 1.51,
            "eps_4q_growth_year": -42.29,
            "roe": 2.39,
            "roe_4q": 7.84,
            "gross_profit": 106391,
            "gross_margin": 12.88,
            "gross_margin_4q_avg": 16.27,
            "net_income": 75470,
            "revenue": 826214,
            "common_shares": 1694956,
            "book_valuer_per_share": 18.99,
            "book_valuer_per_share_4q_avg": 20.67,
            "equity": 3218691,
            "current_ratio": 244.68,
            "debt_ratio": 30.55,
            "inventory_turnover_ratio": 2.25,
            "account_receivable_turnover_ratio": null,
            "reinvestment_rate": -10.43,
            "research_to_sale_ratio": null,
            "price_fair": 74.33,
            "eps_avg_yearly": 3.34,
            "eps_latest_yearly": 1.8,
            "eps_growth_yearly": 12.27
        },
        "20064": {
            "year_quarter": 20064,
            "year": 2006,
            "quarter": 4,
            "eps": 1.38,
            "eps_growth_year": 213.64,
            "eps_4q": 2.5,
            "eps_4q_growth_year": -20.11,
            "roe": 6.38,
            "roe_4q": 12.25,
            "gross_profit": 186384,
            "gross_margin": 21.12,
            "gross_margin_4q_avg": 16.1,
            "net_income": 233855,
            "revenue": 882362,
            "common_shares": 1694956,
            "book_valuer_per_share": 20.38,
            "book_valuer_per_share_4q_avg": 20.51,
            "equity": 4113953,
            "current_ratio": 486.71,
            "debt_ratio": 27.5,
            "inventory_turnover_ratio": 0.99,
            "account_receivable_turnover_ratio": null,
            "reinvestment_rate": 24.13,
            "research_to_sale_ratio": null,
            "price_fair": 123.2,
            "eps_avg_yearly": 3.52,
            "eps_latest_yearly": 5.52,
            "eps_growth_yearly": 78.1
        },
        "20071": {
            "year_quarter": 20071,
            "year": 2007,
            "quarter": 1,
            "eps": 0.7,
            "eps_growth_year": 59.09,
            "eps_4q": 2.8,
            "eps_4q_growth_year": -1.18,
            "roe": 3.1,
            "roe_4q": 13.46,
            "gross_profit": 143673,
            "gross_margin": 17.61,
            "gross_margin_4q_avg": 16.36,
            "net_income": 119478,
            "revenue": 815696,
            "common_shares": 1694956,
            "book_valuer_per_share": 21.28,
            "book_valuer_per_share_4q_avg": 20.46,
            "equity": 3606583,
            "current_ratio": 351.17,
            "debt_ratio": 23.21,
            "inventory_turnover_ratio": 1.07,
            "account_receivable_turnover_ratio": null,
            "reinvestment_rate": -10.9,
            "research_to_sale_ratio": null,
            "price_fair": 116.5,
            "eps_avg_yearly": 3.33,
            "eps_latest_yearly": 2.8,
            "eps_growth_yearly": 39.69
        },
        "20072": {
            "year_quarter": 20072,
            "year": 2007,
            "quarter": 2,
            "eps": 0.72,
            "eps_growth_year": 111.76,
            "eps_4q": 3.23,
            "eps_4q_growth_year": 32.98,
            "roe": 3.48,
            "roe_4q": 15.350000000000001,
            "gross_profit": 188905,
            "gross_margin": 16.13,
            "gross_margin_4q_avg": 16.94,
            "net_income": 122793,
            "revenue": 1171130,
            "common_shares": 1694956,
            "book_valuer_per_share": 20.3,
            "book_valuer_per_share_4q_avg": 20.24,
            "equity": 3440985,
            "current_ratio": 222.12,
            "debt_ratio": 32.53,
            "inventory_turnover_ratio": 7.63,
            "account_receivable_turnover_ratio": null,
            "reinvestment_rate": -10.51,
            "research_to_sale_ratio": null,
            "price_fair": 113.8,
            "eps_avg_yearly": 3.25,
            "eps_latest_yearly": 2.88,
            "eps_growth_yearly": 48.43
        },
        "20073": {
            "year_quarter": 20073,
            "year": 2007,
            "quarter": 3,
            "eps": 0.4,
            "eps_growth_year": -11.11,
            "eps_4q": 3.2,
            "eps_4q_growth_year": 111.23,
            "roe": 1.96,
            "roe_4q": 14.919999999999998,
            "gross_profit": 170869,
            "gross_margin": 14.39,
            "gross_margin_4q_avg": 17.31,
            "net_income": 68132,
            "revenue": 1187685,
            "common_shares": 1694956,
            "book_valuer_per_share": 20.8,
            "book_valuer_per_share_4q_avg": 20.69,
            "equity": 3526010,
            "current_ratio": 223.13,
            "debt_ratio": 33.17,
            "inventory_turnover_ratio": 6.57,
            "account_receivable_turnover_ratio": null,
            "reinvestment_rate": -10.35,
            "research_to_sale_ratio": null,
            "price_fair": 107,
            "eps_avg_yearly": 3.06,
            "eps_latest_yearly": 1.6,
            "eps_growth_yearly": 33.14
        },
        "20074": {
            "year_quarter": 20074,
            "year": 2007,
            "quarter": 4,
            "eps": 0.62,
            "eps_growth_year": -55.07,
            "eps_4q": 2.44,
            "eps_4q_growth_year": -2.17,
            "roe": 2.66,
            "roe_4q": 11.2,
            "gross_profit": 175033,
            "gross_margin": 14.69,
            "gross_margin_4q_avg": 15.71,
            "net_income": 105581,
            "revenue": 1191411,
            "common_shares": 1694956,
            "book_valuer_per_share": 21.49,
            "book_valuer_per_share_4q_avg": 20.97,
            "equity": 4426061,
            "current_ratio": 323.9,
            "debt_ratio": 38.84,
            "inventory_turnover_ratio": 1.13,
            "account_receivable_turnover_ratio": null,
            "reinvestment_rate": 38.43,
            "research_to_sale_ratio": null,
            "price_fair": 106.2,
            "eps_avg_yearly": 3.03,
            "eps_latest_yearly": 2.48,
            "eps_growth_yearly": 58.91
        },
        "20081": {
            "year_quarter": 20081,
            "year": 2008,
            "quarter": 1,
            "eps": 0.25,
            "eps_growth_year": -64.29,
            "eps_4q": 0.98,
            "eps_4q_growth_year": -65.15,
            "roe": 1.96,
            "roe_4q": 10.06,
            "gross_profit": 237992,
            "gross_margin": 21.4,
            "gross_margin_4q_avg": 16.65,
            "net_income": 86648,
            "revenue": 1112316,
            "common_shares": 1694956,
            "book_valuer_per_share": 21.38,
            "book_valuer_per_share_4q_avg": 20.99,
            "equity": 4432226,
            "current_ratio": 344.94,
            "debt_ratio": 36.49,
            "inventory_turnover_ratio": 0.52,
            "account_receivable_turnover_ratio": null,
            "reinvestment_rate": 70.17,
            "research_to_sale_ratio": null,
            "price_fair": 67.7,
            "eps_avg_yearly": 2.72,
            "eps_latest_yearly": 1,
            "eps_growth_yearly": 14.92
        },
        "20082": {
            "year_quarter": 20082,
            "year": 2008,
            "quarter": 2,
            "eps": 0.38,
            "eps_growth_year": -47.22,
            "eps_4q": 1.44,
            "eps_4q_growth_year": -55.45,
            "roe": 1.65,
            "roe_4q": 8.23,
            "gross_profit": 243085,
            "gross_margin": 27.03,
            "gross_margin_4q_avg": 19.38,
            "net_income": 73957,
            "revenue": 899379,
            "common_shares": 1694956,
            "book_valuer_per_share": 21.73,
            "book_valuer_per_share_4q_avg": 21.35,
            "equity": 4517421,
            "current_ratio": 447.44,
            "debt_ratio": 31.45,
            "inventory_turnover_ratio": 0.39,
            "account_receivable_turnover_ratio": null,
            "reinvestment_rate": 76.22,
            "research_to_sale_ratio": null,
            "price_fair": 87.5,
            "eps_avg_yearly": 2.5,
            "eps_latest_yearly": 1.52,
            "eps_growth_yearly": 34.4
        },
        "20083": {
            "year_quarter": 20083,
            "year": 2008,
            "quarter": 3,
            "eps": 0.75,
            "eps_growth_year": 87.5,
            "eps_4q": 1.73,
            "eps_4q_growth_year": -45.94,
            "roe": 3.48,
            "roe_4q": 9.75,
            "gross_profit": 274510,
            "gross_margin": 25.74,
            "gross_margin_4q_avg": 22.22,
            "net_income": 155211,
            "revenue": 1066335,
            "common_shares": 1931511,
            "book_valuer_per_share": 20.51,
            "book_valuer_per_share_4q_avg": 21.28,
            "equity": 4410358,
            "current_ratio": 442.55,
            "debt_ratio": 30.65,
            "inventory_turnover_ratio": 0.5,
            "account_receivable_turnover_ratio": null,
            "reinvestment_rate": 77.32,
            "research_to_sale_ratio": null,
            "price_fair": 88.6,
            "eps_avg_yearly": 2.53,
            "eps_latest_yearly": 3,
            "eps_growth_yearly": 74.75
        },
        "20084": {
            "year_quarter": 20084,
            "year": 2008,
            "quarter": 4,
            "eps": 0.02,
            "eps_growth_year": -96.77,
            "eps_4q": 0.12,
            "eps_4q_growth_year": -94.93,
            "roe": -0.94,
            "roe_4q": 6.1499999999999995,
            "gross_profit": 25945,
            "gross_margin": 3.7,
            "gross_margin_4q_avg": 19.47,
            "net_income": -41382,
            "revenue": 700312,
            "common_shares": 1931511,
            "book_valuer_per_share": 20.7,
            "book_valuer_per_share_4q_avg": 21.08,
            "equity": 4406533,
            "current_ratio": 415.71,
            "debt_ratio": 27.56,
            "inventory_turnover_ratio": 0.48,
            "account_receivable_turnover_ratio": 1.18,
            "reinvestment_rate": 50.83,
            "research_to_sale_ratio": null,
            "price_fair": 82.88,
            "eps_avg_yearly": 2.37,
            "eps_latest_yearly": 0.08,
            "eps_growth_yearly": 43.81
        },
        "20091": {
            "year_quarter": 20091,
            "year": 2009,
            "quarter": 1,
            "eps": 0.44,
            "eps_growth_year": 76,
            "eps_4q": 1.4,
            "eps_4q_growth_year": 42.97,
            "roe": 2.1,
            "roe_4q": 6.290000000000001,
            "gross_profit": 191962,
            "gross_margin": 26.33,
            "gross_margin_4q_avg": 20.7,
            "net_income": 94098,
            "revenue": 729195,
            "common_shares": 1931511,
            "book_valuer_per_share": 21.49,
            "book_valuer_per_share_4q_avg": 21.11,
            "equity": 4544556,
            "current_ratio": 579.93,
            "debt_ratio": 22.09,
            "inventory_turnover_ratio": 0.44,
            "account_receivable_turnover_ratio": 0.58,
            "reinvestment_rate": 80.56,
            "research_to_sale_ratio": null,
            "price_fair": 81.55,
            "eps_avg_yearly": 2.33,
            "eps_latest_yearly": 1.76,
            "eps_growth_yearly": 566.07
        },
        "20092": {
            "year_quarter": 20092,
            "year": 2009,
            "quarter": 2,
            "eps": -0.14,
            "eps_growth_year": -136.84,
            "eps_4q": 1.07,
            "eps_4q_growth_year": -25.41,
            "roe": -0.6,
            "roe_4q": 4.04,
            "gross_profit": 75411,
            "gross_margin": 21.51,
            "gross_margin_4q_avg": 19.32,
            "net_income": -26655,
            "revenue": 350615,
            "common_shares": 1931511,
            "book_valuer_per_share": 20.27,
            "book_valuer_per_share_4q_avg": 20.74,
            "equity": 4295316,
            "current_ratio": 515.64,
            "debt_ratio": 23.32,
            "inventory_turnover_ratio": 0.25,
            "account_receivable_turnover_ratio": 0.31,
            "reinvestment_rate": 83.96,
            "research_to_sale_ratio": null,
            "price_fair": 79.71,
            "eps_avg_yearly": 2.28,
            "eps_latest_yearly": 1.76,
            "eps_growth_yearly": 603.81
        },
        "20093": {
            "year_quarter": 20093,
            "year": 2009,
            "quarter": 3,
            "eps": -0.06,
            "eps_growth_year": -108,
            "eps_4q": 0.27,
            "eps_4q_growth_year": -84.59,
            "roe": -0.28,
            "roe_4q": 0.28000000000000025,
            "gross_profit": 148994,
            "gross_margin": 25.66,
            "gross_margin_4q_avg": 19.3,
            "net_income": -11999,
            "revenue": 580695,
            "common_shares": 1931511,
            "book_valuer_per_share": 19.99,
            "book_valuer_per_share_4q_avg": 20.61,
            "equity": 4233354,
            "current_ratio": 581.96,
            "debt_ratio": 20.4,
            "inventory_turnover_ratio": 0.44,
            "account_receivable_turnover_ratio": 0.62,
            "reinvestment_rate": 93.98,
            "research_to_sale_ratio": null,
            "price_fair": 73.3,
            "eps_avg_yearly": 2.09,
            "eps_latest_yearly": 1.76,
            "eps_growth_yearly": 631.19
        },
        "20094": {
            "year_quarter": 20094,
            "year": 2009,
            "quarter": 4,
            "eps": 0.27,
            "eps_growth_year": 1250,
            "eps_4q": 0.52,
            "eps_4q_growth_year": 318.29,
            "roe": 1.33,
            "roe_4q": 2.5500000000000003,
            "gross_profit": 184339,
            "gross_margin": 27.9,
            "gross_margin_4q_avg": 25.35,
            "net_income": 56734,
            "revenue": 660616,
            "common_shares": 1931511,
            "book_valuer_per_share": 20.2,
            "book_valuer_per_share_4q_avg": 20.49,
            "equity": 4275315,
            "current_ratio": 519.82,
            "debt_ratio": 21.77,
            "inventory_turnover_ratio": 0.55,
            "account_receivable_turnover_ratio": 1.13,
            "reinvestment_rate": 245.95,
            "research_to_sale_ratio": null,
            "price_fair": 74.2,
            "eps_avg_yearly": 2.12,
            "eps_latest_yearly": 1.76,
            "eps_growth_yearly": 699.32
        },
        "20101": {
            "year_quarter": 20101,
            "year": 2010,
            "quarter": 1,
            "eps": 0.72,
            "eps_growth_year": 63.64,
            "eps_4q": 0.8,
            "eps_4q_growth_year": -42.68,
            "roe": 3.55,
            "roe_4q": 3.9999999999999996,
            "gross_profit": 301457,
            "gross_margin": 29.48,
            "gross_margin_4q_avg": 26.14,
            "net_income": 154385,
            "revenue": 1022549,
            "common_shares": 1931511,
            "book_valuer_per_share": 20.85,
            "book_valuer_per_share_4q_avg": 20.33,
            "equity": 4413921,
            "current_ratio": 363.12,
            "debt_ratio": 27.14,
            "inventory_turnover_ratio": 0.99,
            "account_receivable_turnover_ratio": 0.8,
            "reinvestment_rate": 277.3,
            "research_to_sale_ratio": 1.63,
            "price_fair": 77.22,
            "eps_avg_yearly": 2.21,
            "eps_latest_yearly": 2.88,
            "eps_growth_yearly": 750.6
        },
        "20102": {
            "year_quarter": 20102,
            "year": 2010,
            "quarter": 2,
            "eps": 1.34,
            "eps_growth_year": null,
            "eps_4q": 2.28,
            "eps_4q_growth_year": 112.14,
            "roe": 6.46,
            "roe_4q": 11.06,
            "gross_profit": 474394,
            "gross_margin": 42.41,
            "gross_margin_4q_avg": 31.36,
            "net_income": 291864,
            "revenue": 1118538,
            "common_shares": 1931511,
            "book_valuer_per_share": 21.71,
            "book_valuer_per_share_4q_avg": 20.69,
            "equity": 4620733,
            "current_ratio": 316.3,
            "debt_ratio": 30.39,
            "inventory_turnover_ratio": 0.86,
            "account_receivable_turnover_ratio": 0.7,
            "reinvestment_rate": 253.55,
            "research_to_sale_ratio": 1.64,
            "price_fair": 87.98,
            "eps_avg_yearly": 2.51,
            "eps_latest_yearly": 5.36,
            "eps_growth_yearly": 784.09
        },
        "20103": {
            "year_quarter": 20103,
            "year": 2010,
            "quarter": 3,
            "eps": 0.58,
            "eps_growth_year": null,
            "eps_4q": 2.92,
            "eps_4q_growth_year": 997.09,
            "roe": 2.73,
            "roe_4q": 14.069999999999999,
            "gross_profit": 349400,
            "gross_margin": 30.59,
            "gross_margin_4q_avg": 32.6,
            "net_income": 127271,
            "revenue": 1142277,
            "common_shares": 1931511,
            "book_valuer_per_share": 22.09,
            "book_valuer_per_share_4q_avg": 21.21,
            "equity": 4701439,
            "current_ratio": 337.55,
            "debt_ratio": 28.6,
            "inventory_turnover_ratio": 0.88,
            "account_receivable_turnover_ratio": 0.65,
            "reinvestment_rate": 250.59,
            "research_to_sale_ratio": 1.73,
            "price_fair": 89.38,
            "eps_avg_yearly": 2.55,
            "eps_latest_yearly": 2.32,
            "eps_growth_yearly": 756.68
        },
        "20104": {
            "year_quarter": 20104,
            "year": 2010,
            "quarter": 4,
            "eps": 0.04,
            "eps_growth_year": -85.48,
            "eps_4q": 2.68,
            "eps_4q_growth_year": 418.32,
            "roe": 0.4,
            "roe_4q": 13.14,
            "gross_profit": 246317,
            "gross_margin": 26.41,
            "gross_margin_4q_avg": 32.22,
            "net_income": 18247,
            "revenue": 932648,
            "common_shares": 1931511,
            "book_valuer_per_share": 21.31,
            "book_valuer_per_share_4q_avg": 21.49,
            "equity": 4537947,
            "current_ratio": 357.79,
            "debt_ratio": 27.96,
            "inventory_turnover_ratio": 0.69,
            "account_receivable_turnover_ratio": 0.57,
            "reinvestment_rate": 190.67,
            "research_to_sale_ratio": 2.46,
            "price_fair": 74.95,
            "eps_avg_yearly": 2.14,
            "eps_latest_yearly": 0.16,
            "eps_growth_yearly": 664.45
        },
        "20111": {
            "year_quarter": 20111,
            "year": 2011,
            "quarter": 1,
            "eps": 1.2,
            "eps_growth_year": 66.67,
            "eps_4q": 3.17,
            "eps_4q_growth_year": 295.99,
            "roe": 5.58,
            "roe_4q": 15.170000000000002,
            "gross_profit": 467326,
            "gross_margin": 33.78,
            "gross_margin_4q_avg": 33.3,
            "net_income": 261679,
            "revenue": 1383350,
            "common_shares": 1931511,
            "book_valuer_per_share": 22.67,
            "book_valuer_per_share_4q_avg": 21.95,
            "equity": 4836655,
            "current_ratio": 406.2,
            "debt_ratio": 25.24,
            "inventory_turnover_ratio": 0.98,
            "account_receivable_turnover_ratio": 0.77,
            "reinvestment_rate": 276.12,
            "research_to_sale_ratio": 1.56,
            "price_fair": 80.34,
            "eps_avg_yearly": 2.3,
            "eps_latest_yearly": 4.8,
            "eps_growth_yearly": 1571.92
        },
        "20112": {
            "year_quarter": 20112,
            "year": 2011,
            "quarter": 2,
            "eps": 0.82,
            "eps_growth_year": -38.76,
            "eps_4q": 2.65,
            "eps_4q_growth_year": 16.19,
            "roe": 3.73,
            "roe_4q": 12.440000000000001,
            "gross_profit": 426405,
            "gross_margin": 32.41,
            "gross_margin_4q_avg": 30.8,
            "net_income": 176530,
            "revenue": 1315738,
            "common_shares": 1931511,
            "book_valuer_per_share": 21.56,
            "book_valuer_per_share_4q_avg": 21.91,
            "equity": 4635695,
            "current_ratio": 311.69,
            "debt_ratio": 30.82,
            "inventory_turnover_ratio": 1.01,
            "account_receivable_turnover_ratio": 0.59,
            "reinvestment_rate": 279.58,
            "research_to_sale_ratio": 1.57,
            "price_fair": 81.42,
            "eps_avg_yearly": 2.33,
            "eps_latest_yearly": 3.28,
            "eps_growth_yearly": 1561.29
        },
        "20113": {
            "year_quarter": 20113,
            "year": 2011,
            "quarter": 3,
            "eps": 0.76,
            "eps_growth_year": 30.02,
            "eps_4q": 2.82,
            "eps_4q_growth_year": -3.28,
            "roe": 3.11,
            "roe_4q": 12.82,
            "gross_profit": 226171,
            "gross_margin": 26.65,
            "gross_margin_4q_avg": 29.81,
            "net_income": 149653,
            "revenue": 848648,
            "common_shares": 1931511,
            "book_valuer_per_share": 23.18,
            "book_valuer_per_share_4q_avg": 22.18,
            "equity": 4988916,
            "current_ratio": 403.01,
            "debt_ratio": 25.17,
            "inventory_turnover_ratio": 0.56,
            "account_receivable_turnover_ratio": 0.37,
            "reinvestment_rate": 285.53,
            "research_to_sale_ratio": 1.73,
            "price_fair": 85.29,
            "eps_avg_yearly": 2.44,
            "eps_latest_yearly": 3.04,
            "eps_growth_yearly": 1572.72
        },
        "20114": {
            "year_quarter": 20114,
            "year": 2011,
            "quarter": 4,
            "eps": -0.07,
            "eps_growth_year": -282.52,
            "eps_4q": 2.71,
            "eps_4q_growth_year": 1.06,
            "roe": -0.21,
            "roe_4q": 12.21,
            "gross_profit": 145294,
            "gross_margin": 20.85,
            "gross_margin_4q_avg": 28.42,
            "net_income": -10721,
            "revenue": 696761,
            "common_shares": 1931511,
            "book_valuer_per_share": 23.15,
            "book_valuer_per_share_4q_avg": 22.64,
            "equity": 4987468,
            "current_ratio": 439.19,
            "debt_ratio": 23.51,
            "inventory_turnover_ratio": 0.41,
            "account_receivable_turnover_ratio": 0.35,
            "reinvestment_rate": 217.55,
            "research_to_sale_ratio": 1.53,
            "price_fair": 85.17,
            "eps_avg_yearly": 2.43,
            "eps_latest_yearly": 3.04,
            "eps_growth_yearly": 1685.44
        },
        "20121": {
            "year_quarter": 20121,
            "year": 2012,
            "quarter": 1,
            "eps": 0.35,
            "eps_growth_year": -70.83,
            "eps_4q": 1.86,
            "eps_4q_growth_year": -41.24,
            "roe": 1.48,
            "roe_4q": 8.11,
            "gross_profit": 193430,
            "gross_margin": 23.39,
            "gross_margin_4q_avg": 25.83,
            "net_income": 73830,
            "revenue": 827094,
            "common_shares": 1931511,
            "book_valuer_per_share": 23.17,
            "book_valuer_per_share_4q_avg": 22.77,
            "equity": 4983762,
            "current_ratio": 681.89,
            "debt_ratio": 17.03,
            "inventory_turnover_ratio": 0.49,
            "account_receivable_turnover_ratio": 0.46,
            "reinvestment_rate": 217.46,
            "research_to_sale_ratio": 1.12,
            "price_fair": 89.73,
            "eps_avg_yearly": 2.56,
            "eps_latest_yearly": 3.04,
            "eps_growth_yearly": 1860.37
        },
        "20122": {
            "year_quarter": 20122,
            "year": 2012,
            "quarter": 2,
            "eps": -0.02,
            "eps_growth_year": -102.68,
            "eps_4q": 1.02,
            "eps_4q_growth_year": -61.57,
            "roe": -0.15,
            "roe_4q": 4.23,
            "gross_profit": 129094,
            "gross_margin": 18.46,
            "gross_margin_4q_avg": 22.34,
            "net_income": -7324,
            "revenue": 699323,
            "common_shares": 1931511,
            "book_valuer_per_share": 21.25,
            "book_valuer_per_share_4q_avg": 22.69,
            "equity": 4613413,
            "current_ratio": 363.9,
            "debt_ratio": 26.66,
            "inventory_turnover_ratio": 0.5,
            "account_receivable_turnover_ratio": 0.43,
            "reinvestment_rate": 224.03,
            "research_to_sale_ratio": 1.88,
            "price_fair": 93.38,
            "eps_avg_yearly": 2.67,
            "eps_latest_yearly": 3.04,
            "eps_growth_yearly": 2025.6
        },
        "20123": {
            "year_quarter": 20123,
            "year": 2012,
            "quarter": 3,
            "eps": 0.72,
            "eps_growth_year": -5.35,
            "eps_4q": 0.98,
            "eps_4q_growth_year": -65.38,
            "roe": 3.48,
            "roe_4q": 4.6000000000000005,
            "gross_profit": 146849,
            "gross_margin": 22.77,
            "gross_margin_4q_avg": 21.37,
            "net_income": 162177,
            "revenue": 644816,
            "common_shares": 1931511,
            "book_valuer_per_share": 21.62,
            "book_valuer_per_share_4q_avg": 22.3,
            "equity": 4697300,
            "current_ratio": 498.36,
            "debt_ratio": 21.16,
            "inventory_turnover_ratio": 0.48,
            "account_receivable_turnover_ratio": 0.44,
            "reinvestment_rate": 223.79,
            "research_to_sale_ratio": 1.99,
            "price_fair": 92.09,
            "eps_avg_yearly": 2.63,
            "eps_latest_yearly": 3.04,
            "eps_growth_yearly": 2207.4
        },
        "20124": {
            "year_quarter": 20124,
            "year": 2012,
            "quarter": 4,
            "eps": 0.64,
            "eps_growth_year": null,
            "eps_4q": 1.69,
            "eps_4q_growth_year": -37.68,
            "roe": 2.79,
            "roe_4q": 7.6,
            "gross_profit": 160442,
            "gross_margin": 29.27,
            "gross_margin_4q_avg": 23.47,
            "net_income": 129537,
            "revenue": 548148,
            "common_shares": 1931511,
            "book_valuer_per_share": 21.78,
            "book_valuer_per_share_4q_avg": 21.96,
            "equity": 4596730,
            "current_ratio": 445.13,
            "debt_ratio": 22.59,
            "inventory_turnover_ratio": 0.37,
            "account_receivable_turnover_ratio": 0.47,
            "reinvestment_rate": 146.85,
            "research_to_sale_ratio": 2.62,
            "price_fair": 101.73,
            "eps_avg_yearly": 2.91,
            "eps_latest_yearly": 2.56,
            "eps_growth_yearly": 2245.72
        },
        "20131": {
            "year_quarter": 20131,
            "year": 2013,
            "quarter": 1,
            "eps": 0.49,
            "eps_growth_year": 40,
            "eps_4q": 1.83,
            "eps_4q_growth_year": -1.95,
            "roe": 2.02,
            "roe_4q": 8.14,
            "gross_profit": 179734,
            "gross_margin": 22.07,
            "gross_margin_4q_avg": 23.14,
            "net_income": 93431,
            "revenue": 814386,
            "common_shares": 1931511,
            "book_valuer_per_share": 21.78,
            "book_valuer_per_share_4q_avg": 21.61,
            "equity": 4673224,
            "current_ratio": 463.19,
            "debt_ratio": 21.38,
            "inventory_turnover_ratio": 0.66,
            "account_receivable_turnover_ratio": 0.81,
            "reinvestment_rate": -26.46,
            "research_to_sale_ratio": 1.35,
            "price_fair": 102.51,
            "eps_avg_yearly": 2.93,
            "eps_latest_yearly": 1.96,
            "eps_growth_yearly": 1301.97
        },
        "20132": {
            "year_quarter": 20132,
            "year": 2013,
            "quarter": 2,
            "eps": 0.43,
            "eps_growth_year": null,
            "eps_4q": 2.28,
            "eps_4q_growth_year": 124.22,
            "roe": 1.92,
            "roe_4q": 10.21,
            "gross_profit": 217030,
            "gross_margin": 25.24,
            "gross_margin_4q_avg": 24.84,
            "net_income": 88759,
            "revenue": 860036,
            "common_shares": 1931511,
            "book_valuer_per_share": 21.2,
            "book_valuer_per_share_4q_avg": 21.6,
            "equity": 4571359,
            "current_ratio": 314.28,
            "debt_ratio": 27.6,
            "inventory_turnover_ratio": 0.71,
            "account_receivable_turnover_ratio": 0.74,
            "reinvestment_rate": 4.32,
            "research_to_sale_ratio": 1.48,
            "price_fair": 98.28,
            "eps_avg_yearly": 2.81,
            "eps_latest_yearly": 1.72,
            "eps_growth_yearly": 1166.87
        },
        "20133": {
            "year_quarter": 20133,
            "year": 2013,
            "quarter": 3,
            "eps": 0.3,
            "eps_growth_year": -58.18,
            "eps_4q": 1.87,
            "eps_4q_growth_year": 90.92,
            "roe": 1.31,
            "roe_4q": 8.04,
            "gross_profit": 171326,
            "gross_margin": 23.14,
            "gross_margin_4q_avg": 24.93,
            "net_income": 60304,
            "revenue": 740474,
            "common_shares": 1931511,
            "book_valuer_per_share": 21.44,
            "book_valuer_per_share_4q_avg": 21.55,
            "equity": 4617093,
            "current_ratio": 380.57,
            "debt_ratio": 23.92,
            "inventory_turnover_ratio": 0.57,
            "account_receivable_turnover_ratio": 0.62,
            "reinvestment_rate": 3.43,
            "research_to_sale_ratio": 1.52,
            "price_fair": 93.16,
            "eps_avg_yearly": 2.66,
            "eps_latest_yearly": 1.2,
            "eps_growth_yearly": 1049.8
        },
        "20134": {
            "year_quarter": 20134,
            "year": 2013,
            "quarter": 4,
            "eps": 0.24,
            "eps_growth_year": -62.15,
            "eps_4q": 1.47,
            "eps_4q_growth_year": -13.22,
            "roe": 1.06,
            "roe_4q": 6.3100000000000005,
            "gross_profit": 112632,
            "gross_margin": 18.63,
            "gross_margin_4q_avg": 22.27,
            "net_income": 46926,
            "revenue": 604544,
            "common_shares": 1931511,
            "book_valuer_per_share": 21.12,
            "book_valuer_per_share_4q_avg": 21.39,
            "equity": 4214238,
            "current_ratio": 327.32,
            "debt_ratio": 26.9,
            "inventory_turnover_ratio": 0.44,
            "account_receivable_turnover_ratio": 0.59,
            "reinvestment_rate": -140.56,
            "research_to_sale_ratio": 1.87,
            "price_fair": 88.2,
            "eps_avg_yearly": 2.52,
            "eps_latest_yearly": 0.96,
            "eps_growth_yearly": 955.65
        },
        "20141": {
            "year_quarter": 20141,
            "year": 2014,
            "quarter": 1,
            "eps": 0.39,
            "eps_growth_year": -20.41,
            "eps_4q": 1.37,
            "eps_4q_growth_year": -24.88,
            "roe": 1.78,
            "roe_4q": 6.07,
            "gross_profit": 134726,
            "gross_margin": 17.68,
            "gross_margin_4q_avg": 21.17,
            "net_income": 75975,
            "revenue": 761911,
            "common_shares": 1931511,
            "book_valuer_per_share": 21.67,
            "book_valuer_per_share_4q_avg": 21.36,
            "equity": 4319676,
            "current_ratio": 337.47,
            "debt_ratio": 26.61,
            "inventory_turnover_ratio": 0.54,
            "account_receivable_turnover_ratio": 0.71,
            "reinvestment_rate": -150.2,
            "research_to_sale_ratio": 1.63,
            "price_fair": 84.35,
            "eps_avg_yearly": 2.41,
            "eps_latest_yearly": 1.56,
            "eps_growth_yearly": 920.93
        },
        "20142": {
            "year_quarter": 20142,
            "year": 2014,
            "quarter": 2,
            "eps": 0.19,
            "eps_growth_year": -55.81,
            "eps_4q": 1.12,
            "eps_4q_growth_year": -50.93,
            "roe": 0.84,
            "roe_4q": 4.99,
            "gross_profit": 134035,
            "gross_margin": 18.44,
            "gross_margin_4q_avg": 19.47,
            "net_income": 35317,
            "revenue": 726918,
            "common_shares": 1931511,
            "book_valuer_per_share": 20.66,
            "book_valuer_per_share_4q_avg": 21.22,
            "equity": 4125488,
            "current_ratio": 368.13,
            "debt_ratio": 24.73,
            "inventory_turnover_ratio": 0.59,
            "account_receivable_turnover_ratio": 0.61,
            "reinvestment_rate": -194.01,
            "research_to_sale_ratio": 2.23,
            "price_fair": 70.93,
            "eps_avg_yearly": 2.03,
            "eps_latest_yearly": 0.76,
            "eps_growth_yearly": 875.13
        },
        "20143": {
            "year_quarter": 20143,
            "year": 2014,
            "quarter": 3,
            "eps": 0.16,
            "eps_growth_year": -46.67,
            "eps_4q": 0.99,
            "eps_4q_growth_year": -47.15,
            "roe": 0.77,
            "roe_4q": 4.449999999999999,
            "gross_profit": 94220,
            "gross_margin": 14.61,
            "gross_margin_4q_avg": 17.34,
            "net_income": 32317,
            "revenue": 644862,
            "common_shares": 1931511,
            "book_valuer_per_share": 21.17,
            "book_valuer_per_share_4q_avg": 21.16,
            "equity": 4224792,
            "current_ratio": 402.46,
            "debt_ratio": 23.15,
            "inventory_turnover_ratio": 0.67,
            "account_receivable_turnover_ratio": 0.54,
            "reinvestment_rate": -203.05,
            "research_to_sale_ratio": 2.32,
            "price_fair": 66.03,
            "eps_avg_yearly": 1.89,
            "eps_latest_yearly": 0.64,
            "eps_growth_yearly": 888.77
        },
        "20144": {
            "year_quarter": 20144,
            "year": 2014,
            "quarter": 4,
            "eps": 0.31,
            "eps_growth_year": 29.05,
            "eps_4q": 1.08,
            "eps_4q_growth_year": -26.13,
            "roe": 1.38,
            "roe_4q": 4.77,
            "gross_profit": 117145,
            "gross_margin": 18.19,
            "gross_margin_4q_avg": 17.23,
            "net_income": 58441,
            "revenue": 644165,
            "common_shares": 1931511,
            "book_valuer_per_share": 21.92,
            "book_valuer_per_share_4q_avg": 21.36,
            "equity": 4220645,
            "current_ratio": 409.04,
            "debt_ratio": 23.13,
            "inventory_turnover_ratio": 0.68,
            "account_receivable_turnover_ratio": 0.56,
            "reinvestment_rate": -178.59,
            "research_to_sale_ratio": 2.21,
            "price_fair": 69.18,
            "eps_avg_yearly": 1.98,
            "eps_latest_yearly": 1.24,
            "eps_growth_yearly": 951.06
        },
        "20151": {
            "year_quarter": 20151,
            "year": 2015,
            "quarter": 1,
            "eps": 0.11,
            "eps_growth_year": -71.79,
            "eps_4q": 0.79,
            "eps_4q_growth_year": -42.25,
            "roe": 0.49,
            "roe_4q": 3.4799999999999995,
            "gross_profit": 129823,
            "gross_margin": 20.06,
            "gross_margin_4q_avg": 17.83,
            "net_income": 20497,
            "revenue": 647231,
            "common_shares": 1931511,
            "book_valuer_per_share": 21.79,
            "book_valuer_per_share_4q_avg": 21.39,
            "equity": 4166012,
            "current_ratio": 387.28,
            "debt_ratio": 23.9,
            "inventory_turnover_ratio": 0.66,
            "account_receivable_turnover_ratio": 0.53,
            "reinvestment_rate": -231.43,
            "research_to_sale_ratio": 2.56,
            "price_fair": 4.84,
            "eps_avg_yearly": 1.61,
            "eps_latest_yearly": 0.44,
            "eps_growth_yearly": -37.12
        },
        "20152": {
            "year_quarter": 20152,
            "year": 2015,
            "quarter": 2,
            "eps": 0.24,
            "eps_growth_year": 26.32,
            "eps_4q": 0.84,
            "eps_4q_growth_year": -24.87,
            "roe": 1.09,
            "roe_4q": 3.73,
            "gross_profit": 158148,
            "gross_margin": 23.88,
            "gross_margin_4q_avg": 19.19,
            "net_income": 44435,
            "revenue": 662222,
            "common_shares": 1931511,
            "book_valuer_per_share": 21.02,
            "book_valuer_per_share_4q_avg": 21.48,
            "equity": 4023176,
            "current_ratio": 325.41,
            "debt_ratio": 25.35,
            "inventory_turnover_ratio": 0.61,
            "account_receivable_turnover_ratio": 0.5,
            "reinvestment_rate": -270.47,
            "research_to_sale_ratio": 1.94,
            "price_fair": 32.42,
            "eps_avg_yearly": 1.42,
            "eps_latest_yearly": 0.96,
            "eps_growth_yearly": 12.83
        },
        "20153": {
            "year_quarter": 20153,
            "year": 2015,
            "quarter": 3,
            "eps": 0.35,
            "eps_growth_year": 118.75,
            "eps_4q": 1.01,
            "eps_4q_growth_year": 2.66,
            "roe": 1.57,
            "roe_4q": 4.53,
            "gross_profit": 119508,
            "gross_margin": 17.81,
            "gross_margin_4q_avg": 19.99,
            "net_income": 63993,
            "revenue": 670919,
            "common_shares": 1931511,
            "book_valuer_per_share": 21.55,
            "book_valuer_per_share_4q_avg": 21.57,
            "equity": 4122659,
            "current_ratio": 344.78,
            "debt_ratio": 24.61,
            "inventory_turnover_ratio": 0.68,
            "account_receivable_turnover_ratio": 0.49,
            "reinvestment_rate": -329.77,
            "research_to_sale_ratio": 1.76,
            "price_fair": 44.92,
            "eps_avg_yearly": 1.28,
            "eps_latest_yearly": 1.4,
            "eps_growth_yearly": 30.55
        },
        "20154": {
            "year_quarter": 20154,
            "year": 2015,
            "quarter": 4,
            "eps": 0.09,
            "eps_growth_year": -71.81,
            "eps_4q": 0.79,
            "eps_4q_growth_year": -27.56,
            "roe": 0.4,
            "roe_4q": 3.5500000000000007,
            "gross_profit": 134817,
            "gross_margin": 24.16,
            "gross_margin_4q_avg": 21.48,
            "net_income": 16354,
            "revenue": 558008,
            "common_shares": 1931511,
            "book_valuer_per_share": 21.39,
            "book_valuer_per_share_4q_avg": 21.44,
            "equity": 4092171,
            "current_ratio": 330.42,
            "debt_ratio": 25.43,
            "inventory_turnover_ratio": 0.51,
            "account_receivable_turnover_ratio": 0.47,
            "reinvestment_rate": -326.71,
            "research_to_sale_ratio": 2.45,
            "price_fair": 18.6,
            "eps_avg_yearly": 1.21,
            "eps_latest_yearly": 0.36,
            "eps_growth_yearly": 5.34
        },
        "20161": {
            "year_quarter": 20161,
            "year": 2016,
            "quarter": 1,
            "eps": 0.04,
            "eps_growth_year": -63.64,
            "eps_4q": 0.72,
            "eps_4q_growth_year": -9.75,
            "roe": 0.18,
            "roe_4q": 3.24,
            "gross_profit": 125364,
            "gross_margin": 19.05,
            "gross_margin_4q_avg": 21.23,
            "net_income": 7501,
            "revenue": 657959,
            "common_shares": 1931511,
            "book_valuer_per_share": 21.29,
            "book_valuer_per_share_4q_avg": 21.31,
            "equity": 4072961,
            "current_ratio": 350.9,
            "debt_ratio": 23.37,
            "inventory_turnover_ratio": 0.64,
            "account_receivable_turnover_ratio": 0.64,
            "reinvestment_rate": -340.78,
            "research_to_sale_ratio": 2.57,
            "price_fair": 3.41,
            "eps_avg_yearly": 1.14,
            "eps_latest_yearly": 0.16,
            "eps_growth_yearly": -10.91
        },
        "20162": {
            "year_quarter": 20162,
            "year": 2016,
            "quarter": 2,
            "eps": 0.2,
            "eps_growth_year": -16.67,
            "eps_4q": 0.68,
            "eps_4q_growth_year": -19.7,
            "roe": 0.93,
            "roe_4q": 3.08,
            "gross_profit": 114231,
            "gross_margin": 21.07,
            "gross_margin_4q_avg": 20.52,
            "net_income": 37168,
            "revenue": 542274,
            "common_shares": 1931511,
            "book_valuer_per_share": 20.68,
            "book_valuer_per_share_4q_avg": 21.23,
            "equity": 3960737,
            "current_ratio": 342.61,
            "debt_ratio": 23.72,
            "inventory_turnover_ratio": 0.57,
            "account_receivable_turnover_ratio": 0.53,
            "reinvestment_rate": -325.28,
            "research_to_sale_ratio": 3.08,
            "price_fair": 39.01,
            "eps_avg_yearly": 1.11,
            "eps_latest_yearly": 0.8,
            "eps_growth_yearly": 96.48
        },
        "20163": {
            "year_quarter": 20163,
            "year": 2016,
            "quarter": 3,
            "eps": 0.11,
            "eps_growth_year": -68.57,
            "eps_4q": 0.44,
            "eps_4q_growth_year": -56.21,
            "roe": 0.54,
            "roe_4q": 2.0500000000000003,
            "gross_profit": 161029,
            "gross_margin": 23.63,
            "gross_margin_4q_avg": 21.98,
            "net_income": 21029,
            "revenue": 681573,
            "common_shares": 1931511,
            "book_valuer_per_share": 20.42,
            "book_valuer_per_share_4q_avg": 20.95,
            "equity": 3777998,
            "current_ratio": 356.47,
            "debt_ratio": 23.32,
            "inventory_turnover_ratio": 0.73,
            "account_receivable_turnover_ratio": 0.69,
            "reinvestment_rate": -372.41,
            "research_to_sale_ratio": 2.17,
            "price_fair": 37.54,
            "eps_avg_yearly": 1.07,
            "eps_latest_yearly": 0.44,
            "eps_growth_yearly": 79.2
        },
        "20164": {
            "year_quarter": 20164,
            "year": 2016,
            "quarter": 4,
            "eps": 0.23,
            "eps_growth_year": 165.67,
            "eps_4q": 0.59,
            "eps_4q_growth_year": -24.87,
            "roe": 1.14,
            "roe_4q": 2.79,
            "gross_profit": 105467,
            "gross_margin": 21.28,
            "gross_margin_4q_avg": 21.26,
            "net_income": 43448,
            "revenue": 495708,
            "common_shares": 1931511,
            "book_valuer_per_share": 20.62,
            "book_valuer_per_share_4q_avg": 20.75,
            "equity": 3815178,
            "current_ratio": 459.2,
            "debt_ratio": 19.21,
            "inventory_turnover_ratio": 0.59,
            "account_receivable_turnover_ratio": 0.54,
            "reinvestment_rate": -309.66,
            "research_to_sale_ratio": 1.99,
            "price_fair": 33.95,
            "eps_avg_yearly": 0.97,
            "eps_latest_yearly": 0.92,
            "eps_growth_yearly": 109.25
        },
        "20171": {
            "year_quarter": 20171,
            "year": 2017,
            "quarter": 1,
            "eps": 0.06,
            "eps_growth_year": 50,
            "eps_4q": 0.61,
            "eps_4q_growth_year": -15.29,
            "roe": 0.28,
            "roe_4q": 2.89,
            "gross_profit": 153784,
            "gross_margin": 26.3,
            "gross_margin_4q_avg": 23.07,
            "net_income": 10409,
            "revenue": 584619,
            "common_shares": 1931511,
            "book_valuer_per_share": 20.25,
            "book_valuer_per_share_4q_avg": 20.49,
            "equity": 3747057,
            "current_ratio": 489.71,
            "debt_ratio": 17.85,
            "inventory_turnover_ratio": 0.7,
            "account_receivable_turnover_ratio": 0.68,
            "reinvestment_rate": 32.81,
            "research_to_sale_ratio": 2.38,
            "price_fair": 30.19,
            "eps_avg_yearly": 0.86,
            "eps_latest_yearly": 0.24,
            "eps_growth_yearly": 96.63
        },
        "20172": {
            "year_quarter": 20172,
            "year": 2017,
            "quarter": 2,
            "eps": 0.3,
            "eps_growth_year": 50,
            "eps_4q": 0.7,
            "eps_4q_growth_year": 3.73,
            "roe": 1.46,
            "roe_4q": 3.42,
            "gross_profit": 146274,
            "gross_margin": 27.5,
            "gross_margin_4q_avg": 24.68,
            "net_income": 54799,
            "revenue": 531925,
            "common_shares": 1931511,
            "book_valuer_per_share": 20.2,
            "book_valuer_per_share_4q_avg": 20.37,
            "equity": 3736633,
            "current_ratio": 456.9,
            "debt_ratio": 19.05,
            "inventory_turnover_ratio": 0.63,
            "account_receivable_turnover_ratio": 0.62,
            "reinvestment_rate": -25.22,
            "research_to_sale_ratio": 2.63,
            "price_fair": 29.05,
            "eps_avg_yearly": 0.83,
            "eps_latest_yearly": 1.2,
            "eps_growth_yearly": 199.7
        },
        "20173": {
            "year_quarter": 20173,
            "year": 2017,
            "quarter": 3,
            "eps": 0.29,
            "eps_growth_year": 163.64,
            "eps_4q": 0.88,
            "eps_4q_growth_year": 97.94,
            "roe": 1.42,
            "roe_4q": 4.3,
            "gross_profit": 135477,
            "gross_margin": 25.2,
            "gross_margin_4q_avg": 25.07,
            "net_income": 53754,
            "revenue": 537709,
            "common_shares": 1931511,
            "book_valuer_per_share": 20.61,
            "book_valuer_per_share_4q_avg": 20.42,
            "equity": 3812146,
            "current_ratio": 495.83,
            "debt_ratio": 18.43,
            "inventory_turnover_ratio": 0.59,
            "account_receivable_turnover_ratio": 0.69,
            "reinvestment_rate": -18.33,
            "research_to_sale_ratio": 2.76,
            "price_fair": 28.96,
            "eps_avg_yearly": 0.83,
            "eps_latest_yearly": 1.16,
            "eps_growth_yearly": 206.42
        },
        "20174": {
            "year_quarter": 20174,
            "year": 2017,
            "quarter": 4,
            "eps": 0.21,
            "eps_growth_year": -12.62,
            "eps_4q": 0.85,
            "eps_4q_growth_year": 43.78,
            "roe": 0.99,
            "roe_4q": 4.15,
            "gross_profit": 148670,
            "gross_margin": 24.81,
            "gross_margin_4q_avg": 25.95,
            "net_income": 37967,
            "revenue": 599263,
            "common_shares": 1931511,
            "book_valuer_per_share": 20.83,
            "book_valuer_per_share_4q_avg": 20.47,
            "equity": 3854097,
            "current_ratio": 496.66,
            "debt_ratio": 18.6,
            "inventory_turnover_ratio": 0.59,
            "account_receivable_turnover_ratio": 0.81,
            "reinvestment_rate": -46.61,
            "research_to_sale_ratio": 2.38,
            "price_fair": 28.7,
            "eps_avg_yearly": 0.82,
            "eps_latest_yearly": 0.84,
            "eps_growth_yearly": 204.52
        },
        "20181": {
            "year_quarter": 20181,
            "year": 2018,
            "quarter": 1,
            "eps": 0.04,
            "eps_growth_year": -33.33,
            "eps_4q": 0.83,
            "eps_4q_growth_year": 37.82,
            "roe": 0.2,
            "roe_4q": 4.07,
            "gross_profit": 114868,
            "gross_margin": 19.71,
            "gross_margin_4q_avg": 24.31,
            "net_income": 7916,
            "revenue": 582809,
            "common_shares": 1931511,
            "book_valuer_per_share": 20.91,
            "book_valuer_per_share_4q_avg": 20.64,
            "equity": 3868894,
            "current_ratio": 478.08,
            "debt_ratio": 19.39,
            "inventory_turnover_ratio": 0.55,
            "account_receivable_turnover_ratio": 0.75,
            "reinvestment_rate": -63.59,
            "research_to_sale_ratio": 2.12,
            "price_fair": 25.64,
            "eps_avg_yearly": 0.73,
            "eps_latest_yearly": 0.16,
            "eps_growth_yearly": 168.66
        },
        "20182": {
            "year_quarter": 20182,
            "year": 2018,
            "quarter": 2,
            "eps": 0.39,
            "eps_growth_year": 30,
            "eps_4q": 0.93,
            "eps_4q_growth_year": 32.03,
            "roe": 1.87,
            "roe_4q": 4.48,
            "gross_profit": 136699,
            "gross_margin": 20.22,
            "gross_margin_4q_avg": 22.49,
            "net_income": 71580,
            "revenue": 675983,
            "common_shares": 1850081,
            "book_valuer_per_share": 20.38,
            "book_valuer_per_share_4q_avg": 20.68,
            "equity": 3771005,
            "current_ratio": 370.26,
            "debt_ratio": 26.08,
            "inventory_turnover_ratio": 0.53,
            "account_receivable_turnover_ratio": 0.79,
            "reinvestment_rate": -54.21,
            "research_to_sale_ratio": 2.05,
            "price_fair": 27.39,
            "eps_avg_yearly": 0.78,
            "eps_latest_yearly": 1.56,
            "eps_growth_yearly": 400.23
        },
        "20183": {
            "year_quarter": 20183,
            "year": 2018,
            "quarter": 3,
            "eps": 0.1,
            "eps_growth_year": -65.52,
            "eps_4q": 0.74,
            "eps_4q_growth_year": -16.1,
            "roe": 0.5,
            "roe_4q": 3.5600000000000005,
            "gross_profit": 155550,
            "gross_margin": 21.26,
            "gross_margin_4q_avg": 21.5,
            "net_income": 18807,
            "revenue": 731550,
            "common_shares": 1850081,
            "book_valuer_per_share": 20.23,
            "book_valuer_per_share_4q_avg": 20.59,
            "equity": 3742994,
            "current_ratio": 406.32,
            "debt_ratio": 24.32,
            "inventory_turnover_ratio": 0.49,
            "account_receivable_turnover_ratio": 0.8,
            "reinvestment_rate": -66,
            "research_to_sale_ratio": 2.05,
            "price_fair": 26.86,
            "eps_avg_yearly": 0.77,
            "eps_latest_yearly": 0.4,
            "eps_growth_yearly": 385.59
        },
        "20184": {
            "year_quarter": 20184,
            "year": 2018,
            "quarter": 4,
            "eps": 0.15,
            "eps_growth_year": -28.59,
            "eps_4q": 0.68,
            "eps_4q_growth_year": -20.08,
            "roe": 0.72,
            "roe_4q": 3.29,
            "gross_profit": 144265,
            "gross_margin": 21.51,
            "gross_margin_4q_avg": 20.68,
            "net_income": 27114,
            "revenue": 670702,
            "common_shares": 1850081,
            "book_valuer_per_share": 20.42,
            "book_valuer_per_share_4q_avg": 20.49,
            "equity": 3777783,
            "current_ratio": 515.78,
            "debt_ratio": 19.06,
            "inventory_turnover_ratio": 0.43,
            "account_receivable_turnover_ratio": 0.7,
            "reinvestment_rate": -81.49,
            "research_to_sale_ratio": 2.26,
            "price_fair": 25.46,
            "eps_avg_yearly": 0.73,
            "eps_latest_yearly": 0.6,
            "eps_growth_yearly": 374.65
        },
        "20191": {
            "year_quarter": 20191,
            "year": 2019,
            "quarter": 1,
            "eps": 0.15,
            "eps_growth_year": 275,
            "eps_4q": 0.78,
            "eps_4q_growth_year": -6.31,
            "roe": 0.71,
            "roe_4q": 3.8,
            "gross_profit": 101173,
            "gross_margin": 16.83,
            "gross_margin_4q_avg": 19.96,
            "net_income": 27194,
            "revenue": 601287,
            "common_shares": 1850081,
            "book_valuer_per_share": 20.76,
            "book_valuer_per_share_4q_avg": 20.45,
            "equity": 3839860,
            "current_ratio": 622.78,
            "debt_ratio": 16.95,
            "inventory_turnover_ratio": 0.42,
            "account_receivable_turnover_ratio": 0.59,
            "reinvestment_rate": -79.55,
            "research_to_sale_ratio": 2.06,
            "price_fair": 25.81,
            "eps_avg_yearly": 0.74,
            "eps_latest_yearly": 0.6,
            "eps_growth_yearly": 390.78
        },
        "20192": {
            "year_quarter": 20192,
            "year": 2019,
            "quarter": 2,
            "eps": 0.05,
            "eps_growth_year": -87.18,
            "eps_4q": 0.45,
            "eps_4q_growth_year": -51.76,
            "roe": 0.25,
            "roe_4q": 2.1799999999999997,
            "gross_profit": 88385,
            "gross_margin": 16,
            "gross_margin_4q_avg": 18.9,
            "net_income": 9475,
            "revenue": 552427,
            "common_shares": 1850081,
            "book_valuer_per_share": 20.19,
            "book_valuer_per_share_4q_avg": 20.4,
            "equity": 3734769,
            "current_ratio": 571.06,
            "debt_ratio": 17.86,
            "inventory_turnover_ratio": 0.42,
            "account_receivable_turnover_ratio": 0.56,
            "reinvestment_rate": -91.79,
            "research_to_sale_ratio": 2.74,
            "price_fair": 24.15,
            "eps_avg_yearly": 0.69,
            "eps_latest_yearly": 0.2,
            "eps_growth_yearly": 344.57
        },
        "20193": {
            "year_quarter": 20193,
            "year": 2019,
            "quarter": 3,
            "eps": 0.11,
            "eps_growth_year": 10,
            "eps_4q": 0.46,
            "eps_4q_growth_year": -37.95,
            "roe": 0.56,
            "roe_4q": 2.24,
            "gross_profit": 95128,
            "gross_margin": 18.26,
            "gross_margin_4q_avg": 18.15,
            "net_income": 20774,
            "revenue": 520993,
            "common_shares": 1850081,
            "book_valuer_per_share": 20.03,
            "book_valuer_per_share_4q_avg": 20.35,
            "equity": 3706447,
            "current_ratio": 661.67,
            "debt_ratio": 16.18,
            "inventory_turnover_ratio": 0.44,
            "account_receivable_turnover_ratio": 0.59,
            "reinvestment_rate": -100.95,
            "research_to_sale_ratio": 3.39,
            "price_fair": 22.05,
            "eps_avg_yearly": 0.63,
            "eps_latest_yearly": 0.44,
            "eps_growth_yearly": 363.11
        },
        "20194": {
            "year_quarter": 20194,
            "year": 2019,
            "quarter": 4,
            "eps": -0.15,
            "eps_growth_year": -202.25,
            "eps_4q": 0.16,
            "eps_4q_growth_year": -76.3,
            "roe": -0.75,
            "roe_4q": 0.77,
            "gross_profit": 67146,
            "gross_margin": 13.55,
            "gross_margin_4q_avg": 16.16,
            "net_income": -27724,
            "revenue": 495397,
            "common_shares": 1850081,
            "book_valuer_per_share": 19.68,
            "book_valuer_per_share_4q_avg": 20.17,
            "equity": 3641767,
            "current_ratio": 802.77,
            "debt_ratio": 16.76,
            "inventory_turnover_ratio": 0.5,
            "account_receivable_turnover_ratio": 0.57,
            "reinvestment_rate": -106.38,
            "research_to_sale_ratio": 3.1,
            "price_fair": 22.68,
            "eps_avg_yearly": 0.65,
            "eps_latest_yearly": 0.44,
            "eps_growth_yearly": 407.13
        },
        "20201": {
            "year_quarter": 20201,
            "year": 2020,
            "quarter": 1,
            "eps": -0.1,
            "eps_growth_year": -166.67,
            "eps_4q": -0.08,
            "eps_4q_growth_year": -110.81,
            "roe": -0.5,
            "roe_4q": -0.43999999999999995,
            "gross_profit": 28403,
            "gross_margin": 8.45,
            "gross_margin_4q_avg": 14.07,
            "net_income": -18140,
            "revenue": 336136,
            "common_shares": 1850081,
            "book_valuer_per_share": 19.48,
            "book_valuer_per_share_4q_avg": 19.85,
            "equity": 3598959,
            "current_ratio": 773.64,
            "debt_ratio": 17.1,
            "inventory_turnover_ratio": 0.37,
            "account_receivable_turnover_ratio": 0.41,
            "reinvestment_rate": -109.62,
            "research_to_sale_ratio": 4.02,
            "price_fair": 23.9,
            "eps_avg_yearly": 0.68,
            "eps_latest_yearly": 0.44,
            "eps_growth_yearly": 452.08
        },
        "20202": {
            "year_quarter": 20202,
            "year": 2020,
            "quarter": 2,
            "eps": -0.18,
            "eps_growth_year": -460,
            "eps_4q": -0.32,
            "eps_4q_growth_year": -172.12,
            "roe": -0.96,
            "roe_4q": -1.65,
            "gross_profit": 43167,
            "gross_margin": 12.36,
            "gross_margin_4q_avg": 13.16,
            "net_income": -34021,
            "revenue": 349233,
            "common_shares": 1850081,
            "book_valuer_per_share": 18.97,
            "book_valuer_per_share_4q_avg": 19.54,
            "equity": 3483920,
            "current_ratio": 607.04,
            "debt_ratio": 17.15,
            "inventory_turnover_ratio": 0.37,
            "account_receivable_turnover_ratio": 0.46,
            "reinvestment_rate": -127.73,
            "research_to_sale_ratio": 3.32,
            "price_fair": 23.58,
            "eps_avg_yearly": 0.67,
            "eps_latest_yearly": 0.44,
            "eps_growth_yearly": 363.78
        },
        "20203": {
            "year_quarter": 20203,
            "year": 2020,
            "quarter": 3,
            "eps": 0.01,
            "eps_growth_year": -90.91,
            "eps_4q": -0.42,
            "eps_4q_growth_year": -192.47,
            "roe": 0.07,
            "roe_4q": -2.1399999999999997,
            "gross_profit": 65511,
            "gross_margin": 14.53,
            "gross_margin_4q_avg": 12.22,
            "net_income": 2289,
            "revenue": 450856,
            "common_shares": 1836081,
            "book_valuer_per_share": 19.12,
            "book_valuer_per_share_4q_avg": 19.31,
            "equity": 3511010,
            "current_ratio": 623.74,
            "debt_ratio": 16.92,
            "inventory_turnover_ratio": 0.48,
            "account_receivable_turnover_ratio": 0.6,
            "reinvestment_rate": -140.58,
            "research_to_sale_ratio": 2.62,
            "price_fair": 24.27,
            "eps_avg_yearly": 0.69,
            "eps_latest_yearly": 0.44,
            "eps_growth_yearly": 409.09
        },
        "20204": {
            "year_quarter": 20204,
            "year": 2020,
            "quarter": 4,
            "eps": -0.03,
            "eps_growth_year": null,
            "eps_4q": -0.3,
            "eps_4q_growth_year": -286.78,
            "roe": -0.15,
            "roe_4q": -1.54,
            "gross_profit": 63803,
            "gross_margin": 13.47,
            "gross_margin_4q_avg": 12.2,
            "net_income": -5217,
            "revenue": 473702,
            "common_shares": 1836081,
            "book_valuer_per_share": 19.28,
            "book_valuer_per_share_4q_avg": 19.21,
            "equity": 3540095,
            "current_ratio": 481.77,
            "debt_ratio": 19.99,
            "inventory_turnover_ratio": 0.51,
            "account_receivable_turnover_ratio": 0.63,
            "reinvestment_rate": -170.45,
            "research_to_sale_ratio": 1.84,
            "price_fair": 23.55,
            "eps_avg_yearly": 0.67,
            "eps_latest_yearly": 0.44,
            "eps_growth_yearly": 406.61
        },
        "20211": {
            "year_quarter": 20211,
            "year": 2021,
            "quarter": 1,
            "eps": 0.08,
            "eps_growth_year": null,
            "eps_4q": -0.12,
            "eps_4q_growth_year": null,
            "roe": 0.43,
            "roe_4q": -0.6099999999999999,
            "gross_profit": 84155,
            "gross_margin": 13.48,
            "gross_margin_4q_avg": 13.46,
            "net_income": 15121,
            "revenue": 624196,
            "common_shares": 1836081,
            "book_valuer_per_share": 19.39,
            "book_valuer_per_share_4q_avg": 19.19,
            "equity": 3550316,
            "current_ratio": 382.03,
            "debt_ratio": 23.77,
            "inventory_turnover_ratio": 0.64,
            "account_receivable_turnover_ratio": 0.75,
            "reinvestment_rate": -161,
            "research_to_sale_ratio": 1.88,
            "price_fair": 25.06,
            "eps_avg_yearly": 0.72,
            "eps_latest_yearly": 0.44,
            "eps_growth_yearly": 476.84
        },
        "20212": {
            "year_quarter": 20212,
            "year": 2021,
            "quarter": 2,
            "eps": 0.4,
            "eps_growth_year": null,
            "eps_4q": 0.47,
            "eps_4q_growth_year": null,
            "roe": 2.07,
            "roe_4q": 2.42,
            "gross_profit": 153677,
            "gross_margin": 20.23,
            "gross_margin_4q_avg": 15.43,
            "net_income": 73813,
            "revenue": 759662,
            "common_shares": 1836081,
            "book_valuer_per_share": 19.72,
            "book_valuer_per_share_4q_avg": 19.38,
            "equity": 3591986,
            "current_ratio": 333.64,
            "debt_ratio": 26.84,
            "inventory_turnover_ratio": 0.65,
            "account_receivable_turnover_ratio": 0.8,
            "reinvestment_rate": -157,
            "research_to_sale_ratio": 1.3,
            "price_fair": 26.46,
            "eps_avg_yearly": 0.76,
            "eps_latest_yearly": 1.6,
            "eps_growth_yearly": 476.84
        },
        "20213": {
            "year_quarter": 20213,
            "year": 2021,
            "quarter": 3,
            "eps": 0.29,
            "eps_growth_year": 2800,
            "eps_4q": 0.76,
            "eps_4q_growth_year": null,
            "roe": 1.5,
            "roe_4q": 3.85,
            "gross_profit": 146192,
            "gross_margin": 19.75,
            "gross_margin_4q_avg": 16.73,
            "net_income": 53896,
            "revenue": 740324,
            "common_shares": 1836081,
            "book_valuer_per_share": 19.79,
            "book_valuer_per_share_4q_avg": 19.55,
            "equity": 3603732,
            "current_ratio": 333.77,
            "debt_ratio": 27.04,
            "inventory_turnover_ratio": 0.53,
            "account_receivable_turnover_ratio": 0.71,
            "reinvestment_rate": -157.23,
            "research_to_sale_ratio": 1.32,
            "price_fair": 26.46,
            "eps_avg_yearly": 0.76,
            "eps_latest_yearly": 1.16,
            "eps_growth_yearly": 467.17
        },
        "20214": {
            "year_quarter": 20214,
            "year": 2021,
            "quarter": 4,
            "eps": 0.16,
            "eps_growth_year": null,
            "eps_4q": 0.94,
            "eps_4q_growth_year": null,
            "roe": 0.79,
            "roe_4q": 4.789999999999999,
            "gross_profit": 146959,
            "gross_margin": 17.86,
            "gross_margin_4q_avg": 17.83,
            "net_income": 28625,
            "revenue": 822816,
            "common_shares": 1836081,
            "book_valuer_per_share": 20.03,
            "book_valuer_per_share_4q_avg": 19.73,
            "equity": 3647491,
            "current_ratio": 366.98,
            "debt_ratio": 25.3,
            "inventory_turnover_ratio": 0.55,
            "account_receivable_turnover_ratio": 0.79,
            "reinvestment_rate": -97.24,
            "research_to_sale_ratio": 1.5,
            "price_fair": 25.76,
            "eps_avg_yearly": 0.74,
            "eps_latest_yearly": 0.64,
            "eps_growth_yearly": 460.28
        },
        "20221": {
            "year_quarter": 20221,
            "year": 2022,
            "quarter": 1,
            "eps": 0.34,
            "eps_growth_year": 325,
            "eps_4q": 1.19,
            "eps_4q_growth_year": null,
            "roe": 1.65,
            "roe_4q": 6.01,
            "gross_profit": 134603,
            "gross_margin": 17.63,
            "gross_margin_4q_avg": 18.87,
            "net_income": 61137,
            "revenue": 763377,
            "common_shares": 1836081,
            "book_valuer_per_share": 20.72,
            "book_valuer_per_share_4q_avg": 20.07,
            "equity": 3773261,
            "current_ratio": 330.29,
            "debt_ratio": 27.87,
            "inventory_turnover_ratio": 0.49,
            "account_receivable_turnover_ratio": 0.69,
            "reinvestment_rate": -50.55,
            "research_to_sale_ratio": 1.31,
            "price_fair": 29.96,
            "eps_avg_yearly": 0.86,
            "eps_latest_yearly": 1.36,
            "eps_growth_yearly": 537.66
        },
        "20222": {
            "year_quarter": 20222,
            "year": 2022,
            "quarter": 2,
            "eps": 0.43,
            "eps_growth_year": 7.5,
            "eps_4q": 1.23,
            "eps_4q_growth_year": 159.51,
            "roe": 2.13,
            "roe_4q": 6.07,
            "gross_profit": 130583,
            "gross_margin": 18.81,
            "gross_margin_4q_avg": 18.51,
            "net_income": 79540,
            "revenue": 694321,
            "common_shares": 1836081,
            "book_valuer_per_share": 20.32,
            "book_valuer_per_share_4q_avg": 20.22,
            "equity": 3699896,
            "current_ratio": 312.21,
            "debt_ratio": 28.98,
            "inventory_turnover_ratio": 0.41,
            "account_receivable_turnover_ratio": 0.62,
            "reinvestment_rate": -47.2,
            "research_to_sale_ratio": 1.45,
            "price_fair": 30.52,
            "eps_avg_yearly": 0.87,
            "eps_latest_yearly": 1.72,
            "eps_growth_yearly": 198.25
        },
        "20223": {
            "year_quarter": 20223,
            "year": 2022,
            "quarter": 3,
            "eps": 0.36,
            "eps_growth_year": 24.14,
            "eps_4q": 1.29,
            "eps_4q_growth_year": 70.68,
            "roe": 1.75,
            "roe_4q": 6.319999999999999,
            "gross_profit": 107229,
            "gross_margin": 18.69,
            "gross_margin_4q_avg": 18.25,
            "net_income": 65572,
            "revenue": 573575,
            "common_shares": 1836081,
            "book_valuer_per_share": 20.8,
            "book_valuer_per_share_4q_avg": 20.47,
            "equity": 3787706,
            "current_ratio": 442.28,
            "debt_ratio": 22.16,
            "inventory_turnover_ratio": 0.34,
            "account_receivable_turnover_ratio": 0.59,
            "reinvestment_rate": -34.97,
            "research_to_sale_ratio": 2.06,
            "price_fair": 34.16,
            "eps_avg_yearly": 0.98,
            "eps_latest_yearly": 1.44,
            "eps_growth_yearly": 221.48
        },
        "20224": {
            "year_quarter": 20224,
            "year": 2022,
            "quarter": 4,
            "eps": -0.11,
            "eps_growth_year": -169.13,
            "eps_4q": 1.02,
            "eps_4q_growth_year": 8.75,
            "roe": -0.53,
            "roe_4q": 5,
            "gross_profit": 72140,
            "gross_margin": 16.4,
            "gross_margin_4q_avg": 17.88,
            "net_income": -19788,
            "revenue": 439783,
            "common_shares": 1836081,
            "book_valuer_per_share": 20.55,
            "book_valuer_per_share_4q_avg": 20.6,
            "equity": 3742282,
            "current_ratio": 503.89,
            "debt_ratio": 18.83,
            "inventory_turnover_ratio": 0.28,
            "account_receivable_turnover_ratio": 0.52,
            "reinvestment_rate": -47.69,
            "research_to_sale_ratio": 3.08,
            "price_fair": 35.62,
            "eps_avg_yearly": 1.02,
            "eps_latest_yearly": 1.44,
            "eps_growth_yearly": 223.87
        },
        "20231": {
            "year_quarter": 20231,
            "year": 2023,
            "quarter": 1,
            "eps": -0.14,
            "eps_growth_year": -141.18,
            "eps_4q": 0.55,
            "eps_4q_growth_year": -54.04,
            "roe": -0.68,
            "roe_4q": 2.67,
            "gross_profit": 57393,
            "gross_margin": 16.84,
            "gross_margin_4q_avg": 17.69,
            "net_income": -25372,
            "revenue": 340903,
            "common_shares": 1836081,
            "book_valuer_per_share": 20.42,
            "book_valuer_per_share_4q_avg": 20.52,
            "equity": 3718510,
            "current_ratio": 684.29,
            "debt_ratio": 15.21,
            "inventory_turnover_ratio": 0.23,
            "account_receivable_turnover_ratio": 0.49,
            "reinvestment_rate": -60.6,
            "research_to_sale_ratio": 2.87,
            "price_fair": 37.45,
            "eps_avg_yearly": 1.07,
            "eps_latest_yearly": 1.44,
            "eps_growth_yearly": 251.85
        }
    },
    "months": {
        "2001-06": {
            "month": "2001-06",
            "price": "35.96",
            "revenue": 213161
        },
        "2001-07": {
            "month": "2001-07",
            "price": "32.61",
            "revenue": 196389
        },
        "2001-08": {
            "month": "2001-08",
            "price": "30.04",
            "revenue": 160555
        },
        "2001-09": {
            "month": "2001-09",
            "price": "24.25",
            "revenue": 141862
        },
        "2001-10": {
            "month": "2001-10",
            "price": "21.00",
            "revenue": 111527
        },
        "2001-11": {
            "month": "2001-11",
            "price": "22.26",
            "revenue": 95705
        },
        "2001-12": {
            "month": "2001-12",
            "price": "24.67",
            "revenue": 93744
        },
        "2002-01": {
            "month": "2002-01",
            "price": "24.71",
            "revenue": 140952
        },
        "2002-02": {
            "month": "2002-02",
            "price": "26.13",
            "revenue": 136828
        },
        "2002-03": {
            "month": "2002-03",
            "price": "26.70",
            "revenue": 246301
        },
        "2002-04": {
            "month": "2002-04",
            "price": "29.60",
            "revenue": 252392
        },
        "2002-05": {
            "month": "2002-05",
            "price": "35.70",
            "revenue": 276909
        },
        "2002-06": {
            "month": "2002-06",
            "price": "37.33",
            "revenue": 265046
        },
        "2002-07": {
            "month": "2002-07",
            "price": "33.06",
            "revenue": 261809
        },
        "2002-08": {
            "month": "2002-08",
            "price": "31.69",
            "revenue": 231656
        },
        "2002-09": {
            "month": "2002-09",
            "price": "31.48",
            "revenue": 227912
        },
        "2002-10": {
            "month": "2002-10",
            "price": "31.00",
            "revenue": 273727
        },
        "2002-11": {
            "month": "2002-11",
            "price": "37.87",
            "revenue": 221166
        },
        "2002-12": {
            "month": "2002-12",
            "price": "38.28",
            "revenue": 166987
        },
        "2003-01": {
            "month": "2003-01",
            "price": "42.43",
            "revenue": 258574
        },
        "2003-02": {
            "month": "2003-02",
            "price": "44.62",
            "revenue": 188930
        },
        "2003-03": {
            "month": "2003-03",
            "price": "45.87",
            "revenue": 368018
        },
        "2003-04": {
            "month": "2003-04",
            "price": "50.23",
            "revenue": 311699
        },
        "2003-05": {
            "month": "2003-05",
            "price": "50.60",
            "revenue": 286023
        },
        "2003-06": {
            "month": "2003-06",
            "price": "52.68",
            "revenue": 235874
        },
        "2003-07": {
            "month": "2003-07",
            "price": "57.33",
            "revenue": 339672
        },
        "2003-08": {
            "month": "2003-08",
            "price": "61.07",
            "revenue": 282506
        },
        "2003-09": {
            "month": "2003-09",
            "price": "56.48",
            "revenue": 250960
        },
        "2003-10": {
            "month": "2003-10",
            "price": "53.12",
            "revenue": 257357
        },
        "2003-11": {
            "month": "2003-11",
            "price": "52.55",
            "revenue": 193032
        },
        "2003-12": {
            "month": "2003-12",
            "price": "49.88",
            "revenue": 202544
        },
        "2004-01": {
            "month": "2004-01",
            "price": "51.41",
            "revenue": 185270
        },
        "2004-02": {
            "month": "2004-02",
            "price": "57.78",
            "revenue": 258350
        },
        "2004-03": {
            "month": "2004-03",
            "price": "56.30",
            "revenue": 352752
        },
        "2004-04": {
            "month": "2004-04",
            "price": "54.04",
            "revenue": 355157
        },
        "2004-05": {
            "month": "2004-05",
            "price": "45.22",
            "revenue": 267102
        },
        "2004-06": {
            "month": "2004-06",
            "price": "45.31",
            "revenue": 273692
        },
        "2004-07": {
            "month": "2004-07",
            "price": "44.47",
            "revenue": 267796
        },
        "2004-08": {
            "month": "2004-08",
            "price": "42.66",
            "revenue": 246002
        },
        "2004-09": {
            "month": "2004-09",
            "price": "41.42",
            "revenue": 193653
        },
        "2004-10": {
            "month": "2004-10",
            "price": "34.57",
            "revenue": 192168
        },
        "2004-11": {
            "month": "2004-11",
            "price": "30.82",
            "revenue": 208049
        },
        "2004-12": {
            "month": "2004-12",
            "price": "30.21",
            "revenue": 268889
        },
        "2005-01": {
            "month": "2005-01",
            "price": "33.49",
            "revenue": 266265
        },
        "2005-02": {
            "month": "2005-02",
            "price": "35.53",
            "revenue": 212802
        },
        "2005-03": {
            "month": "2005-03",
            "price": "33.47",
            "revenue": 333770
        },
        "2005-04": {
            "month": "2005-04",
            "price": "31.18",
            "revenue": 310123
        },
        "2005-05": {
            "month": "2005-05",
            "price": "30.63",
            "revenue": 284056
        },
        "2005-06": {
            "month": "2005-06",
            "price": "30.72",
            "revenue": 368265
        },
        "2005-07": {
            "month": "2005-07",
            "price": "32.39",
            "revenue": 396255
        },
        "2005-08": {
            "month": "2005-08",
            "price": "33.60",
            "revenue": 329009
        },
        "2005-09": {
            "month": "2005-09",
            "price": "31.10",
            "revenue": 302166
        },
        "2005-10": {
            "month": "2005-10",
            "price": "31.04",
            "revenue": 195226
        },
        "2005-11": {
            "month": "2005-11",
            "price": "29.10",
            "revenue": 244400
        },
        "2005-12": {
            "month": "2005-12",
            "price": "29.73",
            "revenue": 244931
        },
        "2006-01": {
            "month": "2006-01",
            "price": "29.01",
            "revenue": 236963
        },
        "2006-02": {
            "month": "2006-02",
            "price": "28.54",
            "revenue": 240145
        },
        "2006-03": {
            "month": "2006-03",
            "price": "26.60",
            "revenue": 308364
        },
        "2006-04": {
            "month": "2006-04",
            "price": "26.57",
            "revenue": 238390
        },
        "2006-05": {
            "month": "2006-05",
            "price": "24.25",
            "revenue": 255642
        },
        "2006-06": {
            "month": "2006-06",
            "price": "21.50",
            "revenue": 238676
        },
        "2006-07": {
            "month": "2006-07",
            "price": "21.36",
            "revenue": 232599
        },
        "2006-08": {
            "month": "2006-08",
            "price": "20.73",
            "revenue": 270574
        },
        "2006-09": {
            "month": "2006-09",
            "price": "17.84",
            "revenue": 323042
        },
        "2006-10": {
            "month": "2006-10",
            "price": "22.49",
            "revenue": 330462
        },
        "2006-11": {
            "month": "2006-11",
            "price": "22.81",
            "revenue": 280094
        },
        "2006-12": {
            "month": "2006-12",
            "price": "23.23",
            "revenue": 271805
        },
        "2007-01": {
            "month": "2007-01",
            "price": "23.92",
            "revenue": 294795
        },
        "2007-02": {
            "month": "2007-02",
            "price": "23.86",
            "revenue": 205963
        },
        "2007-03": {
            "month": "2007-03",
            "price": "23.22",
            "revenue": 314938
        },
        "2007-04": {
            "month": "2007-04",
            "price": "23.94",
            "revenue": 271370
        },
        "2007-05": {
            "month": "2007-05",
            "price": "28.21",
            "revenue": 394341
        },
        "2007-06": {
            "month": "2007-06",
            "price": "31.80",
            "revenue": 505419
        },
        "2007-07": {
            "month": "2007-07",
            "price": "37.10",
            "revenue": 379882
        },
        "2007-08": {
            "month": "2007-08",
            "price": "34.97",
            "revenue": 360840
        },
        "2007-09": {
            "month": "2007-09",
            "price": "41.57",
            "revenue": 446964
        },
        "2007-10": {
            "month": "2007-10",
            "price": "42.60",
            "revenue": 360134
        },
        "2007-11": {
            "month": "2007-11",
            "price": "34.11",
            "revenue": 408295
        },
        "2007-12": {
            "month": "2007-12",
            "price": "27.77",
            "revenue": 422981
        },
        "2008-01": {
            "month": "2008-01",
            "price": "27.82",
            "revenue": 363994
        },
        "2008-02": {
            "month": "2008-02",
            "price": "28.60",
            "revenue": 240770
        },
        "2008-03": {
            "month": "2008-03",
            "price": "29.11",
            "revenue": 323735
        },
        "2008-04": {
            "month": "2008-04",
            "price": "28.39",
            "revenue": 260915
        },
        "2008-05": {
            "month": "2008-05",
            "price": "27.02",
            "revenue": 286654
        },
        "2008-06": {
            "month": "2008-06",
            "price": "24.46",
            "revenue": 226514
        },
        "2008-07": {
            "month": "2008-07",
            "price": "23.07",
            "revenue": 358588
        },
        "2008-08": {
            "month": "2008-08",
            "price": "20.33",
            "revenue": 232138
        },
        "2008-09": {
            "month": "2008-09",
            "price": "17.21",
            "revenue": 334121
        },
        "2008-10": {
            "month": "2008-10",
            "price": "15.00",
            "revenue": 190828
        },
        "2008-11": {
            "month": "2008-11",
            "price": "12.32",
            "revenue": 206453
        },
        "2008-12": {
            "month": "2008-12",
            "price": "11.07",
            "revenue": 220501
        },
        "2009-01": {
            "month": "2009-01",
            "price": "10.86",
            "revenue": 177389
        },
        "2009-02": {
            "month": "2009-02",
            "price": "10.84",
            "revenue": 192203
        },
        "2009-03": {
            "month": "2009-03",
            "price": "12.49",
            "revenue": 138608
        },
        "2009-04": {
            "month": "2009-04",
            "price": "14.09",
            "revenue": 123236
        },
        "2009-05": {
            "month": "2009-05",
            "price": "14.84",
            "revenue": 66372
        },
        "2009-06": {
            "month": "2009-06",
            "price": "13.76",
            "revenue": 82290
        },
        "2009-07": {
            "month": "2009-07",
            "price": "14.18",
            "revenue": 125019
        },
        "2009-08": {
            "month": "2009-08",
            "price": "14.46",
            "revenue": 157229
        },
        "2009-09": {
            "month": "2009-09",
            "price": "15.00",
            "revenue": 173736
        },
        "2009-10": {
            "month": "2009-10",
            "price": "15.92",
            "revenue": 155897
        },
        "2009-11": {
            "month": "2009-11",
            "price": "15.11",
            "revenue": 194229
        },
        "2009-12": {
            "month": "2009-12",
            "price": "16.73",
            "revenue": 204153
        },
        "2010-01": {
            "month": "2010-01",
            "price": "18.52",
            "revenue": 267590
        },
        "2010-02": {
            "month": "2010-02",
            "price": "17.54",
            "revenue": 196397
        },
        "2010-03": {
            "month": "2010-03",
            "price": "21.52",
            "revenue": 335524
        },
        "2010-04": {
            "month": "2010-04",
            "price": "23.91",
            "revenue": 360688
        },
        "2010-05": {
            "month": "2010-05",
            "price": "24.02",
            "revenue": 314945
        },
        "2010-06": {
            "month": "2010-06",
            "price": "24.19",
            "revenue": 323387
        },
        "2010-07": {
            "month": "2010-07",
            "price": "26.62",
            "revenue": 421088
        },
        "2010-08": {
            "month": "2010-08",
            "price": "30.72",
            "revenue": 321066
        },
        "2010-09": {
            "month": "2010-09",
            "price": "31.21",
            "revenue": 290232
        },
        "2010-10": {
            "month": "2010-10",
            "price": "28.30",
            "revenue": 262087
        },
        "2010-11": {
            "month": "2010-11",
            "price": "25.84",
            "revenue": 293544
        },
        "2010-12": {
            "month": "2010-12",
            "price": "27.37",
            "revenue": 246128
        },
        "2011-01": {
            "month": "2011-01",
            "price": "27.60",
            "revenue": 313015
        },
        "2011-02": {
            "month": "2011-02",
            "price": "27.58",
            "revenue": 257139
        },
        "2011-03": {
            "month": "2011-03",
            "price": "31.78",
            "revenue": 426946
        },
        "2011-04": {
            "month": "2011-04",
            "price": "36.40",
            "revenue": 385657
        },
        "2011-05": {
            "month": "2011-05",
            "price": "38.20",
            "revenue": 402636
        },
        "2011-06": {
            "month": "2011-06",
            "price": "36.33",
            "revenue": 340944
        },
        "2011-07": {
            "month": "2011-07",
            "price": "34.57",
            "revenue": 262037
        },
        "2011-08": {
            "month": "2011-08",
            "price": "25.66",
            "revenue": 266511
        },
        "2011-09": {
            "month": "2011-09",
            "price": "24.55",
            "revenue": 220469
        },
        "2011-10": {
            "month": "2011-10",
            "price": "22.59",
            "revenue": 201378
        },
        "2011-11": {
            "month": "2011-11",
            "price": "23.30",
            "revenue": 149301
        },
        "2011-12": {
            "month": "2011-12",
            "price": "20.35",
            "revenue": 165133
        },
        "2012-01": {
            "month": "2012-01",
            "price": "20.18",
            "revenue": 156542
        },
        "2012-02": {
            "month": "2012-02",
            "price": "23.26",
            "revenue": 142104
        },
        "2012-03": {
            "month": "2012-03",
            "price": "23.98",
            "revenue": 201086
        },
        "2012-04": {
            "month": "2012-04",
            "price": "22.28",
            "revenue": 180783
        },
        "2012-05": {
            "month": "2012-05",
            "price": "22.75",
            "revenue": 181632
        },
        "2012-06": {
            "month": "2012-06",
            "price": "21.75",
            "revenue": 185128
        },
        "2012-07": {
            "month": "2012-07",
            "price": "21.61",
            "revenue": 182533
        },
        "2012-08": {
            "month": "2012-08",
            "price": "22.20",
            "revenue": 190385
        },
        "2012-09": {
            "month": "2012-09",
            "price": "19.12",
            "revenue": 207458
        },
        "2012-10": {
            "month": "2012-10",
            "price": "17.71",
            "revenue": 167747
        },
        "2012-11": {
            "month": "2012-11",
            "price": "16.60",
            "revenue": 162883
        },
        "2012-12": {
            "month": "2012-12",
            "price": "17.52",
            "revenue": 144038
        },
        "2013-01": {
            "month": "2013-01",
            "price": "18.01",
            "revenue": 279711
        },
        "2013-02": {
            "month": "2013-02",
            "price": "18.14",
            "revenue": 171600
        },
        "2013-03": {
            "month": "2013-03",
            "price": "18.49",
            "revenue": 363075
        },
        "2013-04": {
            "month": "2013-04",
            "price": "21.16",
            "revenue": 309683
        },
        "2013-05": {
            "month": "2013-05",
            "price": "22.53",
            "revenue": 273064
        },
        "2013-06": {
            "month": "2013-06",
            "price": "21.67",
            "revenue": 277289
        },
        "2013-07": {
            "month": "2013-07",
            "price": "23.82",
            "revenue": 228582
        },
        "2013-08": {
            "month": "2013-08",
            "price": "23.64",
            "revenue": 268722
        },
        "2013-09": {
            "month": "2013-09",
            "price": "23.14",
            "revenue": 243170
        },
        "2013-10": {
            "month": "2013-10",
            "price": "24.69",
            "revenue": 158788
        },
        "2013-11": {
            "month": "2013-11",
            "price": "22.13",
            "revenue": 216431
        },
        "2013-12": {
            "month": "2013-12",
            "price": "22.65",
            "revenue": 229325
        },
        "2014-01": {
            "month": "2014-01",
            "price": "23.34",
            "revenue": 232289
        },
        "2014-02": {
            "month": "2014-02",
            "price": "22.86",
            "revenue": 211374
        },
        "2014-03": {
            "month": "2014-03",
            "price": "26.28",
            "revenue": 318248
        },
        "2014-04": {
            "month": "2014-04",
            "price": "28.31",
            "revenue": 265211
        },
        "2014-05": {
            "month": "2014-05",
            "price": "27.34",
            "revenue": 276203
        },
        "2014-06": {
            "month": "2014-06",
            "price": "26.22",
            "revenue": 185504
        },
        "2014-07": {
            "month": "2014-07",
            "price": "23.33",
            "revenue": 220708
        },
        "2014-08": {
            "month": "2014-08",
            "price": "21.54",
            "revenue": 181878
        },
        "2014-09": {
            "month": "2014-09",
            "price": "21.35",
            "revenue": 242277
        },
        "2014-10": {
            "month": "2014-10",
            "price": "20.75",
            "revenue": 214167
        },
        "2014-11": {
            "month": "2014-11",
            "price": "22.01",
            "revenue": 210471
        },
        "2014-12": {
            "month": "2014-12",
            "price": "23.76",
            "revenue": 219527
        },
        "2015-01": {
            "month": "2015-01",
            "price": "23.66",
            "revenue": 202893
        },
        "2015-02": {
            "month": "2015-02",
            "price": "23.29",
            "revenue": 194115
        },
        "2015-03": {
            "month": "2015-03",
            "price": "22.75",
            "revenue": 250224
        },
        "2015-04": {
            "month": "2015-04",
            "price": "21.29",
            "revenue": 262996
        },
        "2015-05": {
            "month": "2015-05",
            "price": "21.66",
            "revenue": 208280
        },
        "2015-06": {
            "month": "2015-06",
            "price": "20.08",
            "revenue": 190947
        },
        "2015-07": {
            "month": "2015-07",
            "price": "17.49",
            "revenue": 201000
        },
        "2015-08": {
            "month": "2015-08",
            "price": "17.11",
            "revenue": 239426
        },
        "2015-09": {
            "month": "2015-09",
            "price": "17.62",
            "revenue": 230493
        },
        "2015-10": {
            "month": "2015-10",
            "price": "17.88",
            "revenue": 195150
        },
        "2015-11": {
            "month": "2015-11",
            "price": "17.08",
            "revenue": 168596
        },
        "2015-12": {
            "month": "2015-12",
            "price": "16.81",
            "revenue": 194262
        },
        "2016-01": {
            "month": "2016-01",
            "price": "16.29",
            "revenue": 291535
        },
        "2016-02": {
            "month": "2016-02",
            "price": "17.02",
            "revenue": 89606
        },
        "2016-03": {
            "month": "2016-03",
            "price": "18.08",
            "revenue": 276819
        },
        "2016-04": {
            "month": "2016-04",
            "price": "17.31",
            "revenue": 146783
        },
        "2016-05": {
            "month": "2016-05",
            "price": "16.31",
            "revenue": 189423
        },
        "2016-06": {
            "month": "2016-06",
            "price": "16.32",
            "revenue": 206068
        },
        "2016-07": {
            "month": "2016-07",
            "price": "16.78",
            "revenue": 259980
        },
        "2016-08": {
            "month": "2016-08",
            "price": "16.85",
            "revenue": 227050
        },
        "2016-09": {
            "month": "2016-09",
            "price": "16.51",
            "revenue": 194543
        },
        "2016-10": {
            "month": "2016-10",
            "price": "16.34",
            "revenue": 147838
        },
        "2016-11": {
            "month": "2016-11",
            "price": "16.00",
            "revenue": 164888
        },
        "2016-12": {
            "month": "2016-12",
            "price": "15.87",
            "revenue": 182982
        },
        "2017-01": {
            "month": "2017-01",
            "price": "16.18",
            "revenue": 196573
        },
        "2017-02": {
            "month": "2017-02",
            "price": "16.48",
            "revenue": 154420
        },
        "2017-03": {
            "month": "2017-03",
            "price": "17.92",
            "revenue": 233626
        },
        "2017-04": {
            "month": "2017-04",
            "price": "18.25",
            "revenue": 176914
        },
        "2017-05": {
            "month": "2017-05",
            "price": "19.37",
            "revenue": 174355
        },
        "2017-06": {
            "month": "2017-06",
            "price": "20.28",
            "revenue": 180656
        },
        "2017-07": {
            "month": "2017-07",
            "price": "19.34",
            "revenue": 200425
        },
        "2017-08": {
            "month": "2017-08",
            "price": "21.16",
            "revenue": 156074
        },
        "2017-09": {
            "month": "2017-09",
            "price": "20.65",
            "revenue": 181210
        },
        "2017-10": {
            "month": "2017-10",
            "price": "19.96",
            "revenue": 146136
        },
        "2017-11": {
            "month": "2017-11",
            "price": "20.78",
            "revenue": 211146
        },
        "2017-12": {
            "month": "2017-12",
            "price": "22.62",
            "revenue": 241980
        },
        "2018-01": {
            "month": "2018-01",
            "price": "25.61",
            "revenue": 198562
        },
        "2018-02": {
            "month": "2018-02",
            "price": "23.11",
            "revenue": 114126
        },
        "2018-03": {
            "month": "2018-03",
            "price": "21.91",
            "revenue": 270121
        },
        "2018-04": {
            "month": "2018-04",
            "price": "21.81",
            "revenue": 216980
        },
        "2018-05": {
            "month": "2018-05",
            "price": "19.86",
            "revenue": 237256
        },
        "2018-06": {
            "month": "2018-06",
            "price": "19.70",
            "revenue": 221748
        },
        "2018-07": {
            "month": "2018-07",
            "price": "19.43",
            "revenue": 267113
        },
        "2018-08": {
            "month": "2018-08",
            "price": "19.42",
            "revenue": 248191
        },
        "2018-09": {
            "month": "2018-09",
            "price": "18.19",
            "revenue": 216247
        },
        "2018-10": {
            "month": "2018-10",
            "price": "16.74",
            "revenue": 195997
        },
        "2018-11": {
            "month": "2018-11",
            "price": "16.10",
            "revenue": 208924
        },
        "2018-12": {
            "month": "2018-12",
            "price": "16.01",
            "revenue": 265780
        },
        "2019-01": {
            "month": "2019-01",
            "price": "16.23",
            "revenue": 230758
        },
        "2019-02": {
            "month": "2019-02",
            "price": "16.54",
            "revenue": 145074
        },
        "2019-03": {
            "month": "2019-03",
            "price": "16.58",
            "revenue": 225456
        },
        "2019-04": {
            "month": "2019-04",
            "price": "16.70",
            "revenue": 215510
        },
        "2019-05": {
            "month": "2019-05",
            "price": "16.52",
            "revenue": 155313
        },
        "2019-06": {
            "month": "2019-06",
            "price": "16.10",
            "revenue": 181604
        },
        "2019-07": {
            "month": "2019-07",
            "price": "15.90",
            "revenue": 181608
        },
        "2019-08": {
            "month": "2019-08",
            "price": "15.49",
            "revenue": 179432
        },
        "2019-09": {
            "month": "2019-09",
            "price": "15.09",
            "revenue": 159952
        },
        "2019-10": {
            "month": "2019-10",
            "price": "15.18",
            "revenue": 112590
        },
        "2019-11": {
            "month": "2019-11",
            "price": "15.09",
            "revenue": 160273
        },
        "2019-12": {
            "month": "2019-12",
            "price": "15.14",
            "revenue": 222534
        },
        "2020-01": {
            "month": "2020-01",
            "price": "15.04",
            "revenue": 113241
        },
        "2020-02": {
            "month": "2020-02",
            "price": "14.46",
            "revenue": 66199
        },
        "2020-03": {
            "month": "2020-03",
            "price": "11.32",
            "revenue": 156697
        },
        "2020-04": {
            "month": "2020-04",
            "price": "11.69",
            "revenue": 145877
        },
        "2020-05": {
            "month": "2020-05",
            "price": "12.84",
            "revenue": 99468
        },
        "2020-06": {
            "month": "2020-06",
            "price": "12.35",
            "revenue": 103888
        },
        "2020-07": {
            "month": "2020-07",
            "price": "11.57",
            "revenue": 126347
        },
        "2020-08": {
            "month": "2020-08",
            "price": "10.74",
            "revenue": 142660
        },
        "2020-09": {
            "month": "2020-09",
            "price": "11.35",
            "revenue": 181850
        },
        "2020-10": {
            "month": "2020-10",
            "price": "11.40",
            "revenue": 131137
        },
        "2020-11": {
            "month": "2020-11",
            "price": "11.72",
            "revenue": 165833
        },
        "2020-12": {
            "month": "2020-12",
            "price": "13.19",
            "revenue": 176732
        },
        "2021-01": {
            "month": "2021-01",
            "price": "12.14",
            "revenue": 243146
        },
        "2021-02": {
            "month": "2021-02",
            "price": "12.35",
            "revenue": 115925
        },
        "2021-03": {
            "month": "2021-03",
            "price": "14.37",
            "revenue": 265125
        },
        "2021-04": {
            "month": "2021-04",
            "price": "16.49",
            "revenue": 260585
        },
        "2021-05": {
            "month": "2021-05",
            "price": "14.91",
            "revenue": 213474
        },
        "2021-06": {
            "month": "2021-06",
            "price": "14.63",
            "revenue": 285602
        },
        "2021-07": {
            "month": "2021-07",
            "price": "15.12",
            "revenue": 227863
        },
        "2021-08": {
            "month": "2021-08",
            "price": "15.28",
            "revenue": 273558
        },
        "2021-09": {
            "month": "2021-09",
            "price": "15.44",
            "revenue": 238904
        },
        "2021-10": {
            "month": "2021-10",
            "price": "14.62",
            "revenue": 197534
        },
        "2021-11": {
            "month": "2021-11",
            "price": "15.07",
            "revenue": 319081
        },
        "2021-12": {
            "month": "2021-12",
            "price": "15.65",
            "revenue": 306201
        },
        "2022-01": {
            "month": "2022-01",
            "price": "15.85",
            "revenue": 276087
        },
        "2022-02": {
            "month": "2022-02",
            "price": "15.41",
            "revenue": 180022
        },
        "2022-03": {
            "month": "2022-03",
            "price": "15.18",
            "revenue": 307268
        },
        "2022-04": {
            "month": "2022-04",
            "price": "15.08",
            "revenue": 207398
        },
        "2022-05": {
            "month": "2022-05",
            "price": "14.58",
            "revenue": 209055
        },
        "2022-06": {
            "month": "2022-06",
            "price": "14.60",
            "revenue": 277868
        },
        "2022-07": {
            "month": "2022-07",
            "price": "13.94",
            "revenue": 212566
        },
        "2022-08": {
            "month": "2022-08",
            "price": "14.56",
            "revenue": 193348
        },
        "2022-09": {
            "month": "2022-09",
            "price": "14.10",
            "revenue": 167661
        },
        "2022-10": {
            "month": "2022-10",
            "price": "13.32",
            "revenue": 87704
        },
        "2022-11": {
            "month": "2022-11",
            "price": "13.50",
            "revenue": 185303
        },
        "2022-12": {
            "month": "2022-12",
            "price": "14.00",
            "revenue": 166777
        },
        "2023-01": {
            "month": "2023-01",
            "price": "13.92",
            "revenue": 105694
        },
        "2023-02": {
            "month": "2023-02",
            "price": "14.18",
            "revenue": 126970
        },
        "2023-03": {
            "month": "2023-03",
            "price": "14.30",
            "revenue": 108239
        },
        "2023-04": {
            "month": "2023-04",
            "price": "14.47",
            "revenue": 147530
        },
        "2023-05": {
            "month": "2023-05",
            "price": "14.43",
            "revenue": 92972
        }
    }
}
