{
    "summary": {
        "stock_name": "勤美",
        "stock_id": "1532",
        "category": "電機機械",
        "main_business": "金屬成型事業：各種金屬件之製造加工與組裝銷售。<br>建設住宅事業：住宅及大樓之開發租售。<br>生活創新事業：經營零售百貨業務、國際觀光旅館業務等。",
        "website_url": "http://www.cmp.com.tw",
        "ceo": "林靖誼/麥聖偉",
        "pe_ratio": 17,
        "report_year_from": 2001,
        "report_year_to": 2023,
        "age": 23,
        "eps_negative_percentage": 0,
        "eps_growth_avg": {
            "last_all": 12.57,
            "last_2y": 17.14,
            "last_4y": -1.9,
            "last_8y": 16.06,
            "last_12y": 11.54,
            "last_16y": 4.37,
            "last_20y": 8.4,
            "at_2006_last_3y": 25.54,
            "at_2007_last_3y": 13.36,
            "at_2008_last_3y": -26.73,
            "at_2009_last_3y": 9.88,
            "at_2010_last_3y": -18.95,
            "at_2011_last_3y": -22.12,
            "at_2012_last_3y": 4.06,
            "at_2013_last_3y": 4.06,
            "at_2014_last_3y": 1.39,
            "at_2015_last_3y": 40.15,
            "at_2016_last_3y": 27.28,
            "at_2017_last_3y": -7.43,
            "at_2018_last_3y": 38.5,
            "at_2019_last_3y": -4.56,
            "at_2020_last_3y": 0.06,
            "at_2021_last_3y": 34.77,
            "at_2022_last_3y": 1.47,
            "at_2023_last_3y": 15.7,
            "at_2024_last_3y": 15.7,
            "at_2006_last_all": 40.43,
            "at_2007_last_all": 26.63,
            "at_2008_last_all": 14.2,
            "at_2009_last_all": 24.93,
            "at_2010_last_all": 14.04,
            "at_2011_last_all": 7.13,
            "at_2012_last_all": 10.51,
            "at_2013_last_all": 17.97,
            "at_2014_last_all": 10.15,
            "at_2015_last_all": 16.56,
            "at_2016_last_all": 14.98,
            "at_2017_last_all": 11.62,
            "at_2018_last_all": 16.82,
            "at_2019_last_all": 11.87,
            "at_2020_last_all": 11.84,
            "at_2021_last_all": 16.25,
            "at_2022_last_all": 13.89,
            "at_2023_last_all": 12.57,
            "at_2024_last_all": 12.57
        },
        "latest_eps": 2.26,
        "latest_price": 39.3,
        "latest_roe": 6.99,
        "latest_gross_margin": 23.77,
        "latest_equity": 17150355,
        "latest_revenue": 5449147,
        "latest_gross_profit": 1295222,
        "latest_net_income": 542133,
        "latest_debt_ratio": 67.57,
        "latest_current_ratio": 135.85,
        "latest_account_receivable_turnover_ratio": 1.5,
        "latest_inventory_turnover_ratio": 0.19,
        "latest_reinvestment_rate": 6.55,
        "latest_research_to_sale_ratio": 0.06
    },
    "eps_dividends": {
        "1996": {
            "cash": 0.5,
            "stock": 1,
            "eps": 0
        },
        "1997": {
            "cash": 0.5,
            "stock": 1,
            "eps": 0
        },
        "1998": {
            "cash": 0,
            "stock": 1.5,
            "eps": 0
        },
        "2001": {
            "cash": 0,
            "stock": 0,
            "eps": 1.18
        },
        "2002": {
            "cash": 0.7,
            "stock": 0.3,
            "eps": 2.37
        },
        "2003": {
            "cash": 0.92,
            "stock": 0.55,
            "eps": 2.52
        },
        "2004": {
            "cash": 0.78,
            "stock": 0.78,
            "eps": 5.17
        },
        "2005": {
            "cash": 2,
            "stock": 0.8,
            "eps": 2.77
        },
        "2006": {
            "cash": 1.4,
            "stock": 0.4,
            "eps": 3.94
        },
        "2007": {
            "cash": 1.3,
            "stock": 1.2,
            "eps": 2.27
        },
        "2008": {
            "cash": 0.65,
            "stock": 0.75,
            "eps": 0.9
        },
        "2009": {
            "cash": 0.2,
            "stock": 0.2,
            "eps": 10.24
        },
        "2010": {
            "cash": 2,
            "stock": 2.5,
            "eps": 2.76
        },
        "2011": {
            "cash": 1.6,
            "stock": 1.2000000000000002,
            "eps": 1.24
        },
        "2012": {
            "cash": 0,
            "stock": 0,
            "eps": 1.79
        },
        "2013": {
            "cash": 1,
            "stock": 0.2,
            "eps": 8.3
        },
        "2014": {
            "cash": 3,
            "stock": 0.2,
            "eps": 1.35
        },
        "2015": {
            "cash": 1.5,
            "stock": 0,
            "eps": 2.8
        },
        "2016": {
            "cash": 2.1,
            "stock": 0,
            "eps": 2.6
        },
        "2017": {
            "cash": 1.7,
            "stock": 0,
            "eps": 1.59
        },
        "2018": {
            "cash": 1.5,
            "stock": 0,
            "eps": 4.76
        },
        "2019": {
            "cash": 2.7,
            "stock": 0,
            "eps": 1.32
        },
        "2020": {
            "cash": 0.9,
            "stock": 0,
            "eps": 1.47
        },
        "2021": {
            "cash": 1.03,
            "stock": 0,
            "eps": 3.22
        },
        "2022": {
            "cash": 2.11,
            "stock": 0,
            "eps": 2.15
        },
        "2023": {
            "cash": 1.2,
            "stock": 0,
            "eps": 1.82
        }
    },
    "dividends": {
        "1996-06-08": {
            "cash": 0.5,
            "stock": 1
        },
        "1997-06-07": {
            "cash": 0.5,
            "stock": 1
        },
        "1998-06-12": {
            "cash": 0,
            "stock": 1.5
        },
        "2002-06-21": {
            "cash": 0.7,
            "stock": 0.3
        },
        "2003-04-17": {
            "cash": 0.92,
            "stock": 0.55
        },
        "2004-06-04": {
            "cash": 0.78,
            "stock": 0.78
        },
        "2005-06-10": {
            "cash": 2,
            "stock": 0.8
        },
        "2006-04-20": {
            "cash": 1.4,
            "stock": 0.4
        },
        "2007-04-20": {
            "cash": 1.3,
            "stock": 1.2
        },
        "2008-04-11": {
            "cash": 0.65,
            "stock": 0.75
        },
        "2009-04-28": {
            "cash": 0.2,
            "stock": 0.2
        },
        "2010-04-29": {
            "cash": 2,
            "stock": 2.5
        },
        "2011-01-01": {
            "cash": 0.4,
            "stock": 0.4
        },
        "2011-04-19": {
            "cash": 1.2,
            "stock": 0.8
        },
        "2013-03-29": {
            "cash": 1,
            "stock": 0.2
        },
        "2014-08-27": {
            "cash": 3,
            "stock": 0.2
        },
        "2015-07-31": {
            "cash": 1.5,
            "stock": 0
        },
        "2016-08-01": {
            "cash": 2.1,
            "stock": 0
        },
        "2017-08-04": {
            "cash": 1.7,
            "stock": 0
        },
        "2018-08-03": {
            "cash": 1.5,
            "stock": 0
        },
        "2019-08-02": {
            "cash": 2.7,
            "stock": 0
        },
        "2020-08-28": {
            "cash": 0.9,
            "stock": 0
        },
        "2021-08-06": {
            "cash": 1.03,
            "stock": 0
        },
        "2022-08-05": {
            "cash": 2.11,
            "stock": 0
        },
        "2023-07-17": {
            "cash": 1.2,
            "stock": 0
        }
    },
    "prices": {
        "200101": "17.16",
        "200102": "19.67",
        "200103": "22.24",
        "200104": "20.66",
        "200105": "20.12",
        "200106": "21.74",
        "200107": "17.30",
        "200108": "15.16",
        "200109": "14.17",
        "200110": "13.70",
        "200111": "13.83",
        "200112": "14.85",
        "200201": "18.21",
        "200202": "17.08",
        "200203": "17.21",
        "200204": "19.14",
        "200205": "22.28",
        "200206": "25.38",
        "200207": "26.77",
        "200208": "27.85",
        "200209": "25.20",
        "200210": "25.15",
        "200211": "28.53",
        "200212": "30.41",
        "200301": "31.51",
        "200302": "30.91",
        "200303": "32.17",
        "200304": "33.05",
        "200305": "28.26",
        "200306": "28.81",
        "200307": "28.84",
        "200308": "30.72",
        "200309": "28.82",
        "200310": "31.69",
        "200311": "32.04",
        "200312": "30.44",
        "200401": "31.89",
        "200402": "42.03",
        "200403": "51.26",
        "200404": "48.50",
        "200405": "38.59",
        "200406": "35.40",
        "200407": "36.29",
        "200408": "34.58",
        "200409": "39.33",
        "200410": "38.81",
        "200411": "37.23",
        "200412": "38.33",
        "200501": "35.74",
        "200502": "33.68",
        "200503": "32.06",
        "200504": "29.67",
        "200505": "27.60",
        "200506": "27.42",
        "200507": "26.83",
        "200508": "24.33",
        "200509": "20.34",
        "200510": "19.21",
        "200511": "19.72",
        "200512": "21.55",
        "200601": "26.55",
        "200602": "27.02",
        "200603": "26.93",
        "200604": "33.27",
        "200605": "45.37",
        "200606": "44.80",
        "200607": "44.69",
        "200608": "45.25",
        "200609": "51.96",
        "200610": "60.86",
        "200611": "71.39",
        "200612": "70.25",
        "200701": "62.45",
        "200702": "57.20",
        "200703": "57.27",
        "200704": "59.41",
        "200705": "56.28",
        "200706": "55.12",
        "200707": "63.68",
        "200708": "49.78",
        "200709": "47.26",
        "200710": "43.52",
        "200711": "41.12",
        "200712": "37.70",
        "200801": "44.86",
        "200802": "50.51",
        "200803": "56.52",
        "200804": "62.67",
        "200805": "60.50",
        "200806": "50.56",
        "200807": "42.98",
        "200808": "38.91",
        "200809": "28.32",
        "200810": "19.59",
        "200811": "18.33",
        "200812": "17.15",
        "200901": "17.18",
        "200902": "17.23",
        "200903": "21.68",
        "200904": "27.81",
        "200905": "33.84",
        "200906": "29.01",
        "200907": "30.11",
        "200908": "33.89",
        "200909": "36.30",
        "200910": "40.01",
        "200911": "42.06",
        "200912": "43.72",
        "201001": "45.94",
        "201002": "41.43",
        "201003": "43.95",
        "201004": "44.94",
        "201005": "41.47",
        "201006": "40.90",
        "201007": "41.59",
        "201008": "36.01",
        "201009": "32.49",
        "201010": "31.57",
        "201011": "32.23",
        "201012": "32.64",
        "201101": "32.98",
        "201102": "31.46",
        "201103": "29.85",
        "201104": "29.98",
        "201105": "29.70",
        "201106": "30.50",
        "201107": "30.79",
        "201108": "25.05",
        "201109": "23.49",
        "201110": "22.91",
        "201111": "22.35",
        "201112": "19.42",
        "201201": "19.19",
        "201202": "22.04",
        "201203": "21.48",
        "201204": "19.63",
        "201205": "18.77",
        "201206": "18.00",
        "201207": "17.78",
        "201208": "18.47",
        "201209": "24.59",
        "201210": "26.75",
        "201211": "26.86",
        "201212": "27.64",
        "201301": "28.99",
        "201302": "32.58",
        "201303": "38.06",
        "201304": "38.06",
        "201305": "41.84",
        "201306": "41.34",
        "201307": "41.64",
        "201308": "44.27",
        "201309": "41.94",
        "201310": "42.93",
        "201311": "44.05",
        "201312": "42.29",
        "201401": "38.26",
        "201402": "37.78",
        "201403": "37.99",
        "201404": "38.13",
        "201405": "34.85",
        "201406": "34.80",
        "201407": "35.42",
        "201408": "32.67",
        "201409": "31.59",
        "201410": "27.64",
        "201411": "23.77",
        "201412": "26.07",
        "201501": "31.99",
        "201502": "31.97",
        "201503": "31.32",
        "201504": "31.48",
        "201505": "30.04",
        "201506": "27.12",
        "201507": "28.02",
        "201508": "24.83",
        "201509": "26.87",
        "201510": "28.47",
        "201511": "27.45",
        "201512": "26.28",
        "201601": "24.75",
        "201602": "26.02",
        "201603": "27.23",
        "201604": "35.44",
        "201605": "36.59",
        "201606": "36.87",
        "201607": "35.48",
        "201608": "31.08",
        "201609": "30.99",
        "201610": "30.85",
        "201611": "31.30",
        "201612": "32.72",
        "201701": "31.32",
        "201702": "32.27",
        "201703": "32.26",
        "201704": "29.60",
        "201705": "28.84",
        "201706": "30.27",
        "201707": "30.85",
        "201708": "31.07",
        "201709": "30.56",
        "201710": "28.91",
        "201711": "27.47",
        "201712": "27.70",
        "201801": "28.94",
        "201802": "28.22",
        "201803": "28.61",
        "201804": "30.05",
        "201805": "30.91",
        "201806": "29.35",
        "201807": "28.93",
        "201808": "31.12",
        "201809": "30.96",
        "201810": "31.16",
        "201811": "30.82",
        "201812": "35.92",
        "201901": "38.32",
        "201902": "37.86",
        "201903": "38.96",
        "201904": "37.64",
        "201905": "35.77",
        "201906": "35.27",
        "201907": "34.52",
        "201908": "31.52",
        "201909": "30.86",
        "201910": "30.96",
        "201911": "31.36",
        "201912": "31.03",
        "202001": "30.38",
        "202002": "29.08",
        "202003": "25.13",
        "202004": "23.94",
        "202005": "26.74",
        "202006": "28.17",
        "202007": "27.35",
        "202008": "27.04",
        "202009": "30.43",
        "202010": "33.26",
        "202011": "33.45",
        "202012": "32.07",
        "202101": "31.17",
        "202102": "31.23",
        "202103": "31.79",
        "202104": "36.27",
        "202105": "33.99",
        "202106": "33.03",
        "202107": "32.87",
        "202108": "32.63",
        "202109": "33.63",
        "202110": "31.68",
        "202111": "32.21",
        "202112": "32.49",
        "202201": "33.28",
        "202202": "35.68",
        "202203": "34.41",
        "202204": "33.92",
        "202205": "31.86",
        "202206": "32.27",
        "202207": "29.96",
        "202208": "29.57",
        "202209": "29.46",
        "202210": "28.55",
        "202211": "27.98",
        "202212": "29.10",
        "202301": "29.36",
        "202302": "31.32",
        "202303": "34.70",
        "202304": "35.02",
        "202305": "34.44",
        "202306": "36.41",
        "202307": "36.69",
        "202308": "36.77",
        "202309": "36.38",
        "202310": "35.76",
        "202311": "37.14",
        "202312": "39.87"
    },
    "quarters": {
        "20011": {
            "year_quarter": 20011,
            "year": 2001,
            "quarter": 1,
            "eps": 0.53,
            "eps_growth_year": -36.14,
            "eps_4q": 1.54,
            "eps_4q_growth_year": -29,
            "roe": 2.69,
            "roe_4q": 2.69,
            "gross_profit": 30362,
            "gross_margin": 5.88,
            "gross_margin_4q_avg": 5.88,
            "net_income": 55611,
            "net_income_4q": null,
            "revenue": 516168,
            "revenue_4q": null,
            "common_shares": 1054777,
            "book_valuer_per_share": 17.15,
            "book_valuer_per_share_4q_avg": 17.15,
            "equity": 1809242,
            "current_ratio": 100.07,
            "debt_ratio": 32.38,
            "inventory_turnover_ratio": 1.57,
            "account_receivable_turnover_ratio": null,
            "reinvestment_rate": null,
            "research_to_sale_ratio": null,
            "price_fair": 0,
            "eps_avg_yearly": 0,
            "eps_latest_yearly": 0,
            "eps_growth_yearly": 0
        },
        "20012": {
            "year_quarter": 20012,
            "year": 2001,
            "quarter": 2,
            "eps": 0.33,
            "eps_growth_year": -64.13,
            "eps_4q": 0.97,
            "eps_4q_growth_year": -56.76,
            "roe": 1.99,
            "roe_4q": 4.68,
            "gross_profit": 26077,
            "gross_margin": 5.04,
            "gross_margin_4q_avg": 5.46,
            "net_income": 35365,
            "net_income_4q": null,
            "revenue": 517462,
            "revenue_4q": null,
            "common_shares": 1054777,
            "book_valuer_per_share": 16.55,
            "book_valuer_per_share_4q_avg": 16.85,
            "equity": 1745812,
            "current_ratio": 88.54,
            "debt_ratio": 34.79,
            "inventory_turnover_ratio": 3.01,
            "account_receivable_turnover_ratio": null,
            "reinvestment_rate": null,
            "research_to_sale_ratio": null,
            "price_fair": 0,
            "eps_avg_yearly": 0,
            "eps_latest_yearly": 0,
            "eps_growth_yearly": 0
        },
        "20013": {
            "year_quarter": 20013,
            "year": 2001,
            "quarter": 3,
            "eps": 0.01,
            "eps_growth_year": -97.06,
            "eps_4q": 0.62,
            "eps_4q_growth_year": -73.64,
            "roe": 0.08,
            "roe_4q": 4.76,
            "gross_profit": 19606,
            "gross_margin": 4.54,
            "gross_margin_4q_avg": 5.15,
            "net_income": 1342,
            "net_income_4q": null,
            "revenue": 432104,
            "revenue_4q": null,
            "common_shares": 1118549,
            "book_valuer_per_share": 15.63,
            "book_valuer_per_share_4q_avg": 16.44,
            "equity": 1747923,
            "current_ratio": 108.02,
            "debt_ratio": 34.37,
            "inventory_turnover_ratio": 2.58,
            "account_receivable_turnover_ratio": null,
            "reinvestment_rate": null,
            "research_to_sale_ratio": null,
            "price_fair": 0,
            "eps_avg_yearly": 0,
            "eps_latest_yearly": 0,
            "eps_growth_yearly": 0
        },
        "20014": {
            "year_quarter": 20014,
            "year": 2001,
            "quarter": 4,
            "eps": 0.31,
            "eps_growth_year": null,
            "eps_4q": 1.17,
            "eps_4q_growth_year": 4.6,
            "roe": 1.54,
            "roe_4q": 6.300000000000001,
            "gross_profit": 12048,
            "gross_margin": 3.56,
            "gross_margin_4q_avg": 4.76,
            "net_income": 33118,
            "net_income_4q": null,
            "revenue": 338799,
            "revenue_4q": null,
            "common_shares": 1118549,
            "book_valuer_per_share": 15.78,
            "book_valuer_per_share_4q_avg": 16.28,
            "equity": 2546292,
            "current_ratio": 120.46,
            "debt_ratio": 39.55,
            "inventory_turnover_ratio": 1.15,
            "account_receivable_turnover_ratio": null,
            "reinvestment_rate": null,
            "research_to_sale_ratio": null,
            "price_fair": 0,
            "eps_avg_yearly": 0,
            "eps_latest_yearly": 0,
            "eps_growth_yearly": 0
        },
        "20021": {
            "year_quarter": 20021,
            "year": 2002,
            "quarter": 1,
            "eps": 0.75,
            "eps_growth_year": 41.51,
            "eps_4q": 1.45,
            "eps_4q_growth_year": -5.42,
            "roe": 3.48,
            "roe_4q": 7.09,
            "gross_profit": 39573,
            "gross_margin": 9.57,
            "gross_margin_4q_avg": 5.68,
            "net_income": 74388,
            "net_income_4q": null,
            "revenue": 413310,
            "revenue_4q": null,
            "common_shares": 1118549,
            "book_valuer_per_share": 15.5,
            "book_valuer_per_share_4q_avg": 15.87,
            "equity": 1734090,
            "current_ratio": 92.97,
            "debt_ratio": 36.22,
            "inventory_turnover_ratio": 1.28,
            "account_receivable_turnover_ratio": null,
            "reinvestment_rate": null,
            "research_to_sale_ratio": null,
            "price_fair": 105,
            "eps_avg_yearly": 3,
            "eps_latest_yearly": 3,
            "eps_growth_yearly": 567.74
        },
        "20022": {
            "year_quarter": 20022,
            "year": 2002,
            "quarter": 2,
            "eps": 0.74,
            "eps_growth_year": 124.24,
            "eps_4q": 1.8,
            "eps_4q_growth_year": 84.72,
            "roe": 4.31,
            "roe_4q": 9.409999999999998,
            "gross_profit": 48914,
            "gross_margin": 10.65,
            "gross_margin_4q_avg": 7.08,
            "net_income": 75955,
            "net_income_4q": null,
            "revenue": 459196,
            "revenue_4q": null,
            "common_shares": 1118549,
            "book_valuer_per_share": 16.03,
            "book_valuer_per_share_4q_avg": 15.74,
            "equity": 1793532,
            "current_ratio": 101.62,
            "debt_ratio": 39.1,
            "inventory_turnover_ratio": 2.63,
            "account_receivable_turnover_ratio": null,
            "reinvestment_rate": null,
            "research_to_sale_ratio": null,
            "price_fair": 104.3,
            "eps_avg_yearly": 2.98,
            "eps_latest_yearly": 2.96,
            "eps_growth_yearly": 281.2
        },
        "20023": {
            "year_quarter": 20023,
            "year": 2002,
            "quarter": 3,
            "eps": 0.39,
            "eps_growth_year": 3800,
            "eps_4q": 2.17,
            "eps_4q_growth_year": 248.74,
            "roe": 2.18,
            "roe_4q": 11.510000000000002,
            "gross_profit": 64613,
            "gross_margin": 5.74,
            "gross_margin_4q_avg": 7.38,
            "net_income": 40185,
            "net_income_4q": null,
            "revenue": 1126603,
            "revenue_4q": null,
            "common_shares": 1152298,
            "book_valuer_per_share": 16.44,
            "book_valuer_per_share_4q_avg": 15.94,
            "equity": 1894022,
            "current_ratio": 134.41,
            "debt_ratio": 48.48,
            "inventory_turnover_ratio": 2.84,
            "account_receivable_turnover_ratio": null,
            "reinvestment_rate": null,
            "research_to_sale_ratio": null,
            "price_fair": 87.73,
            "eps_avg_yearly": 2.51,
            "eps_latest_yearly": 1.56,
            "eps_growth_yearly": 124.41
        },
        "20024": {
            "year_quarter": 20024,
            "year": 2002,
            "quarter": 4,
            "eps": 0.49,
            "eps_growth_year": 58.06,
            "eps_4q": 2.32,
            "eps_4q_growth_year": 97.82,
            "roe": 2.08,
            "roe_4q": 12.05,
            "gross_profit": 40396,
            "gross_margin": 3.83,
            "gross_margin_4q_avg": 7.45,
            "net_income": 50941,
            "net_income_4q": null,
            "revenue": 1055140,
            "revenue_4q": null,
            "common_shares": 1152298,
            "book_valuer_per_share": 17.48,
            "book_valuer_per_share_4q_avg": 16.36,
            "equity": 2995699,
            "current_ratio": 131.21,
            "debt_ratio": 47.38,
            "inventory_turnover_ratio": 1.35,
            "account_receivable_turnover_ratio": null,
            "reinvestment_rate": 208.87,
            "research_to_sale_ratio": null,
            "price_fair": 82.95,
            "eps_avg_yearly": 2.37,
            "eps_latest_yearly": 1.96,
            "eps_growth_yearly": 118.95
        },
        "20031": {
            "year_quarter": 20031,
            "year": 2003,
            "quarter": 1,
            "eps": 0.67,
            "eps_growth_year": -10.67,
            "eps_4q": 2.17,
            "eps_4q_growth_year": 49.55,
            "roe": 2.9,
            "roe_4q": 11.469999999999999,
            "gross_profit": 89983,
            "gross_margin": 9.66,
            "gross_margin_4q_avg": 7.47,
            "net_income": 74410,
            "net_income_4q": null,
            "revenue": 931289,
            "revenue_4q": null,
            "common_shares": 1152298,
            "book_valuer_per_share": 18.61,
            "book_valuer_per_share_4q_avg": 17.14,
            "equity": 2144118,
            "current_ratio": 136.69,
            "debt_ratio": 44.7,
            "inventory_turnover_ratio": 1.11,
            "account_receivable_turnover_ratio": null,
            "reinvestment_rate": -28.62,
            "research_to_sale_ratio": null,
            "price_fair": 85.12,
            "eps_avg_yearly": 2.43,
            "eps_latest_yearly": 2.68,
            "eps_growth_yearly": 124.54
        },
        "20032": {
            "year_quarter": 20032,
            "year": 2003,
            "quarter": 2,
            "eps": 0.58,
            "eps_growth_year": -21.62,
            "eps_4q": 2.06,
            "eps_4q_growth_year": 14.54,
            "roe": 2.95,
            "roe_4q": 10.11,
            "gross_profit": 57526,
            "gross_margin": 5.78,
            "gross_margin_4q_avg": 6.25,
            "net_income": 64773,
            "net_income_4q": null,
            "revenue": 996126,
            "revenue_4q": null,
            "common_shares": 1243804,
            "book_valuer_per_share": 18.01,
            "book_valuer_per_share_4q_avg": 17.64,
            "equity": 2240104,
            "current_ratio": 108.96,
            "debt_ratio": 48.26,
            "inventory_turnover_ratio": 1.24,
            "account_receivable_turnover_ratio": null,
            "reinvestment_rate": -29,
            "research_to_sale_ratio": null,
            "price_fair": 84.47,
            "eps_avg_yearly": 2.41,
            "eps_latest_yearly": 2.32,
            "eps_growth_yearly": 94.83
        },
        "20033": {
            "year_quarter": 20033,
            "year": 2003,
            "quarter": 3,
            "eps": 0.74,
            "eps_growth_year": 89.74,
            "eps_4q": 2.29,
            "eps_4q_growth_year": 5.56,
            "roe": 3.92,
            "roe_4q": 11.85,
            "gross_profit": 90019,
            "gross_margin": 5.35,
            "gross_margin_4q_avg": 6.16,
            "net_income": 90699,
            "net_income_4q": null,
            "revenue": 1683225,
            "revenue_4q": null,
            "common_shares": 1345446,
            "book_valuer_per_share": 17.71,
            "book_valuer_per_share_4q_avg": 17.95,
            "equity": 2382171,
            "current_ratio": 174.81,
            "debt_ratio": 44.25,
            "inventory_turnover_ratio": 1.89,
            "account_receivable_turnover_ratio": null,
            "reinvestment_rate": -27.19,
            "research_to_sale_ratio": null,
            "price_fair": 87.2,
            "eps_avg_yearly": 2.49,
            "eps_latest_yearly": 2.96,
            "eps_growth_yearly": 97.05
        },
        "20034": {
            "year_quarter": 20034,
            "year": 2003,
            "quarter": 4,
            "eps": 0.53,
            "eps_growth_year": 8.16,
            "eps_4q": 2.4,
            "eps_4q_growth_year": 3.53,
            "roe": 2.11,
            "roe_4q": 11.88,
            "gross_profit": 77466,
            "gross_margin": 5.74,
            "gross_margin_4q_avg": 6.63,
            "net_income": 64990,
            "net_income_4q": null,
            "revenue": 1348705,
            "revenue_4q": null,
            "common_shares": 1351304,
            "book_valuer_per_share": 18.37,
            "book_valuer_per_share_4q_avg": 18.18,
            "equity": 3771549,
            "current_ratio": 133.8,
            "debt_ratio": 53.84,
            "inventory_turnover_ratio": 0.97,
            "account_receivable_turnover_ratio": null,
            "reinvestment_rate": 183.17,
            "research_to_sale_ratio": null,
            "price_fair": 85.58,
            "eps_avg_yearly": 2.45,
            "eps_latest_yearly": 2.12,
            "eps_growth_yearly": 70.73
        },
        "20041": {
            "year_quarter": 20041,
            "year": 2004,
            "quarter": 1,
            "eps": 2.49,
            "eps_growth_year": 271.64,
            "eps_4q": 4.13,
            "eps_4q_growth_year": 90.16,
            "roe": 9.68,
            "roe_4q": 18.66,
            "gross_profit": 397976,
            "gross_margin": 18.51,
            "gross_margin_4q_avg": 8.85,
            "net_income": 333711,
            "net_income_4q": null,
            "revenue": 2149718,
            "revenue_4q": null,
            "common_shares": 1351304,
            "book_valuer_per_share": 23.09,
            "book_valuer_per_share_4q_avg": 19.3,
            "equity": 3120606,
            "current_ratio": 171.12,
            "debt_ratio": 39.11,
            "inventory_turnover_ratio": 1.08,
            "account_receivable_turnover_ratio": null,
            "reinvestment_rate": -19.71,
            "research_to_sale_ratio": null,
            "price_fair": 114.8,
            "eps_avg_yearly": 3.28,
            "eps_latest_yearly": 9.96,
            "eps_growth_yearly": 227.23
        },
        "20042": {
            "year_quarter": 20042,
            "year": 2004,
            "quarter": 2,
            "eps": 0.98,
            "eps_growth_year": 68.97,
            "eps_4q": 4.19,
            "eps_4q_growth_year": 103.09,
            "roe": 4.64,
            "roe_4q": 20.35,
            "gross_profit": 181953,
            "gross_margin": 9.89,
            "gross_margin_4q_avg": 9.87,
            "net_income": 149491,
            "net_income_4q": null,
            "revenue": 1840397,
            "revenue_4q": null,
            "common_shares": 1514969,
            "book_valuer_per_share": 21.93,
            "book_valuer_per_share_4q_avg": 20.28,
            "equity": 3321980,
            "current_ratio": 150.44,
            "debt_ratio": 48.5,
            "inventory_turnover_ratio": 0.89,
            "account_receivable_turnover_ratio": null,
            "reinvestment_rate": -18.55,
            "research_to_sale_ratio": null,
            "price_fair": 117.04,
            "eps_avg_yearly": 3.34,
            "eps_latest_yearly": 3.92,
            "eps_growth_yearly": 180.25
        },
        "20043": {
            "year_quarter": 20043,
            "year": 2004,
            "quarter": 3,
            "eps": 1.46,
            "eps_growth_year": 97.3,
            "eps_4q": 5,
            "eps_4q_growth_year": 118.38,
            "roe": 6.53,
            "roe_4q": 22.96,
            "gross_profit": 213297,
            "gross_margin": 10.34,
            "gross_margin_4q_avg": 11.12,
            "net_income": 225872,
            "net_income_4q": null,
            "revenue": 2063767,
            "revenue_4q": null,
            "common_shares": 1636418,
            "book_valuer_per_share": 21.96,
            "book_valuer_per_share_4q_avg": 21.34,
            "equity": 3593006,
            "current_ratio": 149.49,
            "debt_ratio": 43.73,
            "inventory_turnover_ratio": 0.86,
            "account_receivable_turnover_ratio": null,
            "reinvestment_rate": -15.75,
            "research_to_sale_ratio": null,
            "price_fair": 124.98,
            "eps_avg_yearly": 3.57,
            "eps_latest_yearly": 5.84,
            "eps_growth_yearly": 181.67
        },
        "20044": {
            "year_quarter": 20044,
            "year": 2004,
            "quarter": 4,
            "eps": 0.24,
            "eps_growth_year": -54.72,
            "eps_4q": 4.83,
            "eps_4q_growth_year": 101.02,
            "roe": 0.74,
            "roe_4q": 21.59,
            "gross_profit": 126161,
            "gross_margin": 6.55,
            "gross_margin_4q_avg": 11.32,
            "net_income": 37043,
            "net_income_4q": null,
            "revenue": 1925939,
            "revenue_4q": null,
            "common_shares": 1660720,
            "book_valuer_per_share": 23.11,
            "book_valuer_per_share_4q_avg": 22.52,
            "equity": 6380417,
            "current_ratio": 127.28,
            "debt_ratio": 63.02,
            "inventory_turnover_ratio": 0.37,
            "account_receivable_turnover_ratio": null,
            "reinvestment_rate": 118.35,
            "research_to_sale_ratio": null,
            "price_fair": 117.37,
            "eps_avg_yearly": 3.35,
            "eps_latest_yearly": 0.96,
            "eps_growth_yearly": 138.68
        },
        "20051": {
            "year_quarter": 20051,
            "year": 2005,
            "quarter": 1,
            "eps": 0.77,
            "eps_growth_year": -69.08,
            "eps_4q": 3.23,
            "eps_4q_growth_year": -21.87,
            "roe": 2.47,
            "roe_4q": 14.379999999999999,
            "gross_profit": 80770,
            "gross_margin": 5.06,
            "gross_margin_4q_avg": 7.96,
            "net_income": 129061,
            "net_income_4q": null,
            "revenue": 1596510,
            "revenue_4q": null,
            "common_shares": 1709804,
            "book_valuer_per_share": 23.84,
            "book_valuer_per_share_4q_avg": 22.71,
            "equity": 4076305,
            "current_ratio": 135.42,
            "debt_ratio": 43.22,
            "inventory_turnover_ratio": 0.3,
            "account_receivable_turnover_ratio": null,
            "reinvestment_rate": -11.2,
            "research_to_sale_ratio": null,
            "price_fair": 116.63,
            "eps_avg_yearly": 3.33,
            "eps_latest_yearly": 3.08,
            "eps_growth_yearly": 195.96
        },
        "20052": {
            "year_quarter": 20052,
            "year": 2005,
            "quarter": 2,
            "eps": 0.45,
            "eps_growth_year": -54.08,
            "eps_4q": 2.58,
            "eps_4q_growth_year": -38.33,
            "roe": 2.11,
            "roe_4q": 11.850000000000001,
            "gross_profit": 50907,
            "gross_margin": 3.81,
            "gross_margin_4q_avg": 6.44,
            "net_income": 82695,
            "net_income_4q": null,
            "revenue": 1335763,
            "revenue_4q": null,
            "common_shares": 1709804,
            "book_valuer_per_share": 21.95,
            "book_valuer_per_share_4q_avg": 22.72,
            "equity": 3752601,
            "current_ratio": 155.6,
            "debt_ratio": 45.94,
            "inventory_turnover_ratio": 0.56,
            "account_receivable_turnover_ratio": null,
            "reinvestment_rate": -9.87,
            "research_to_sale_ratio": null,
            "price_fair": 112.8,
            "eps_avg_yearly": 3.22,
            "eps_latest_yearly": 1.8,
            "eps_growth_yearly": 170.09
        },
        "20053": {
            "year_quarter": 20053,
            "year": 2005,
            "quarter": 3,
            "eps": 0.56,
            "eps_growth_year": -61.64,
            "eps_4q": 1.9,
            "eps_4q_growth_year": -62.03,
            "roe": 2.65,
            "roe_4q": 7.970000000000001,
            "gross_profit": -13349,
            "gross_margin": -0.92,
            "gross_margin_4q_avg": 3.63,
            "net_income": 104009,
            "net_income_4q": null,
            "revenue": 1449193,
            "revenue_4q": null,
            "common_shares": 1932015,
            "book_valuer_per_share": 21.14,
            "book_valuer_per_share_4q_avg": 22.51,
            "equity": 4084464,
            "current_ratio": 149.84,
            "debt_ratio": 46.85,
            "inventory_turnover_ratio": 0.77,
            "account_receivable_turnover_ratio": null,
            "reinvestment_rate": -0.24,
            "research_to_sale_ratio": null,
            "price_fair": 110.51,
            "eps_avg_yearly": 3.16,
            "eps_latest_yearly": 2.24,
            "eps_growth_yearly": 165.27
        },
        "20054": {
            "year_quarter": 20054,
            "year": 2005,
            "quarter": 4,
            "eps": 0.99,
            "eps_growth_year": 312.5,
            "eps_4q": 2.68,
            "eps_4q_growth_year": -44.58,
            "roe": 3.08,
            "roe_4q": 10.31,
            "gross_profit": -54903,
            "gross_margin": -3.73,
            "gross_margin_4q_avg": 1.06,
            "net_income": 185086,
            "net_income_4q": null,
            "revenue": 1472346,
            "revenue_4q": null,
            "common_shares": 1834518,
            "book_valuer_per_share": 22.86,
            "book_valuer_per_share_4q_avg": 22.45,
            "equity": 7915790,
            "current_ratio": 139.34,
            "debt_ratio": 54.89,
            "inventory_turnover_ratio": 0.35,
            "account_receivable_turnover_ratio": null,
            "reinvestment_rate": 154.3,
            "research_to_sale_ratio": null,
            "price_fair": 112.26,
            "eps_avg_yearly": 3.21,
            "eps_latest_yearly": 3.96,
            "eps_growth_yearly": 174.14
        },
        "20061": {
            "year_quarter": 20061,
            "year": 2006,
            "quarter": 1,
            "eps": 0.91,
            "eps_growth_year": 18.18,
            "eps_4q": 2.92,
            "eps_4q_growth_year": -9.49,
            "roe": 2.72,
            "roe_4q": 10.56,
            "gross_profit": 53050,
            "gross_margin": 3.24,
            "gross_margin_4q_avg": 0.6,
            "net_income": 168007,
            "net_income_4q": null,
            "revenue": 1635858,
            "revenue_4q": null,
            "common_shares": 1860492,
            "book_valuer_per_share": 23.81,
            "book_valuer_per_share_4q_avg": 22.44,
            "equity": 4428932,
            "current_ratio": 129.11,
            "debt_ratio": 36.55,
            "inventory_turnover_ratio": 0.39,
            "account_receivable_turnover_ratio": null,
            "reinvestment_rate": 7.77,
            "research_to_sale_ratio": null,
            "price_fair": 113.66,
            "eps_avg_yearly": 3.25,
            "eps_latest_yearly": 3.64,
            "eps_growth_yearly": 136.63
        },
        "20062": {
            "year_quarter": 20062,
            "year": 2006,
            "quarter": 2,
            "eps": 1.91,
            "eps_growth_year": 324.44,
            "eps_4q": 4.26,
            "eps_4q_growth_year": 65.07,
            "roe": 8.11,
            "roe_4q": 16.56,
            "gross_profit": 131384,
            "gross_margin": 7.53,
            "gross_margin_4q_avg": 1.53,
            "net_income": 370928,
            "net_income_4q": null,
            "revenue": 1744146,
            "revenue_4q": null,
            "common_shares": 1885860,
            "book_valuer_per_share": 25,
            "book_valuer_per_share_4q_avg": 23.2,
            "equity": 4713778,
            "current_ratio": 62.7,
            "debt_ratio": 54.62,
            "inventory_turnover_ratio": 1.31,
            "account_receivable_turnover_ratio": null,
            "reinvestment_rate": 3.12,
            "research_to_sale_ratio": null,
            "price_fair": 123.9,
            "eps_avg_yearly": 3.54,
            "eps_latest_yearly": 7.64,
            "eps_growth_yearly": 164.44
        },
        "20063": {
            "year_quarter": 20063,
            "year": 2006,
            "quarter": 3,
            "eps": 0.31,
            "eps_growth_year": -44.64,
            "eps_4q": 3.95,
            "eps_4q_growth_year": 107.72,
            "roe": 1.29,
            "roe_4q": 15.2,
            "gross_profit": 143026,
            "gross_margin": 10.35,
            "gross_margin_4q_avg": 4.35,
            "net_income": 61733,
            "net_income_4q": null,
            "revenue": 1381409,
            "revenue_4q": null,
            "common_shares": 2066554,
            "book_valuer_per_share": 23.47,
            "book_valuer_per_share_4q_avg": 23.79,
            "equity": 4850927,
            "current_ratio": 53.52,
            "debt_ratio": 57.25,
            "inventory_turnover_ratio": 0.87,
            "account_receivable_turnover_ratio": null,
            "reinvestment_rate": 4.08,
            "research_to_sale_ratio": null,
            "price_fair": 123.2,
            "eps_avg_yearly": 3.52,
            "eps_latest_yearly": 1.24,
            "eps_growth_yearly": 155.32
        },
        "20064": {
            "year_quarter": 20064,
            "year": 2006,
            "quarter": 4,
            "eps": 0.81,
            "eps_growth_year": -18.18,
            "eps_4q": 3.81,
            "eps_4q_growth_year": 42.4,
            "roe": 2.27,
            "roe_4q": 14.39,
            "gross_profit": 126907,
            "gross_margin": 9.56,
            "gross_margin_4q_avg": 7.67,
            "net_income": 161915,
            "net_income_4q": null,
            "revenue": 1327165,
            "revenue_4q": null,
            "common_shares": 2106059,
            "book_valuer_per_share": 24.32,
            "book_valuer_per_share_4q_avg": 24.15,
            "equity": 9400005,
            "current_ratio": 112.58,
            "debt_ratio": 67.95,
            "inventory_turnover_ratio": 0.24,
            "account_receivable_turnover_ratio": null,
            "reinvestment_rate": 272.16,
            "research_to_sale_ratio": null,
            "price_fair": 126,
            "eps_avg_yearly": 3.6,
            "eps_latest_yearly": 3.24,
            "eps_growth_yearly": 189.23
        },
        "20071": {
            "year_quarter": 20071,
            "year": 2007,
            "quarter": 1,
            "eps": 0.88,
            "eps_growth_year": -3.3,
            "eps_4q": 3.74,
            "eps_4q_growth_year": 27.94,
            "roe": 2.49,
            "roe_4q": 14.16,
            "gross_profit": 90449,
            "gross_margin": 6.07,
            "gross_margin_4q_avg": 8.38,
            "net_income": 182895,
            "net_income_4q": null,
            "revenue": 1490999,
            "revenue_4q": null,
            "common_shares": 2107770,
            "book_valuer_per_share": 25.18,
            "book_valuer_per_share_4q_avg": 24.49,
            "equity": 5308172,
            "current_ratio": 95.33,
            "debt_ratio": 60.45,
            "inventory_turnover_ratio": 0.28,
            "account_receivable_turnover_ratio": null,
            "reinvestment_rate": 7.43,
            "research_to_sale_ratio": null,
            "price_fair": 127.84,
            "eps_avg_yearly": 3.65,
            "eps_latest_yearly": 3.52,
            "eps_growth_yearly": 182.21
        },
        "20072": {
            "year_quarter": 20072,
            "year": 2007,
            "quarter": 2,
            "eps": 0.3,
            "eps_growth_year": -84.29,
            "eps_4q": 2.25,
            "eps_4q_growth_year": -47.31,
            "roe": 1.2,
            "roe_4q": 7.250000000000001,
            "gross_profit": 99434,
            "gross_margin": 6.53,
            "gross_margin_4q_avg": 8.13,
            "net_income": 62654,
            "net_income_4q": null,
            "revenue": 1522335,
            "revenue_4q": null,
            "common_shares": 2111869,
            "book_valuer_per_share": 24.2,
            "book_valuer_per_share_4q_avg": 24.29,
            "equity": 5110320,
            "current_ratio": 100.55,
            "debt_ratio": 54.68,
            "inventory_turnover_ratio": 1.32,
            "account_receivable_turnover_ratio": null,
            "reinvestment_rate": 7.69,
            "research_to_sale_ratio": null,
            "price_fair": 125.39,
            "eps_avg_yearly": 3.58,
            "eps_latest_yearly": 1.2,
            "eps_growth_yearly": 169.09
        },
        "20073": {
            "year_quarter": 20073,
            "year": 2007,
            "quarter": 3,
            "eps": 0.66,
            "eps_growth_year": 112.9,
            "eps_4q": 2.39,
            "eps_4q_growth_year": -39.34,
            "roe": 2.94,
            "roe_4q": 8.9,
            "gross_profit": 52510,
            "gross_margin": 4.07,
            "gross_margin_4q_avg": 6.56,
            "net_income": 155145,
            "net_income_4q": null,
            "revenue": 1290295,
            "revenue_4q": null,
            "common_shares": 2372011,
            "book_valuer_per_share": 22.95,
            "book_valuer_per_share_4q_avg": 24.16,
            "equity": 5443887,
            "current_ratio": 108.75,
            "debt_ratio": 53.94,
            "inventory_turnover_ratio": 1.49,
            "account_receivable_turnover_ratio": null,
            "reinvestment_rate": 7.69,
            "research_to_sale_ratio": null,
            "price_fair": 124.69,
            "eps_avg_yearly": 3.56,
            "eps_latest_yearly": 2.64,
            "eps_growth_yearly": 192.19
        },
        "20074": {
            "year_quarter": 20074,
            "year": 2007,
            "quarter": 4,
            "eps": 0.43,
            "eps_growth_year": -46.91,
            "eps_4q": 2.14,
            "eps_4q_growth_year": -43.88,
            "roe": 1.21,
            "roe_4q": 7.840000000000001,
            "gross_profit": 87749,
            "gross_margin": 4.59,
            "gross_margin_4q_avg": 5.32,
            "net_income": 100695,
            "net_income_4q": null,
            "revenue": 1911740,
            "revenue_4q": null,
            "common_shares": 2412667,
            "book_valuer_per_share": 23.96,
            "book_valuer_per_share_4q_avg": 24.07,
            "equity": 11200180,
            "current_ratio": 128.17,
            "debt_ratio": 65.41,
            "inventory_turnover_ratio": 0.35,
            "account_receivable_turnover_ratio": null,
            "reinvestment_rate": 293.47,
            "research_to_sale_ratio": null,
            "price_fair": 123.81,
            "eps_avg_yearly": 3.54,
            "eps_latest_yearly": 1.72,
            "eps_growth_yearly": 190.58
        },
        "20081": {
            "year_quarter": 20081,
            "year": 2008,
            "quarter": 1,
            "eps": 0.71,
            "eps_growth_year": -19.32,
            "eps_4q": 0.9,
            "eps_4q_growth_year": -75.92,
            "roe": 3.42,
            "roe_4q": 8.77,
            "gross_profit": 822052,
            "gross_margin": 18.15,
            "gross_margin_4q_avg": 8.34,
            "net_income": 385888,
            "net_income_4q": null,
            "revenue": 4529604,
            "revenue_4q": null,
            "common_shares": 2442213,
            "book_valuer_per_share": 24.13,
            "book_valuer_per_share_4q_avg": 23.81,
            "equity": 11379066,
            "current_ratio": 125.7,
            "debt_ratio": 67.52,
            "inventory_turnover_ratio": 0.39,
            "account_receivable_turnover_ratio": null,
            "reinvestment_rate": 392.99,
            "research_to_sale_ratio": null,
            "price_fair": 108.24,
            "eps_avg_yearly": 3.09,
            "eps_latest_yearly": 2.84,
            "eps_growth_yearly": 114.4
        },
        "20082": {
            "year_quarter": 20082,
            "year": 2008,
            "quarter": 2,
            "eps": 1.25,
            "eps_growth_year": 316.67,
            "eps_4q": 1.48,
            "eps_4q_growth_year": -34.23,
            "roe": 5.28,
            "roe_4q": 12.85,
            "gross_profit": 1321605,
            "gross_margin": 22.37,
            "gross_margin_4q_avg": 12.3,
            "net_income": 616825,
            "net_income_4q": null,
            "revenue": 5908753,
            "revenue_4q": null,
            "common_shares": 2442465,
            "book_valuer_per_share": 25.64,
            "book_valuer_per_share_4q_avg": 24.17,
            "equity": 11984778,
            "current_ratio": 128.46,
            "debt_ratio": 66.52,
            "inventory_turnover_ratio": 0.47,
            "account_receivable_turnover_ratio": null,
            "reinvestment_rate": 354.08,
            "research_to_sale_ratio": null,
            "price_fair": 110.6,
            "eps_avg_yearly": 3.16,
            "eps_latest_yearly": 5,
            "eps_growth_yearly": 148.58
        },
        "20083": {
            "year_quarter": 20083,
            "year": 2008,
            "quarter": 3,
            "eps": -0.1,
            "eps_growth_year": -115.15,
            "eps_4q": 1.94,
            "eps_4q_growth_year": -18.9,
            "roe": 1.21,
            "roe_4q": 11.120000000000001,
            "gross_profit": 514200,
            "gross_margin": 12.71,
            "gross_margin_4q_avg": 14.46,
            "net_income": 151341,
            "net_income_4q": null,
            "revenue": 4047154,
            "revenue_4q": null,
            "common_shares": 2814722,
            "book_valuer_per_share": 24.37,
            "book_valuer_per_share_4q_avg": 24.53,
            "equity": 13013316,
            "current_ratio": 136.8,
            "debt_ratio": 64.22,
            "inventory_turnover_ratio": 0.35,
            "account_receivable_turnover_ratio": null,
            "reinvestment_rate": 361.74,
            "research_to_sale_ratio": null,
            "price_fair": 104.35,
            "eps_avg_yearly": 2.98,
            "eps_latest_yearly": 5,
            "eps_growth_yearly": 145.42
        },
        "20084": {
            "year_quarter": 20084,
            "year": 2008,
            "quarter": 4,
            "eps": -0.96,
            "eps_growth_year": -323.26,
            "eps_4q": 0.12,
            "eps_4q_growth_year": -94.51,
            "roe": -0.08,
            "roe_4q": 9.83,
            "gross_profit": 506832,
            "gross_margin": 14.02,
            "gross_margin_4q_avg": 16.81,
            "net_income": -9997,
            "net_income_4q": null,
            "revenue": 3614846,
            "revenue_4q": null,
            "common_shares": 2714722,
            "book_valuer_per_share": 23.75,
            "book_valuer_per_share_4q_avg": 24.47,
            "equity": 12843193,
            "current_ratio": 90.44,
            "debt_ratio": 64.02,
            "inventory_turnover_ratio": 0.31,
            "account_receivable_turnover_ratio": 3.33,
            "reinvestment_rate": 325.26,
            "research_to_sale_ratio": null,
            "price_fair": 109.4,
            "eps_avg_yearly": 3.13,
            "eps_latest_yearly": 5,
            "eps_growth_yearly": 179.68
        },
        "20091": {
            "year_quarter": 20091,
            "year": 2009,
            "quarter": 1,
            "eps": 0.55,
            "eps_growth_year": -22.54,
            "eps_4q": 0.25,
            "eps_4q_growth_year": -71.82,
            "roe": 2.75,
            "roe_4q": 9.16,
            "gross_profit": 630240,
            "gross_margin": 19.74,
            "gross_margin_4q_avg": 17.21,
            "net_income": 360719,
            "net_income_4q": null,
            "revenue": 3192834,
            "revenue_4q": null,
            "common_shares": 2714722,
            "book_valuer_per_share": 24.58,
            "book_valuer_per_share_4q_avg": 24.59,
            "equity": 13375426,
            "current_ratio": 89.84,
            "debt_ratio": 63.27,
            "inventory_turnover_ratio": 0.25,
            "account_receivable_turnover_ratio": 1.49,
            "reinvestment_rate": 398.6,
            "research_to_sale_ratio": null,
            "price_fair": 109.52,
            "eps_avg_yearly": 3.13,
            "eps_latest_yearly": 5,
            "eps_growth_yearly": 125.56
        },
        "20092": {
            "year_quarter": 20092,
            "year": 2009,
            "quarter": 2,
            "eps": -1.1,
            "eps_growth_year": -188,
            "eps_4q": -1.6,
            "eps_4q_growth_year": -208.23,
            "roe": -1.53,
            "roe_4q": 2.3499999999999996,
            "gross_profit": 593986,
            "gross_margin": 18.6,
            "gross_margin_4q_avg": 16.27,
            "net_income": -200010,
            "net_income_4q": null,
            "revenue": 3193173,
            "revenue_4q": null,
            "common_shares": 2714722,
            "book_valuer_per_share": 23.11,
            "book_valuer_per_share_4q_avg": 23.95,
            "equity": 12839250,
            "current_ratio": 91.7,
            "debt_ratio": 63.73,
            "inventory_turnover_ratio": 0.25,
            "account_receivable_turnover_ratio": 1.6,
            "reinvestment_rate": 631.27,
            "research_to_sale_ratio": null,
            "price_fair": 113.4,
            "eps_avg_yearly": 3.24,
            "eps_latest_yearly": 5,
            "eps_growth_yearly": 149.87
        },
        "20093": {
            "year_quarter": 20093,
            "year": 2009,
            "quarter": 3,
            "eps": 11.14,
            "eps_growth_year": null,
            "eps_4q": 6.84,
            "eps_4q_growth_year": 252.38,
            "roe": 28.83,
            "roe_4q": 29.97,
            "gross_profit": 666877,
            "gross_margin": 20.28,
            "gross_margin_4q_avg": 18.16,
            "net_income": 4261656,
            "net_income_4q": null,
            "revenue": 3288659,
            "revenue_4q": null,
            "common_shares": 2714722,
            "book_valuer_per_share": 34,
            "book_valuer_per_share_4q_avg": 26.36,
            "equity": 16727882,
            "current_ratio": 162.04,
            "debt_ratio": 47.4,
            "inventory_turnover_ratio": 0.24,
            "account_receivable_turnover_ratio": 1.63,
            "reinvestment_rate": 158.98,
            "research_to_sale_ratio": null,
            "price_fair": 116.58,
            "eps_avg_yearly": 3.33,
            "eps_latest_yearly": 5,
            "eps_growth_yearly": 154.61
        },
        "20094": {
            "year_quarter": 20094,
            "year": 2009,
            "quarter": 4,
            "eps": -0.35,
            "eps_growth_year": null,
            "eps_4q": 10.02,
            "eps_4q_growth_year": 8424.86,
            "roe": 3.74,
            "roe_4q": 33.79,
            "gross_profit": 1565743,
            "gross_margin": 28.55,
            "gross_margin_4q_avg": 21.79,
            "net_income": 622639,
            "net_income_4q": null,
            "revenue": 5484346,
            "revenue_4q": null,
            "common_shares": 2769017,
            "book_valuer_per_share": 32.53,
            "book_valuer_per_share_4q_avg": 28.56,
            "equity": 16569351,
            "current_ratio": 194.43,
            "debt_ratio": 48.46,
            "inventory_turnover_ratio": 0.35,
            "account_receivable_turnover_ratio": 4.59,
            "reinvestment_rate": 127,
            "research_to_sale_ratio": null,
            "price_fair": 114.38,
            "eps_avg_yearly": 3.27,
            "eps_latest_yearly": 5,
            "eps_growth_yearly": 139.35
        },
        "20101": {
            "year_quarter": 20101,
            "year": 2010,
            "quarter": 1,
            "eps": 0.55,
            "eps_growth_year": 0,
            "eps_4q": 10.03,
            "eps_4q_growth_year": 3852.16,
            "roe": 1.91,
            "roe_4q": 32.949999999999996,
            "gross_profit": 666010,
            "gross_margin": 19.32,
            "gross_margin_4q_avg": 21.69,
            "net_income": 310041,
            "net_income_4q": null,
            "revenue": 3448019,
            "revenue_4q": null,
            "common_shares": 2769017,
            "book_valuer_per_share": 33.02,
            "book_valuer_per_share_4q_avg": 30.67,
            "equity": 15974815,
            "current_ratio": 178.91,
            "debt_ratio": 51.97,
            "inventory_turnover_ratio": 0.22,
            "account_receivable_turnover_ratio": 1.34,
            "reinvestment_rate": 214.12,
            "research_to_sale_ratio": null,
            "price_fair": 112.93,
            "eps_avg_yearly": 3.23,
            "eps_latest_yearly": 5,
            "eps_growth_yearly": 158.43
        },
        "20102": {
            "year_quarter": 20102,
            "year": 2010,
            "quarter": 2,
            "eps": -0.09,
            "eps_growth_year": null,
            "eps_4q": 8.8,
            "eps_4q_growth_year": null,
            "roe": 0.42,
            "roe_4q": 34.9,
            "gross_profit": 713282,
            "gross_margin": 19.95,
            "gross_margin_4q_avg": 22.03,
            "net_income": 64435,
            "net_income_4q": null,
            "revenue": 3575246,
            "revenue_4q": null,
            "common_shares": 2769017,
            "book_valuer_per_share": 31.5,
            "book_valuer_per_share_4q_avg": 32.76,
            "equity": 14671572,
            "current_ratio": 143.27,
            "debt_ratio": 58.46,
            "inventory_turnover_ratio": 0.2,
            "account_receivable_turnover_ratio": 1.22,
            "reinvestment_rate": 251.13,
            "research_to_sale_ratio": null,
            "price_fair": 93.63,
            "eps_avg_yearly": 2.68,
            "eps_latest_yearly": 5,
            "eps_growth_yearly": 123.29
        },
        "20103": {
            "year_quarter": 20103,
            "year": 2010,
            "quarter": 3,
            "eps": 0.95,
            "eps_growth_year": -91.43,
            "eps_4q": 1.02,
            "eps_4q_growth_year": -85.04,
            "roe": 3.81,
            "roe_4q": 9.88,
            "gross_profit": 918444,
            "gross_margin": 22.24,
            "gross_margin_4q_avg": 22.52,
            "net_income": 564221,
            "net_income_4q": null,
            "revenue": 4129002,
            "revenue_4q": null,
            "common_shares": 3461271,
            "book_valuer_per_share": 25.87,
            "book_valuer_per_share_4q_avg": 30.73,
            "equity": 14976333,
            "current_ratio": 135.3,
            "debt_ratio": 59.9,
            "inventory_turnover_ratio": 0.22,
            "account_receivable_turnover_ratio": 1.33,
            "reinvestment_rate": 424.54,
            "research_to_sale_ratio": null,
            "price_fair": 100.8,
            "eps_avg_yearly": 2.88,
            "eps_latest_yearly": 5,
            "eps_growth_yearly": 188.77
        },
        "20104": {
            "year_quarter": 20104,
            "year": 2010,
            "quarter": 4,
            "eps": 1.35,
            "eps_growth_year": null,
            "eps_4q": 2.66,
            "eps_4q_growth_year": -73.48,
            "roe": 5.26,
            "roe_4q": 11.4,
            "gross_profit": 1392803,
            "gross_margin": 26.29,
            "gross_margin_4q_avg": 21.95,
            "net_income": 795099,
            "net_income_4q": null,
            "revenue": 5297458,
            "revenue_4q": null,
            "common_shares": 3461271,
            "book_valuer_per_share": 26.64,
            "book_valuer_per_share_4q_avg": 29.26,
            "equity": 15259548,
            "current_ratio": 147.56,
            "debt_ratio": 58.2,
            "inventory_turnover_ratio": 0.26,
            "account_receivable_turnover_ratio": 1.68,
            "reinvestment_rate": 86.26,
            "research_to_sale_ratio": null,
            "price_fair": 111.6,
            "eps_avg_yearly": 3.19,
            "eps_latest_yearly": 5.4,
            "eps_growth_yearly": 120.66
        },
        "20111": {
            "year_quarter": 20111,
            "year": 2011,
            "quarter": 1,
            "eps": 0.57,
            "eps_growth_year": 3.64,
            "eps_4q": 2.79,
            "eps_4q_growth_year": -72.18,
            "roe": 2.33,
            "roe_4q": 11.82,
            "gross_profit": 839838,
            "gross_margin": 20.62,
            "gross_margin_4q_avg": 22.28,
            "net_income": 360612,
            "net_income_4q": null,
            "revenue": 4073905,
            "revenue_4q": null,
            "common_shares": 3461271,
            "book_valuer_per_share": 27.35,
            "book_valuer_per_share_4q_avg": 27.84,
            "equity": 15691878,
            "current_ratio": 142.64,
            "debt_ratio": 59.74,
            "inventory_turnover_ratio": 0.21,
            "account_receivable_turnover_ratio": 1.19,
            "reinvestment_rate": 230.53,
            "research_to_sale_ratio": null,
            "price_fair": 105.4,
            "eps_avg_yearly": 3.01,
            "eps_latest_yearly": 2.28,
            "eps_growth_yearly": 82.71
        },
        "20112": {
            "year_quarter": 20112,
            "year": 2011,
            "quarter": 2,
            "eps": 0.4,
            "eps_growth_year": null,
            "eps_4q": 3.06,
            "eps_4q_growth_year": -65.19,
            "roe": 1.99,
            "roe_4q": 13.39,
            "gross_profit": 952542,
            "gross_margin": 23.79,
            "gross_margin_4q_avg": 23.24,
            "net_income": 307300,
            "net_income_4q": null,
            "revenue": 4003677,
            "revenue_4q": null,
            "common_shares": 3461271,
            "book_valuer_per_share": 26.45,
            "book_valuer_per_share_4q_avg": 26.58,
            "equity": 15193921,
            "current_ratio": 182.19,
            "debt_ratio": 51.89,
            "inventory_turnover_ratio": 0.23,
            "account_receivable_turnover_ratio": 1.11,
            "reinvestment_rate": 225.33,
            "research_to_sale_ratio": null,
            "price_fair": 107.4,
            "eps_avg_yearly": 3.07,
            "eps_latest_yearly": 1.6,
            "eps_growth_yearly": 103.33
        },
        "20113": {
            "year_quarter": 20113,
            "year": 2011,
            "quarter": 3,
            "eps": 0.14,
            "eps_growth_year": -85.76,
            "eps_4q": 2.32,
            "eps_4q_growth_year": 127.06,
            "roe": 1.16,
            "roe_4q": 10.74,
            "gross_profit": 565894,
            "gross_margin": 14.03,
            "gross_margin_4q_avg": 21.18,
            "net_income": 180190,
            "net_income_4q": null,
            "revenue": 4032500,
            "revenue_4q": null,
            "common_shares": 3738173,
            "book_valuer_per_share": 25.28,
            "book_valuer_per_share_4q_avg": 26.43,
            "equity": 15779948,
            "current_ratio": 182.42,
            "debt_ratio": 51.91,
            "inventory_turnover_ratio": 0.33,
            "account_receivable_turnover_ratio": 1.04,
            "reinvestment_rate": 411.15,
            "research_to_sale_ratio": null,
            "price_fair": 8.31,
            "eps_avg_yearly": 2.77,
            "eps_latest_yearly": 0.56,
            "eps_growth_yearly": -2.38
        },
        "20114": {
            "year_quarter": 20114,
            "year": 2011,
            "quarter": 4,
            "eps": 0.13,
            "eps_growth_year": -90.45,
            "eps_4q": 1.22,
            "eps_4q_growth_year": -54.01,
            "roe": 1.06,
            "roe_4q": 6.54,
            "gross_profit": 760189,
            "gross_margin": 17.22,
            "gross_margin_4q_avg": 18.92,
            "net_income": 167465,
            "net_income_4q": null,
            "revenue": 4415414,
            "revenue_4q": null,
            "common_shares": 3638173,
            "book_valuer_per_share": 25.74,
            "book_valuer_per_share_4q_avg": 26.21,
            "equity": 15814846,
            "current_ratio": 185.85,
            "debt_ratio": 51.35,
            "inventory_turnover_ratio": 0.35,
            "account_receivable_turnover_ratio": 1.09,
            "reinvestment_rate": 59.66,
            "research_to_sale_ratio": null,
            "price_fair": 60.96,
            "eps_avg_yearly": 2.6,
            "eps_latest_yearly": 0.52,
            "eps_growth_yearly": 13.45
        },
        "20121": {
            "year_quarter": 20121,
            "year": 2012,
            "quarter": 1,
            "eps": 0.35,
            "eps_growth_year": -38.6,
            "eps_4q": 1.03,
            "eps_4q_growth_year": -63.05,
            "roe": 1.51,
            "roe_4q": 5.720000000000001,
            "gross_profit": 579128,
            "gross_margin": 14.6,
            "gross_margin_4q_avg": 17.41,
            "net_income": 238755,
            "net_income_4q": null,
            "revenue": 3966835,
            "revenue_4q": null,
            "common_shares": 3638173,
            "book_valuer_per_share": 25.8,
            "book_valuer_per_share_4q_avg": 25.82,
            "equity": 15912237,
            "current_ratio": 179.55,
            "debt_ratio": 52.15,
            "inventory_turnover_ratio": 0.31,
            "account_receivable_turnover_ratio": 1.02,
            "reinvestment_rate": 59.4,
            "research_to_sale_ratio": null,
            "price_fair": 83.8,
            "eps_avg_yearly": 2.39,
            "eps_latest_yearly": 1.4,
            "eps_growth_yearly": 72.94
        },
        "20122": {
            "year_quarter": 20122,
            "year": 2012,
            "quarter": 2,
            "eps": 0.52,
            "eps_growth_year": 30.77,
            "eps_4q": 1.12,
            "eps_4q_growth_year": -63.46,
            "roe": 2.29,
            "roe_4q": 6.02,
            "gross_profit": 776350,
            "gross_margin": 17.79,
            "gross_margin_4q_avg": 15.91,
            "net_income": 363976,
            "net_income_4q": null,
            "revenue": 4363461,
            "revenue_4q": null,
            "common_shares": 3638173,
            "book_valuer_per_share": 26.03,
            "book_valuer_per_share_4q_avg": 25.71,
            "equity": 15864773,
            "current_ratio": 177.05,
            "debt_ratio": 54.01,
            "inventory_turnover_ratio": 0.31,
            "account_receivable_turnover_ratio": 1.09,
            "reinvestment_rate": 51.88,
            "research_to_sale_ratio": null,
            "price_fair": 69.2,
            "eps_avg_yearly": 1.98,
            "eps_latest_yearly": 2.08,
            "eps_growth_yearly": 57.24
        },
        "20123": {
            "year_quarter": 20123,
            "year": 2012,
            "quarter": 3,
            "eps": 0.36,
            "eps_growth_year": 162.85,
            "eps_4q": 1.34,
            "eps_4q_growth_year": -42.2,
            "roe": 1.46,
            "roe_4q": 6.32,
            "gross_profit": 637565,
            "gross_margin": 16.82,
            "gross_margin_4q_avg": 16.61,
            "net_income": 233143,
            "net_income_4q": null,
            "revenue": 3790384,
            "revenue_4q": null,
            "common_shares": 3783700,
            "book_valuer_per_share": 25.26,
            "book_valuer_per_share_4q_avg": 25.71,
            "equity": 16042270,
            "current_ratio": 178,
            "debt_ratio": 53.41,
            "inventory_turnover_ratio": 0.26,
            "account_receivable_turnover_ratio": 0.95,
            "reinvestment_rate": 263.49,
            "research_to_sale_ratio": null,
            "price_fair": 66.85,
            "eps_avg_yearly": 1.91,
            "eps_latest_yearly": 1.44,
            "eps_growth_yearly": 34.7
        },
        "20124": {
            "year_quarter": 20124,
            "year": 2012,
            "quarter": 4,
            "eps": 0.56,
            "eps_growth_year": 337.32,
            "eps_4q": 1.78,
            "eps_4q_growth_year": 45.9,
            "roe": 2.74,
            "roe_4q": 8,
            "gross_profit": 881944,
            "gross_margin": 21.77,
            "gross_margin_4q_avg": 17.75,
            "net_income": 446637,
            "net_income_4q": null,
            "revenue": 4051499,
            "revenue_4q": null,
            "common_shares": 3783700,
            "book_valuer_per_share": 25.8,
            "book_valuer_per_share_4q_avg": 25.72,
            "equity": 16546614,
            "current_ratio": 202.67,
            "debt_ratio": 53.02,
            "inventory_turnover_ratio": 0.26,
            "account_receivable_turnover_ratio": 1.1,
            "reinvestment_rate": 36.01,
            "research_to_sale_ratio": null,
            "price_fair": 68.13,
            "eps_avg_yearly": 1.95,
            "eps_latest_yearly": 2.24,
            "eps_growth_yearly": 55.53
        },
        "20131": {
            "year_quarter": 20131,
            "year": 2013,
            "quarter": 1,
            "eps": 0.49,
            "eps_growth_year": 40,
            "eps_4q": 1.93,
            "eps_4q_growth_year": 87.52,
            "roe": 2.02,
            "roe_4q": 8.51,
            "gross_profit": 653464,
            "gross_margin": 21.63,
            "gross_margin_4q_avg": 19.5,
            "net_income": 335353,
            "net_income_4q": null,
            "revenue": 3021743,
            "revenue_4q": null,
            "common_shares": 3783700,
            "book_valuer_per_share": 25.88,
            "book_valuer_per_share_4q_avg": 25.74,
            "equity": 16688869,
            "current_ratio": 182.2,
            "debt_ratio": 53.96,
            "inventory_turnover_ratio": 0.19,
            "account_receivable_turnover_ratio": 0.86,
            "reinvestment_rate": 19.33,
            "research_to_sale_ratio": null,
            "price_fair": 68.18,
            "eps_avg_yearly": 1.95,
            "eps_latest_yearly": 1.96,
            "eps_growth_yearly": 44.98
        },
        "20132": {
            "year_quarter": 20132,
            "year": 2013,
            "quarter": 2,
            "eps": 0.64,
            "eps_growth_year": 22.25,
            "eps_4q": 2.02,
            "eps_4q_growth_year": 80.38,
            "roe": 2.64,
            "roe_4q": 8.86,
            "gross_profit": 1001658,
            "gross_margin": 24.08,
            "gross_margin_4q_avg": 21.08,
            "net_income": 438588,
            "net_income_4q": null,
            "revenue": 4159961,
            "revenue_4q": null,
            "common_shares": 3859374,
            "book_valuer_per_share": 25.31,
            "book_valuer_per_share_4q_avg": 25.56,
            "equity": 16501127,
            "current_ratio": 157.95,
            "debt_ratio": 57.02,
            "inventory_turnover_ratio": 0.25,
            "account_receivable_turnover_ratio": 1.11,
            "reinvestment_rate": -52.32,
            "research_to_sale_ratio": null,
            "price_fair": 70.13,
            "eps_avg_yearly": 2,
            "eps_latest_yearly": 2.56,
            "eps_growth_yearly": 52.02
        },
        "20133": {
            "year_quarter": 20133,
            "year": 2013,
            "quarter": 3,
            "eps": 0.56,
            "eps_growth_year": 56.79,
            "eps_4q": 2.23,
            "eps_4q_growth_year": 66.03,
            "roe": 2.39,
            "roe_4q": 9.790000000000001,
            "gross_profit": 789371,
            "gross_margin": 20.7,
            "gross_margin_4q_avg": 22.05,
            "net_income": 395059,
            "net_income_4q": null,
            "revenue": 3814293,
            "revenue_4q": null,
            "common_shares": 3859374,
            "book_valuer_per_share": 25.75,
            "book_valuer_per_share_4q_avg": 25.69,
            "equity": 16614899,
            "current_ratio": 162.24,
            "debt_ratio": 56.49,
            "inventory_turnover_ratio": 0.23,
            "account_receivable_turnover_ratio": 0.95,
            "reinvestment_rate": 38.89,
            "research_to_sale_ratio": null,
            "price_fair": 70.82,
            "eps_avg_yearly": 2.02,
            "eps_latest_yearly": 2.24,
            "eps_growth_yearly": 43.52
        },
        "20134": {
            "year_quarter": 20134,
            "year": 2013,
            "quarter": 4,
            "eps": 6.61,
            "eps_growth_year": 1069.6,
            "eps_4q": 8.28,
            "eps_4q_growth_year": 364.4,
            "roe": 14.79,
            "roe_4q": 21.84,
            "gross_profit": 823391,
            "gross_margin": 21.01,
            "gross_margin_4q_avg": 21.86,
            "net_income": 2671065,
            "net_income_4q": null,
            "revenue": 3919067,
            "revenue_4q": null,
            "common_shares": 3859374,
            "book_valuer_per_share": 32.27,
            "book_valuer_per_share_4q_avg": 27.3,
            "equity": 19496973,
            "current_ratio": 190.71,
            "debt_ratio": 48.27,
            "inventory_turnover_ratio": 0.24,
            "account_receivable_turnover_ratio": 0.96,
            "reinvestment_rate": 6.81,
            "research_to_sale_ratio": null,
            "price_fair": 136.55,
            "eps_avg_yearly": 3.9,
            "eps_latest_yearly": 26.44,
            "eps_growth_yearly": 372.59
        },
        "20141": {
            "year_quarter": 20141,
            "year": 2014,
            "quarter": 1,
            "eps": 0.22,
            "eps_growth_year": -55.1,
            "eps_4q": 8.03,
            "eps_4q_growth_year": 315.14,
            "roe": 0.97,
            "roe_4q": 20.79,
            "gross_profit": 805984,
            "gross_margin": 21.85,
            "gross_margin_4q_avg": 21.91,
            "net_income": 189974,
            "net_income_4q": null,
            "revenue": 3689232,
            "revenue_4q": null,
            "common_shares": 3859374,
            "book_valuer_per_share": 32.5,
            "book_valuer_per_share_4q_avg": 28.96,
            "equity": 19666143,
            "current_ratio": 182.55,
            "debt_ratio": 49.59,
            "inventory_turnover_ratio": 0.21,
            "account_receivable_turnover_ratio": 0.89,
            "reinvestment_rate": 14.43,
            "research_to_sale_ratio": null,
            "price_fair": 129,
            "eps_avg_yearly": 3.69,
            "eps_latest_yearly": 0.88,
            "eps_growth_yearly": 318.36
        },
        "20142": {
            "year_quarter": 20142,
            "year": 2014,
            "quarter": 2,
            "eps": -0.05,
            "eps_growth_year": -107.81,
            "eps_4q": 7.2,
            "eps_4q_growth_year": 256.49,
            "roe": 0.6,
            "roe_4q": 18.75,
            "gross_profit": 862649,
            "gross_margin": 22.24,
            "gross_margin_4q_avg": 21.45,
            "net_income": 112690,
            "net_income_4q": null,
            "revenue": 3878767,
            "revenue_4q": null,
            "common_shares": 3859374,
            "book_valuer_per_share": 29.16,
            "book_valuer_per_share_4q_avg": 29.92,
            "equity": 18154428,
            "current_ratio": 157.97,
            "debt_ratio": 53.8,
            "inventory_turnover_ratio": 0.22,
            "account_receivable_turnover_ratio": 0.92,
            "reinvestment_rate": -4.91,
            "research_to_sale_ratio": null,
            "price_fair": 129,
            "eps_avg_yearly": 3.69,
            "eps_latest_yearly": 0.88,
            "eps_growth_yearly": 318.36
        },
        "20143": {
            "year_quarter": 20143,
            "year": 2014,
            "quarter": 3,
            "eps": 0.22,
            "eps_growth_year": -60.71,
            "eps_4q": 6.87,
            "eps_4q_growth_year": 208.26,
            "roe": 1.01,
            "roe_4q": 17.369999999999997,
            "gross_profit": 731992,
            "gross_margin": 20.26,
            "gross_margin_4q_avg": 21.34,
            "net_income": 185524,
            "net_income_4q": null,
            "revenue": 3613056,
            "revenue_4q": null,
            "common_shares": 3936561,
            "book_valuer_per_share": 29.21,
            "book_valuer_per_share_4q_avg": 30.79,
            "equity": 18567805,
            "current_ratio": 162.57,
            "debt_ratio": 53.5,
            "inventory_turnover_ratio": 0.2,
            "account_receivable_turnover_ratio": 0.82,
            "reinvestment_rate": -194.77,
            "research_to_sale_ratio": null,
            "price_fair": 129,
            "eps_avg_yearly": 3.69,
            "eps_latest_yearly": 0.88,
            "eps_growth_yearly": 318.36
        },
        "20144": {
            "year_quarter": 20144,
            "year": 2014,
            "quarter": 4,
            "eps": 0.96,
            "eps_growth_year": -85.42,
            "eps_4q": 1.36,
            "eps_4q_growth_year": -83.6,
            "roe": 3.65,
            "roe_4q": 6.2299999999999995,
            "gross_profit": 1428476,
            "gross_margin": 24.83,
            "gross_margin_4q_avg": 22.3,
            "net_income": 691580,
            "net_income_4q": null,
            "revenue": 5752702,
            "revenue_4q": null,
            "common_shares": 3936561,
            "book_valuer_per_share": 30.63,
            "book_valuer_per_share_4q_avg": 30.38,
            "equity": 19345420,
            "current_ratio": 158.65,
            "debt_ratio": 50.61,
            "inventory_turnover_ratio": 0.3,
            "account_receivable_turnover_ratio": 1.17,
            "reinvestment_rate": -8.73,
            "research_to_sale_ratio": null,
            "price_fair": 125.1,
            "eps_avg_yearly": 3.57,
            "eps_latest_yearly": 3.84,
            "eps_growth_yearly": 402.43
        },
        "20151": {
            "year_quarter": 20151,
            "year": 2015,
            "quarter": 1,
            "eps": 0.58,
            "eps_growth_year": 163.64,
            "eps_4q": 1.72,
            "eps_4q_growth_year": -78.52,
            "roe": 1.94,
            "roe_4q": 7.199999999999999,
            "gross_profit": 1011485,
            "gross_margin": 22.27,
            "gross_margin_4q_avg": 22.4,
            "net_income": 378611,
            "net_income_4q": null,
            "revenue": 4542054,
            "revenue_4q": null,
            "common_shares": 3936561,
            "book_valuer_per_share": 31.07,
            "book_valuer_per_share_4q_avg": 30.02,
            "equity": 19607950,
            "current_ratio": 159.43,
            "debt_ratio": 48.19,
            "inventory_turnover_ratio": 0.26,
            "account_receivable_turnover_ratio": 0.92,
            "reinvestment_rate": -11.47,
            "research_to_sale_ratio": null,
            "price_fair": 125.2,
            "eps_avg_yearly": 3.58,
            "eps_latest_yearly": 2.32,
            "eps_growth_yearly": 407.63
        },
        "20152": {
            "year_quarter": 20152,
            "year": 2015,
            "quarter": 2,
            "eps": 0.38,
            "eps_growth_year": null,
            "eps_4q": 2.15,
            "eps_4q_growth_year": -70.16,
            "roe": 1.37,
            "roe_4q": 7.97,
            "gross_profit": 775161,
            "gross_margin": 20.7,
            "gross_margin_4q_avg": 22.02,
            "net_income": 264207,
            "net_income_4q": null,
            "revenue": 3744146,
            "revenue_4q": null,
            "common_shares": 3936561,
            "book_valuer_per_share": 29.72,
            "book_valuer_per_share_4q_avg": 30.16,
            "equity": 18913422,
            "current_ratio": 164.65,
            "debt_ratio": 52.11,
            "inventory_turnover_ratio": 0.22,
            "account_receivable_turnover_ratio": 0.8,
            "reinvestment_rate": -13.08,
            "research_to_sale_ratio": null,
            "price_fair": 125,
            "eps_avg_yearly": 3.57,
            "eps_latest_yearly": 1.52,
            "eps_growth_yearly": 406.3
        },
        "20153": {
            "year_quarter": 20153,
            "year": 2015,
            "quarter": 3,
            "eps": 0.87,
            "eps_growth_year": 295.45,
            "eps_4q": 2.83,
            "eps_4q_growth_year": -58.88,
            "roe": 3.07,
            "roe_4q": 10.03,
            "gross_profit": 1178845,
            "gross_margin": 26.54,
            "gross_margin_4q_avg": 23.59,
            "net_income": 592652,
            "net_income_4q": null,
            "revenue": 4441406,
            "revenue_4q": null,
            "common_shares": 3936561,
            "book_valuer_per_share": 31.77,
            "book_valuer_per_share_4q_avg": 30.8,
            "equity": 19682449,
            "current_ratio": 183.8,
            "debt_ratio": 47.95,
            "inventory_turnover_ratio": 0.25,
            "account_receivable_turnover_ratio": 0.94,
            "reinvestment_rate": -197.42,
            "research_to_sale_ratio": null,
            "price_fair": 132.3,
            "eps_avg_yearly": 3.78,
            "eps_latest_yearly": 3.48,
            "eps_growth_yearly": 461.71
        },
        "20154": {
            "year_quarter": 20154,
            "year": 2015,
            "quarter": 4,
            "eps": 0.97,
            "eps_growth_year": 1.07,
            "eps_4q": 2.84,
            "eps_4q_growth_year": 109.37,
            "roe": 3.18,
            "roe_4q": 9.56,
            "gross_profit": 1266132,
            "gross_margin": 27.16,
            "gross_margin_4q_avg": 24.17,
            "net_income": 619739,
            "net_income_4q": null,
            "revenue": 4661535,
            "revenue_4q": null,
            "common_shares": 3852521,
            "book_valuer_per_share": 31.9,
            "book_valuer_per_share_4q_avg": 31.12,
            "equity": 19302918,
            "current_ratio": 203.91,
            "debt_ratio": 46.74,
            "inventory_turnover_ratio": 0.27,
            "account_receivable_turnover_ratio": 0.95,
            "reinvestment_rate": -25.53,
            "research_to_sale_ratio": null,
            "price_fair": 140.7,
            "eps_avg_yearly": 4.02,
            "eps_latest_yearly": 3.88,
            "eps_growth_yearly": 467.04
        },
        "20161": {
            "year_quarter": 20161,
            "year": 2016,
            "quarter": 1,
            "eps": 0.48,
            "eps_growth_year": -17.24,
            "eps_4q": 2.72,
            "eps_4q_growth_year": 57.9,
            "roe": 1.77,
            "roe_4q": 9.39,
            "gross_profit": 942403,
            "gross_margin": 26.79,
            "gross_margin_4q_avg": 25.3,
            "net_income": 342642,
            "net_income_4q": null,
            "revenue": 3517317,
            "revenue_4q": null,
            "common_shares": 3852521,
            "book_valuer_per_share": 32.25,
            "book_valuer_per_share_4q_avg": 31.41,
            "equity": 19507634,
            "current_ratio": 209.73,
            "debt_ratio": 45.94,
            "inventory_turnover_ratio": 0.21,
            "account_receivable_turnover_ratio": 0.72,
            "reinvestment_rate": -28.44,
            "research_to_sale_ratio": 0.01,
            "price_fair": 142,
            "eps_avg_yearly": 4.06,
            "eps_latest_yearly": 1.92,
            "eps_growth_yearly": 404.25
        },
        "20162": {
            "year_quarter": 20162,
            "year": 2016,
            "quarter": 2,
            "eps": 0.35,
            "eps_growth_year": -7.89,
            "eps_4q": 2.69,
            "eps_4q_growth_year": 25.38,
            "roe": 1.41,
            "roe_4q": 9.43,
            "gross_profit": 787530,
            "gross_margin": 23.24,
            "gross_margin_4q_avg": 25.93,
            "net_income": 264429,
            "net_income_4q": null,
            "revenue": 3388701,
            "revenue_4q": null,
            "common_shares": 3852521,
            "book_valuer_per_share": 30.21,
            "book_valuer_per_share_4q_avg": 31.53,
            "equity": 17915704,
            "current_ratio": 189.97,
            "debt_ratio": 49.61,
            "inventory_turnover_ratio": 0.21,
            "account_receivable_turnover_ratio": 0.73,
            "reinvestment_rate": -33.42,
            "research_to_sale_ratio": 0.04,
            "price_fair": 140.3,
            "eps_avg_yearly": 4.01,
            "eps_latest_yearly": 1.4,
            "eps_growth_yearly": 382.64
        },
        "20163": {
            "year_quarter": 20163,
            "year": 2016,
            "quarter": 3,
            "eps": 0.97,
            "eps_growth_year": 11.49,
            "eps_4q": 2.77,
            "eps_4q_growth_year": -1.92,
            "roe": 3.33,
            "roe_4q": 9.69,
            "gross_profit": 1282016,
            "gross_margin": 30.99,
            "gross_margin_4q_avg": 27.05,
            "net_income": 596101,
            "net_income_4q": null,
            "revenue": 4136832,
            "revenue_4q": null,
            "common_shares": 3852521,
            "book_valuer_per_share": 30.57,
            "book_valuer_per_share_4q_avg": 31.23,
            "equity": 17877343,
            "current_ratio": 192.54,
            "debt_ratio": 49.89,
            "inventory_turnover_ratio": 0.23,
            "account_receivable_turnover_ratio": 0.94,
            "reinvestment_rate": -201.38,
            "research_to_sale_ratio": 0.09,
            "price_fair": 146.4,
            "eps_avg_yearly": 4.18,
            "eps_latest_yearly": 3.88,
            "eps_growth_yearly": 442.04
        },
        "20164": {
            "year_quarter": 20164,
            "year": 2016,
            "quarter": 4,
            "eps": 0.8,
            "eps_growth_year": -17.83,
            "eps_4q": 2.6,
            "eps_4q_growth_year": -8.66,
            "roe": 2.76,
            "roe_4q": 9.27,
            "gross_profit": 1157824,
            "gross_margin": 26.43,
            "gross_margin_4q_avg": 26.86,
            "net_income": 498419,
            "net_income_4q": null,
            "revenue": 4381492,
            "revenue_4q": null,
            "common_shares": 3852521,
            "book_valuer_per_share": 31.13,
            "book_valuer_per_share_4q_avg": 31.04,
            "equity": 18254011,
            "current_ratio": 218.4,
            "debt_ratio": 48.08,
            "inventory_turnover_ratio": 0.26,
            "account_receivable_turnover_ratio": 1,
            "reinvestment_rate": -51.83,
            "research_to_sale_ratio": 0.32,
            "price_fair": 148.8,
            "eps_avg_yearly": 4.25,
            "eps_latest_yearly": 3.2,
            "eps_growth_yearly": 421.16
        },
        "20171": {
            "year_quarter": 20171,
            "year": 2017,
            "quarter": 1,
            "eps": 0.43,
            "eps_growth_year": -10.42,
            "eps_4q": 2.55,
            "eps_4q_growth_year": -6.3,
            "roe": 1.76,
            "roe_4q": 9.26,
            "gross_profit": 826258,
            "gross_margin": 23.94,
            "gross_margin_4q_avg": 26.15,
            "net_income": 318962,
            "net_income_4q": null,
            "revenue": 3450666,
            "revenue_4q": null,
            "common_shares": 3852521,
            "book_valuer_per_share": 30.69,
            "book_valuer_per_share_4q_avg": 30.65,
            "equity": 18056938,
            "current_ratio": 199.52,
            "debt_ratio": 48.26,
            "inventory_turnover_ratio": 0.21,
            "account_receivable_turnover_ratio": 0.8,
            "reinvestment_rate": -47.89,
            "research_to_sale_ratio": 0.17,
            "price_fair": 148.2,
            "eps_avg_yearly": 4.23,
            "eps_latest_yearly": 1.72,
            "eps_growth_yearly": 411.52
        },
        "20172": {
            "year_quarter": 20172,
            "year": 2017,
            "quarter": 2,
            "eps": 0.44,
            "eps_growth_year": 25.71,
            "eps_4q": 2.63,
            "eps_4q_growth_year": -2.27,
            "roe": 1.69,
            "roe_4q": 9.54,
            "gross_profit": 1069780,
            "gross_margin": 27.03,
            "gross_margin_4q_avg": 27.1,
            "net_income": 302922,
            "net_income_4q": null,
            "revenue": 3957995,
            "revenue_4q": null,
            "common_shares": 3852521,
            "book_valuer_per_share": 29.75,
            "book_valuer_per_share_4q_avg": 30.54,
            "equity": 17757833,
            "current_ratio": 188.3,
            "debt_ratio": 50.53,
            "inventory_turnover_ratio": 0.23,
            "account_receivable_turnover_ratio": 0.92,
            "reinvestment_rate": -56.21,
            "research_to_sale_ratio": 0.28,
            "price_fair": 146.2,
            "eps_avg_yearly": 4.18,
            "eps_latest_yearly": 1.76,
            "eps_growth_yearly": 403.43
        },
        "20173": {
            "year_quarter": 20173,
            "year": 2017,
            "quarter": 3,
            "eps": 0.14,
            "eps_growth_year": -85.57,
            "eps_4q": 1.8,
            "eps_4q_growth_year": -34.98,
            "roe": 0.77,
            "roe_4q": 6.9799999999999995,
            "gross_profit": 882980,
            "gross_margin": 22.82,
            "gross_margin_4q_avg": 25.06,
            "net_income": 137458,
            "net_income_4q": null,
            "revenue": 3870173,
            "revenue_4q": null,
            "common_shares": 3852521,
            "book_valuer_per_share": 30.12,
            "book_valuer_per_share_4q_avg": 30.42,
            "equity": 18023984,
            "current_ratio": 176.13,
            "debt_ratio": 50.63,
            "inventory_turnover_ratio": 0.24,
            "account_receivable_turnover_ratio": 0.89,
            "reinvestment_rate": -19.04,
            "research_to_sale_ratio": 0.13,
            "price_fair": 142,
            "eps_avg_yearly": 4.06,
            "eps_latest_yearly": 0.56,
            "eps_growth_yearly": 387.52
        },
        "20174": {
            "year_quarter": 20174,
            "year": 2017,
            "quarter": 4,
            "eps": 0.58,
            "eps_growth_year": -27.54,
            "eps_4q": 1.58,
            "eps_4q_growth_year": -39.12,
            "roe": 1.59,
            "roe_4q": 5.8100000000000005,
            "gross_profit": 1044852,
            "gross_margin": 32.26,
            "gross_margin_4q_avg": 26.51,
            "net_income": 267536,
            "net_income_4q": null,
            "revenue": 3239075,
            "revenue_4q": null,
            "common_shares": 3852521,
            "book_valuer_per_share": 30.23,
            "book_valuer_per_share_4q_avg": 30.2,
            "equity": 15569448,
            "current_ratio": 175.59,
            "debt_ratio": 60.4,
            "inventory_turnover_ratio": 0.16,
            "account_receivable_turnover_ratio": 0.73,
            "reinvestment_rate": -41.3,
            "research_to_sale_ratio": 0.06,
            "price_fair": 81.7,
            "eps_avg_yearly": 2.33,
            "eps_latest_yearly": 2.32,
            "eps_growth_yearly": 168.65
        },
        "20181": {
            "year_quarter": 20181,
            "year": 2018,
            "quarter": 1,
            "eps": 1.16,
            "eps_growth_year": 169.77,
            "eps_4q": 2.32,
            "eps_4q_growth_year": -9.18,
            "roe": 2.96,
            "roe_4q": 7.01,
            "gross_profit": 807928,
            "gross_margin": 23.03,
            "gross_margin_4q_avg": 26.29,
            "net_income": 473516,
            "net_income_4q": null,
            "revenue": 3508078,
            "revenue_4q": null,
            "common_shares": 3852521,
            "book_valuer_per_share": 32.15,
            "book_valuer_per_share_4q_avg": 30.56,
            "equity": 16389675,
            "current_ratio": 165.28,
            "debt_ratio": 58.76,
            "inventory_turnover_ratio": 0.18,
            "account_receivable_turnover_ratio": 0.78,
            "reinvestment_rate": -44.07,
            "research_to_sale_ratio": 0.05,
            "price_fair": 91.1,
            "eps_avg_yearly": 2.6,
            "eps_latest_yearly": 4.64,
            "eps_growth_yearly": 224.84
        },
        "20182": {
            "year_quarter": 20182,
            "year": 2018,
            "quarter": 2,
            "eps": 0.65,
            "eps_growth_year": 47.73,
            "eps_4q": 2.53,
            "eps_4q_growth_year": -3.7,
            "roe": 1.82,
            "roe_4q": 7.140000000000001,
            "gross_profit": 895972,
            "gross_margin": 24.04,
            "gross_margin_4q_avg": 25.54,
            "net_income": 293005,
            "net_income_4q": null,
            "revenue": 3727248,
            "revenue_4q": null,
            "common_shares": 3852521,
            "book_valuer_per_share": 30.73,
            "book_valuer_per_share_4q_avg": 30.81,
            "equity": 15780632,
            "current_ratio": 164.28,
            "debt_ratio": 59.95,
            "inventory_turnover_ratio": 0.19,
            "account_receivable_turnover_ratio": 0.83,
            "reinvestment_rate": -31.65,
            "research_to_sale_ratio": 0.04,
            "price_fair": 91.09,
            "eps_avg_yearly": 2.6,
            "eps_latest_yearly": 2.6,
            "eps_growth_yearly": 198.13
        },
        "20183": {
            "year_quarter": 20183,
            "year": 2018,
            "quarter": 3,
            "eps": 1.71,
            "eps_growth_year": 1121.43,
            "eps_4q": 4.1,
            "eps_4q_growth_year": 127.72,
            "roe": 5.79,
            "roe_4q": 12.16,
            "gross_profit": 1838156,
            "gross_margin": 31.12,
            "gross_margin_4q_avg": 27.61,
            "net_income": 926758,
            "net_income_4q": null,
            "revenue": 5905903,
            "revenue_4q": null,
            "common_shares": 3852521,
            "book_valuer_per_share": 31.71,
            "book_valuer_per_share_4q_avg": 31.21,
            "equity": 16226514,
            "current_ratio": 178.54,
            "debt_ratio": 57.42,
            "inventory_turnover_ratio": 0.27,
            "account_receivable_turnover_ratio": 1.31,
            "reinvestment_rate": -27.52,
            "research_to_sale_ratio": 0.04,
            "price_fair": 100.36,
            "eps_avg_yearly": 2.87,
            "eps_latest_yearly": 6.84,
            "eps_growth_yearly": 226.51
        },
        "20184": {
            "year_quarter": 20184,
            "year": 2018,
            "quarter": 4,
            "eps": 1.24,
            "eps_growth_year": 113.93,
            "eps_4q": 4.76,
            "eps_4q_growth_year": 201.2,
            "roe": 4.15,
            "roe_4q": 14.720000000000002,
            "gross_profit": 1476162,
            "gross_margin": 29.86,
            "gross_margin_4q_avg": 27.01,
            "net_income": 688262,
            "net_income_4q": null,
            "revenue": 4944306,
            "revenue_4q": null,
            "common_shares": 3852521,
            "book_valuer_per_share": 33.08,
            "book_valuer_per_share_4q_avg": 31.92,
            "equity": 16943165,
            "current_ratio": 198.56,
            "debt_ratio": 55.42,
            "inventory_turnover_ratio": 0.24,
            "account_receivable_turnover_ratio": 1.13,
            "reinvestment_rate": -31.79,
            "research_to_sale_ratio": 0.18,
            "price_fair": 102.81,
            "eps_avg_yearly": 2.94,
            "eps_latest_yearly": 4.96,
            "eps_growth_yearly": 135.55
        },
        "20191": {
            "year_quarter": 20191,
            "year": 2019,
            "quarter": 1,
            "eps": 0.44,
            "eps_growth_year": -62.07,
            "eps_4q": 4.04,
            "eps_4q_growth_year": 74.36,
            "roe": 1.33,
            "roe_4q": 13.09,
            "gross_profit": 921670,
            "gross_margin": 24.34,
            "gross_margin_4q_avg": 27.34,
            "net_income": 228180,
            "net_income_4q": null,
            "revenue": 3787071,
            "revenue_4q": null,
            "common_shares": 3852521,
            "book_valuer_per_share": 33.93,
            "book_valuer_per_share_4q_avg": 32.36,
            "equity": 17372608,
            "current_ratio": 186.12,
            "debt_ratio": 57.15,
            "inventory_turnover_ratio": 0.2,
            "account_receivable_turnover_ratio": 0.88,
            "reinvestment_rate": -24.82,
            "research_to_sale_ratio": 0.06,
            "price_fair": 101.59,
            "eps_avg_yearly": 2.9,
            "eps_latest_yearly": 1.76,
            "eps_growth_yearly": 129.32
        },
        "20192": {
            "year_quarter": 20192,
            "year": 2019,
            "quarter": 2,
            "eps": 0.5,
            "eps_growth_year": -23.08,
            "eps_4q": 3.89,
            "eps_4q_growth_year": 53.39,
            "roe": 1.46,
            "roe_4q": 12.73,
            "gross_profit": 911360,
            "gross_margin": 24.92,
            "gross_margin_4q_avg": 27.56,
            "net_income": 243919,
            "net_income_4q": null,
            "revenue": 3657710,
            "revenue_4q": null,
            "common_shares": 3852521,
            "book_valuer_per_share": 31.42,
            "book_valuer_per_share_4q_avg": 32.54,
            "equity": 16053208,
            "current_ratio": 163.59,
            "debt_ratio": 59.44,
            "inventory_turnover_ratio": 0.19,
            "account_receivable_turnover_ratio": 0.88,
            "reinvestment_rate": -23.24,
            "research_to_sale_ratio": 0.06,
            "price_fair": 102.64,
            "eps_avg_yearly": 2.93,
            "eps_latest_yearly": 2,
            "eps_growth_yearly": 141.35
        },
        "20193": {
            "year_quarter": 20193,
            "year": 2019,
            "quarter": 3,
            "eps": 0.13,
            "eps_growth_year": -92.4,
            "eps_4q": 2.31,
            "eps_4q_growth_year": -43.8,
            "roe": 0.36,
            "roe_4q": 7.300000000000001,
            "gross_profit": 635932,
            "gross_margin": 20.73,
            "gross_margin_4q_avg": 24.96,
            "net_income": 57353,
            "net_income_4q": null,
            "revenue": 3067569,
            "revenue_4q": null,
            "common_shares": 3852521,
            "book_valuer_per_share": 30.71,
            "book_valuer_per_share_4q_avg": 32.29,
            "equity": 15718401,
            "current_ratio": 153.8,
            "debt_ratio": 60.56,
            "inventory_turnover_ratio": 0.17,
            "account_receivable_turnover_ratio": 0.76,
            "reinvestment_rate": -33.06,
            "research_to_sale_ratio": 0.08,
            "price_fair": 96.16,
            "eps_avg_yearly": 2.75,
            "eps_latest_yearly": 0.52,
            "eps_growth_yearly": 90.61
        },
        "20194": {
            "year_quarter": 20194,
            "year": 2019,
            "quarter": 4,
            "eps": 0.25,
            "eps_growth_year": -79.49,
            "eps_4q": 1.32,
            "eps_4q_growth_year": -72.29,
            "roe": 0.84,
            "roe_4q": 3.99,
            "gross_profit": 775142,
            "gross_margin": 23.79,
            "gross_margin_4q_avg": 23.45,
            "net_income": 132232,
            "net_income_4q": null,
            "revenue": 3257774,
            "revenue_4q": null,
            "common_shares": 3852521,
            "book_valuer_per_share": 30.86,
            "book_valuer_per_share_4q_avg": 31.73,
            "equity": 15742091,
            "current_ratio": 169.46,
            "debt_ratio": 63.33,
            "inventory_turnover_ratio": 0.15,
            "account_receivable_turnover_ratio": 0.82,
            "reinvestment_rate": -40.07,
            "research_to_sale_ratio": 0.06,
            "price_fair": 89.86,
            "eps_avg_yearly": 2.57,
            "eps_latest_yearly": 1,
            "eps_growth_yearly": 110.81
        },
        "20201": {
            "year_quarter": 20201,
            "year": 2020,
            "quarter": 1,
            "eps": -0.15,
            "eps_growth_year": -134.09,
            "eps_4q": 0.73,
            "eps_4q_growth_year": -81.9,
            "roe": -0.42,
            "roe_4q": 2.24,
            "gross_profit": 433125,
            "gross_margin": 19.11,
            "gross_margin_4q_avg": 22.14,
            "net_income": -65552,
            "net_income_4q": null,
            "revenue": 2266183,
            "revenue_4q": null,
            "common_shares": 3852521,
            "book_valuer_per_share": 30.43,
            "book_valuer_per_share_4q_avg": 30.86,
            "equity": 15544551,
            "current_ratio": 156.43,
            "debt_ratio": 63.33,
            "inventory_turnover_ratio": 0.1,
            "account_receivable_turnover_ratio": 0.63,
            "reinvestment_rate": -41.18,
            "research_to_sale_ratio": 0.11,
            "price_fair": 91.37,
            "eps_avg_yearly": 2.61,
            "eps_latest_yearly": 1,
            "eps_growth_yearly": 131.67
        },
        "20202": {
            "year_quarter": 20202,
            "year": 2020,
            "quarter": 2,
            "eps": 0.18,
            "eps_growth_year": -64,
            "eps_4q": 0.42,
            "eps_4q_growth_year": -89.11,
            "roe": 0.59,
            "roe_4q": 1.37,
            "gross_profit": 589574,
            "gross_margin": 25.17,
            "gross_margin_4q_avg": 22.2,
            "net_income": 89541,
            "net_income_4q": null,
            "revenue": 2341945,
            "revenue_4q": null,
            "common_shares": 3852521,
            "book_valuer_per_share": 29.43,
            "book_valuer_per_share_4q_avg": 30.36,
            "equity": 14800945,
            "current_ratio": 164.11,
            "debt_ratio": 65.52,
            "inventory_turnover_ratio": 0.1,
            "account_receivable_turnover_ratio": 0.72,
            "reinvestment_rate": -40.23,
            "research_to_sale_ratio": 0.11,
            "price_fair": 94.4,
            "eps_avg_yearly": 2.7,
            "eps_latest_yearly": 1,
            "eps_growth_yearly": 148.81
        },
        "20203": {
            "year_quarter": 20203,
            "year": 2020,
            "quarter": 3,
            "eps": 0.33,
            "eps_growth_year": 153.85,
            "eps_4q": 0.63,
            "eps_4q_growth_year": -72.68,
            "roe": 1.18,
            "roe_4q": 2.19,
            "gross_profit": 834379,
            "gross_margin": 24.79,
            "gross_margin_4q_avg": 23.22,
            "net_income": 177033,
            "net_income_4q": null,
            "revenue": 3366396,
            "revenue_4q": null,
            "common_shares": 3761221,
            "book_valuer_per_share": 30.2,
            "book_valuer_per_share_4q_avg": 30.23,
            "equity": 15131714,
            "current_ratio": 175.83,
            "debt_ratio": 65.7,
            "inventory_turnover_ratio": 0.14,
            "account_receivable_turnover_ratio": 1,
            "reinvestment_rate": -39.27,
            "research_to_sale_ratio": 0.08,
            "price_fair": 88,
            "eps_avg_yearly": 2.51,
            "eps_latest_yearly": 1.32,
            "eps_growth_yearly": 122.01
        },
        "20204": {
            "year_quarter": 20204,
            "year": 2020,
            "quarter": 4,
            "eps": 1.11,
            "eps_growth_year": 337.37,
            "eps_4q": 1.48,
            "eps_4q_growth_year": 12.24,
            "roe": 3.79,
            "roe_4q": 5.14,
            "gross_profit": 1441714,
            "gross_margin": 27.99,
            "gross_margin_4q_avg": 24.27,
            "net_income": 590419,
            "net_income_4q": null,
            "revenue": 5151375,
            "revenue_4q": null,
            "common_shares": 3761221,
            "book_valuer_per_share": 31.97,
            "book_valuer_per_share_4q_avg": 30.51,
            "equity": 16002072,
            "current_ratio": 190.37,
            "debt_ratio": 64.27,
            "inventory_turnover_ratio": 0.2,
            "account_receivable_turnover_ratio": 1.41,
            "reinvestment_rate": -14.17,
            "research_to_sale_ratio": 0.08,
            "price_fair": 91.1,
            "eps_avg_yearly": 2.6,
            "eps_latest_yearly": 4.44,
            "eps_growth_yearly": 194.55
        },
        "20211": {
            "year_quarter": 20211,
            "year": 2021,
            "quarter": 1,
            "eps": 0.46,
            "eps_growth_year": null,
            "eps_4q": 2.1,
            "eps_4q_growth_year": 186.63,
            "roe": 1.37,
            "roe_4q": 6.93,
            "gross_profit": 852525,
            "gross_margin": 23.62,
            "gross_margin_4q_avg": 25.39,
            "net_income": 220616,
            "net_income_4q": null,
            "revenue": 3609713,
            "revenue_4q": null,
            "common_shares": 3761221,
            "book_valuer_per_share": 32.22,
            "book_valuer_per_share_4q_avg": 30.96,
            "equity": 16133199,
            "current_ratio": 163.94,
            "debt_ratio": 64.5,
            "inventory_turnover_ratio": 0.15,
            "account_receivable_turnover_ratio": 0.94,
            "reinvestment_rate": -1.06,
            "research_to_sale_ratio": 0.1,
            "price_fair": 91.4,
            "eps_avg_yearly": 2.61,
            "eps_latest_yearly": 1.84,
            "eps_growth_yearly": 191.03
        },
        "20212": {
            "year_quarter": 20212,
            "year": 2021,
            "quarter": 2,
            "eps": 0.15,
            "eps_growth_year": -16.67,
            "eps_4q": 2.06,
            "eps_4q_growth_year": 387.37,
            "roe": 0.54,
            "roe_4q": 6.88,
            "gross_profit": 682621,
            "gross_margin": 20.63,
            "gross_margin_4q_avg": 24.26,
            "net_income": 85510,
            "net_income_4q": null,
            "revenue": 3308803,
            "revenue_4q": null,
            "common_shares": 3761221,
            "book_valuer_per_share": 31.22,
            "book_valuer_per_share_4q_avg": 31.4,
            "equity": 15554433,
            "current_ratio": 151.59,
            "debt_ratio": 68.08,
            "inventory_turnover_ratio": 0.13,
            "account_receivable_turnover_ratio": 0.85,
            "reinvestment_rate": -3.72,
            "research_to_sale_ratio": 0.08,
            "price_fair": 88.5,
            "eps_avg_yearly": 2.53,
            "eps_latest_yearly": 0.6,
            "eps_growth_yearly": 171.12
        },
        "20213": {
            "year_quarter": 20213,
            "year": 2021,
            "quarter": 3,
            "eps": 0.8,
            "eps_growth_year": 142.42,
            "eps_4q": 2.53,
            "eps_4q_growth_year": 300.97,
            "roe": 3.05,
            "roe_4q": 8.75,
            "gross_profit": 1189966,
            "gross_margin": 21.33,
            "gross_margin_4q_avg": 23.39,
            "net_income": 479438,
            "net_income_4q": null,
            "revenue": 5578372,
            "revenue_4q": null,
            "common_shares": 3761221,
            "book_valuer_per_share": 32.02,
            "book_valuer_per_share_4q_avg": 31.86,
            "equity": 15933529,
            "current_ratio": 149.99,
            "debt_ratio": 67.33,
            "inventory_turnover_ratio": 0.21,
            "account_receivable_turnover_ratio": 1.44,
            "reinvestment_rate": -4.15,
            "research_to_sale_ratio": 0.05,
            "price_fair": 95.1,
            "eps_avg_yearly": 2.72,
            "eps_latest_yearly": 3.2,
            "eps_growth_yearly": 314.41
        },
        "20214": {
            "year_quarter": 20214,
            "year": 2021,
            "quarter": 4,
            "eps": 1.81,
            "eps_growth_year": 62.4,
            "eps_4q": 3.22,
            "eps_4q_growth_year": 117.31,
            "roe": 5.5,
            "roe_4q": 10.46,
            "gross_profit": 1648734,
            "gross_margin": 25.6,
            "gross_margin_4q_avg": 22.8,
            "net_income": 899346,
            "net_income_4q": null,
            "revenue": 6441280,
            "revenue_4q": null,
            "common_shares": 3761221,
            "book_valuer_per_share": 33.96,
            "book_valuer_per_share_4q_avg": 32.36,
            "equity": 16747653,
            "current_ratio": 161.45,
            "debt_ratio": 66.49,
            "inventory_turnover_ratio": 0.24,
            "account_receivable_turnover_ratio": 1.63,
            "reinvestment_rate": 6.8,
            "research_to_sale_ratio": 0.04,
            "price_fair": 107.4,
            "eps_avg_yearly": 3.07,
            "eps_latest_yearly": 7.24,
            "eps_growth_yearly": 260.68
        },
        "20221": {
            "year_quarter": 20221,
            "year": 2022,
            "quarter": 1,
            "eps": 0.92,
            "eps_growth_year": 100,
            "eps_4q": 3.68,
            "eps_4q_growth_year": 75.55,
            "roe": 2.75,
            "roe_4q": 11.84,
            "gross_profit": 1103949,
            "gross_margin": 24.02,
            "gross_margin_4q_avg": 22.9,
            "net_income": 471386,
            "net_income_4q": null,
            "revenue": 4595532,
            "revenue_4q": null,
            "common_shares": 3761221,
            "book_valuer_per_share": 35.79,
            "book_valuer_per_share_4q_avg": 33.25,
            "equity": 17582951,
            "current_ratio": 153.69,
            "debt_ratio": 64.46,
            "inventory_turnover_ratio": 0.18,
            "account_receivable_turnover_ratio": 1.14,
            "reinvestment_rate": 20.53,
            "research_to_sale_ratio": 0.06,
            "price_fair": 105,
            "eps_avg_yearly": 3,
            "eps_latest_yearly": 3.68,
            "eps_growth_yearly": 218.06
        },
        "20222": {
            "year_quarter": 20222,
            "year": 2022,
            "quarter": 2,
            "eps": 0.25,
            "eps_growth_year": 66.67,
            "eps_4q": 3.77,
            "eps_4q_growth_year": 82.84,
            "roe": 0.53,
            "roe_4q": 11.830000000000002,
            "gross_profit": 551697,
            "gross_margin": 18.15,
            "gross_margin_4q_avg": 22.28,
            "net_income": 90582,
            "net_income_4q": null,
            "revenue": 3040393,
            "revenue_4q": null,
            "common_shares": 3761221,
            "book_valuer_per_share": 33.43,
            "book_valuer_per_share_4q_avg": 33.8,
            "equity": 16389577,
            "current_ratio": 150.3,
            "debt_ratio": 66.49,
            "inventory_turnover_ratio": 0.12,
            "account_receivable_turnover_ratio": 0.8,
            "reinvestment_rate": 9.27,
            "research_to_sale_ratio": 0.29,
            "price_fair": 101,
            "eps_avg_yearly": 2.89,
            "eps_latest_yearly": 1,
            "eps_growth_yearly": 209.82
        },
        "20223": {
            "year_quarter": 20223,
            "year": 2022,
            "quarter": 3,
            "eps": 0.52,
            "eps_growth_year": -35,
            "eps_4q": 3.49,
            "eps_4q_growth_year": 38.23,
            "roe": 1.34,
            "roe_4q": 10.120000000000001,
            "gross_profit": 764594,
            "gross_margin": 21.95,
            "gross_margin_4q_avg": 22.43,
            "net_income": 221097,
            "net_income_4q": null,
            "revenue": 3482906,
            "revenue_4q": null,
            "common_shares": 3761221,
            "book_valuer_per_share": 33.96,
            "book_valuer_per_share_4q_avg": 34.29,
            "equity": 16641080,
            "current_ratio": 147.9,
            "debt_ratio": 66.59,
            "inventory_turnover_ratio": 0.13,
            "account_receivable_turnover_ratio": 0.91,
            "reinvestment_rate": 13.57,
            "research_to_sale_ratio": 0.14,
            "price_fair": 89.1,
            "eps_avg_yearly": 2.55,
            "eps_latest_yearly": 2.08,
            "eps_growth_yearly": 194.08
        },
        "20224": {
            "year_quarter": 20224,
            "year": 2022,
            "quarter": 4,
            "eps": 0.46,
            "eps_growth_year": -74.81,
            "eps_4q": 2.14,
            "eps_4q_growth_year": -33.54,
            "roe": 1.24,
            "roe_4q": 5.86,
            "gross_profit": 872315,
            "gross_margin": 24.84,
            "gross_margin_4q_avg": 22.24,
            "net_income": 205845,
            "net_income_4q": null,
            "revenue": 3511347,
            "revenue_4q": null,
            "common_shares": 3761221,
            "book_valuer_per_share": 34.18,
            "book_valuer_per_share_4q_avg": 34.34,
            "equity": 16684890,
            "current_ratio": 146.55,
            "debt_ratio": 68.54,
            "inventory_turnover_ratio": 0.12,
            "account_receivable_turnover_ratio": 0.89,
            "reinvestment_rate": 5.65,
            "research_to_sale_ratio": 0.17,
            "price_fair": 81.3,
            "eps_avg_yearly": 2.32,
            "eps_latest_yearly": 1.84,
            "eps_growth_yearly": 198.64
        },
        "20231": {
            "year_quarter": 20231,
            "year": 2023,
            "quarter": 1,
            "eps": -0.06,
            "eps_growth_year": -106.52,
            "eps_4q": 1.16,
            "eps_4q_growth_year": -68.59,
            "roe": -0.19,
            "roe_4q": 2.92,
            "gross_profit": 554014,
            "gross_margin": 19.3,
            "gross_margin_4q_avg": 21.06,
            "net_income": -31890,
            "net_income_4q": null,
            "revenue": 2871172,
            "revenue_4q": null,
            "common_shares": 3761252,
            "book_valuer_per_share": 34.23,
            "book_valuer_per_share_4q_avg": 33.95,
            "equity": 16697840,
            "current_ratio": 144.99,
            "debt_ratio": 68.33,
            "inventory_turnover_ratio": 0.1,
            "account_receivable_turnover_ratio": 0.79,
            "reinvestment_rate": -0.14,
            "research_to_sale_ratio": 0.17,
            "price_fair": 82.82,
            "eps_avg_yearly": 2.37,
            "eps_latest_yearly": 1.84,
            "eps_growth_yearly": 233.77
        },
        "20232": {
            "year_quarter": 20232,
            "year": 2023,
            "quarter": 2,
            "eps": 0.86,
            "eps_growth_year": 244,
            "eps_4q": 1.77,
            "eps_4q_growth_year": -53.16,
            "roe": 2.83,
            "roe_4q": 5.22,
            "gross_profit": 1090599,
            "gross_margin": 23.4,
            "gross_margin_4q_avg": 22.37,
            "net_income": 465522,
            "net_income_4q": null,
            "revenue": 4661540,
            "revenue_4q": null,
            "common_shares": 3761252,
            "book_valuer_per_share": 33.09,
            "book_valuer_per_share_4q_avg": 33.87,
            "equity": 16231494,
            "current_ratio": 148.41,
            "debt_ratio": 69.19,
            "inventory_turnover_ratio": 0.16,
            "account_receivable_turnover_ratio": 1.36,
            "reinvestment_rate": -6.38,
            "research_to_sale_ratio": 0.04,
            "price_fair": 83.88,
            "eps_avg_yearly": 2.4,
            "eps_latest_yearly": 1.84,
            "eps_growth_yearly": 248.7
        },
        "20233": {
            "year_quarter": 20233,
            "year": 2023,
            "quarter": 3,
            "eps": 1.02,
            "eps_growth_year": 96.15,
            "eps_4q": 2.26,
            "eps_4q_growth_year": -35.42,
            "roe": 3.25,
            "roe_4q": 7.13,
            "gross_profit": 1295222,
            "gross_margin": 23.77,
            "gross_margin_4q_avg": 22.83,
            "net_income": 542133,
            "net_income_4q": null,
            "revenue": 5449147,
            "revenue_4q": null,
            "common_shares": 3775478,
            "book_valuer_per_share": 34.76,
            "book_valuer_per_share_4q_avg": 34.07,
            "equity": 17150355,
            "current_ratio": 135.85,
            "debt_ratio": 67.57,
            "inventory_turnover_ratio": 0.19,
            "account_receivable_turnover_ratio": 1.5,
            "reinvestment_rate": 6.55,
            "research_to_sale_ratio": 0.06,
            "price_fair": 94.27,
            "eps_avg_yearly": 2.69,
            "eps_latest_yearly": 4.08,
            "eps_growth_yearly": 279.57
        }
    },
    "months": {
        "2001-06": {
            "month": "2001-06",
            "price": "21.74",
            "revenue": 194084
        },
        "2001-07": {
            "month": "2001-07",
            "price": "17.30",
            "revenue": 151222
        },
        "2001-08": {
            "month": "2001-08",
            "price": "15.16",
            "revenue": 172192
        },
        "2001-09": {
            "month": "2001-09",
            "price": "14.17",
            "revenue": 108667
        },
        "2001-10": {
            "month": "2001-10",
            "price": "13.70",
            "revenue": 135995
        },
        "2001-11": {
            "month": "2001-11",
            "price": "13.83",
            "revenue": 98697
        },
        "2001-12": {
            "month": "2001-12",
            "price": "14.85",
            "revenue": 104012
        },
        "2002-01": {
            "month": "2002-01",
            "price": "18.21",
            "revenue": 170865
        },
        "2002-02": {
            "month": "2002-02",
            "price": "17.08",
            "revenue": 63679
        },
        "2002-03": {
            "month": "2002-03",
            "price": "17.21",
            "revenue": 178756
        },
        "2002-04": {
            "month": "2002-04",
            "price": "19.14",
            "revenue": 162240
        },
        "2002-05": {
            "month": "2002-05",
            "price": "22.28",
            "revenue": 128419
        },
        "2002-06": {
            "month": "2002-06",
            "price": "25.38",
            "revenue": 168833
        },
        "2002-07": {
            "month": "2002-07",
            "price": "26.77",
            "revenue": 437811
        },
        "2002-08": {
            "month": "2002-08",
            "price": "27.85",
            "revenue": 293853
        },
        "2002-09": {
            "month": "2002-09",
            "price": "25.20",
            "revenue": 394940
        },
        "2002-10": {
            "month": "2002-10",
            "price": "25.15",
            "revenue": 311906
        },
        "2002-11": {
            "month": "2002-11",
            "price": "28.53",
            "revenue": 315524
        },
        "2002-12": {
            "month": "2002-12",
            "price": "30.41",
            "revenue": 425120
        },
        "2003-01": {
            "month": "2003-01",
            "price": "31.51",
            "revenue": 284742
        },
        "2003-02": {
            "month": "2003-02",
            "price": "30.91",
            "revenue": 240633
        },
        "2003-03": {
            "month": "2003-03",
            "price": "32.17",
            "revenue": 397645
        },
        "2003-04": {
            "month": "2003-04",
            "price": "33.05",
            "revenue": 257458
        },
        "2003-05": {
            "month": "2003-05",
            "price": "28.26",
            "revenue": 386402
        },
        "2003-06": {
            "month": "2003-06",
            "price": "28.81",
            "revenue": 353091
        },
        "2003-07": {
            "month": "2003-07",
            "price": "28.84",
            "revenue": 574705
        },
        "2003-08": {
            "month": "2003-08",
            "price": "30.72",
            "revenue": 556454
        },
        "2003-09": {
            "month": "2003-09",
            "price": "28.82",
            "revenue": 552066
        },
        "2003-10": {
            "month": "2003-10",
            "price": "31.69",
            "revenue": 375658
        },
        "2003-11": {
            "month": "2003-11",
            "price": "32.04",
            "revenue": 327964
        },
        "2003-12": {
            "month": "2003-12",
            "price": "30.44",
            "revenue": 644970
        },
        "2004-01": {
            "month": "2004-01",
            "price": "31.89",
            "revenue": 441961
        },
        "2004-02": {
            "month": "2004-02",
            "price": "42.03",
            "revenue": 950303
        },
        "2004-03": {
            "month": "2004-03",
            "price": "51.26",
            "revenue": 757455
        },
        "2004-04": {
            "month": "2004-04",
            "price": "48.50",
            "revenue": 574845
        },
        "2004-05": {
            "month": "2004-05",
            "price": "38.59",
            "revenue": 558832
        },
        "2004-06": {
            "month": "2004-06",
            "price": "35.40",
            "revenue": 706816
        },
        "2004-07": {
            "month": "2004-07",
            "price": "36.29",
            "revenue": 736930
        },
        "2004-08": {
            "month": "2004-08",
            "price": "34.58",
            "revenue": 546635
        },
        "2004-09": {
            "month": "2004-09",
            "price": "39.33",
            "revenue": 783201
        },
        "2004-10": {
            "month": "2004-10",
            "price": "38.81",
            "revenue": 720605
        },
        "2004-11": {
            "month": "2004-11",
            "price": "37.23",
            "revenue": 632811
        },
        "2004-12": {
            "month": "2004-12",
            "price": "38.33",
            "revenue": 572524
        },
        "2005-01": {
            "month": "2005-01",
            "price": "35.74",
            "revenue": 510978
        },
        "2005-02": {
            "month": "2005-02",
            "price": "33.68",
            "revenue": 440647
        },
        "2005-03": {
            "month": "2005-03",
            "price": "32.06",
            "revenue": 644886
        },
        "2005-04": {
            "month": "2005-04",
            "price": "29.67",
            "revenue": 479807
        },
        "2005-05": {
            "month": "2005-05",
            "price": "27.60",
            "revenue": 439177
        },
        "2005-06": {
            "month": "2005-06",
            "price": "27.42",
            "revenue": 416779
        },
        "2005-07": {
            "month": "2005-07",
            "price": "26.83",
            "revenue": 415117
        },
        "2005-08": {
            "month": "2005-08",
            "price": "24.33",
            "revenue": 513719
        },
        "2005-09": {
            "month": "2005-09",
            "price": "20.34",
            "revenue": 520358
        },
        "2005-10": {
            "month": "2005-10",
            "price": "19.21",
            "revenue": 457252
        },
        "2005-11": {
            "month": "2005-11",
            "price": "19.72",
            "revenue": 436286
        },
        "2005-12": {
            "month": "2005-12",
            "price": "21.55",
            "revenue": 578809
        },
        "2006-01": {
            "month": "2006-01",
            "price": "26.55",
            "revenue": 623827
        },
        "2006-02": {
            "month": "2006-02",
            "price": "27.02",
            "revenue": 445000
        },
        "2006-03": {
            "month": "2006-03",
            "price": "26.93",
            "revenue": 567031
        },
        "2006-04": {
            "month": "2006-04",
            "price": "33.27",
            "revenue": 529567
        },
        "2006-05": {
            "month": "2006-05",
            "price": "45.37",
            "revenue": 584686
        },
        "2006-06": {
            "month": "2006-06",
            "price": "44.80",
            "revenue": 629893
        },
        "2006-07": {
            "month": "2006-07",
            "price": "44.69",
            "revenue": 467543
        },
        "2006-08": {
            "month": "2006-08",
            "price": "45.25",
            "revenue": 524642
        },
        "2006-09": {
            "month": "2006-09",
            "price": "51.96",
            "revenue": 389224
        },
        "2006-10": {
            "month": "2006-10",
            "price": "60.86",
            "revenue": 419001
        },
        "2006-11": {
            "month": "2006-11",
            "price": "71.39",
            "revenue": 445491
        },
        "2006-12": {
            "month": "2006-12",
            "price": "70.25",
            "revenue": 437035
        },
        "2007-01": {
            "month": "2007-01",
            "price": "62.45",
            "revenue": 631878
        },
        "2007-02": {
            "month": "2007-02",
            "price": "57.20",
            "revenue": 337155
        },
        "2007-03": {
            "month": "2007-03",
            "price": "57.27",
            "revenue": 595486
        },
        "2007-04": {
            "month": "2007-04",
            "price": "59.41",
            "revenue": 446151
        },
        "2007-05": {
            "month": "2007-05",
            "price": "56.28",
            "revenue": 587314
        },
        "2007-06": {
            "month": "2007-06",
            "price": "55.12",
            "revenue": 497160
        },
        "2007-07": {
            "month": "2007-07",
            "price": "63.68",
            "revenue": 399045
        },
        "2007-08": {
            "month": "2007-08",
            "price": "49.78",
            "revenue": 534988
        },
        "2007-09": {
            "month": "2007-09",
            "price": "47.26",
            "revenue": 356263
        },
        "2007-10": {
            "month": "2007-10",
            "price": "43.52",
            "revenue": 512528
        },
        "2007-11": {
            "month": "2007-11",
            "price": "41.12",
            "revenue": 610001
        },
        "2007-12": {
            "month": "2007-12",
            "price": "37.70",
            "revenue": 788626
        },
        "2008-01": {
            "month": "2008-01",
            "price": "44.86",
            "revenue": 593165
        },
        "2008-02": {
            "month": "2008-02",
            "price": "50.51",
            "revenue": 529727
        },
        "2008-03": {
            "month": "2008-03",
            "price": "56.52",
            "revenue": 961341
        },
        "2008-04": {
            "month": "2008-04",
            "price": "62.67",
            "revenue": 1075478
        },
        "2008-05": {
            "month": "2008-05",
            "price": "60.50",
            "revenue": 901164
        },
        "2008-06": {
            "month": "2008-06",
            "price": "50.56",
            "revenue": 751776
        },
        "2008-07": {
            "month": "2008-07",
            "price": "42.98",
            "revenue": 470299
        },
        "2008-08": {
            "month": "2008-08",
            "price": "38.91",
            "revenue": 444862
        },
        "2008-09": {
            "month": "2008-09",
            "price": "28.32",
            "revenue": 350804
        },
        "2008-10": {
            "month": "2008-10",
            "price": "19.59",
            "revenue": 360004
        },
        "2008-11": {
            "month": "2008-11",
            "price": "18.33",
            "revenue": 326944
        },
        "2008-12": {
            "month": "2008-12",
            "price": "17.15",
            "revenue": 509211
        },
        "2009-01": {
            "month": "2009-01",
            "price": "17.18",
            "revenue": 300293
        },
        "2009-02": {
            "month": "2009-02",
            "price": "17.23",
            "revenue": 251883
        },
        "2009-03": {
            "month": "2009-03",
            "price": "21.68",
            "revenue": 233991
        },
        "2009-04": {
            "month": "2009-04",
            "price": "27.81",
            "revenue": 290125
        },
        "2009-05": {
            "month": "2009-05",
            "price": "33.84",
            "revenue": 310531
        },
        "2009-06": {
            "month": "2009-06",
            "price": "29.01",
            "revenue": 469196
        },
        "2009-07": {
            "month": "2009-07",
            "price": "30.11",
            "revenue": 393736
        },
        "2009-08": {
            "month": "2009-08",
            "price": "33.89",
            "revenue": 421113
        },
        "2009-09": {
            "month": "2009-09",
            "price": "36.30",
            "revenue": 333498
        },
        "2009-10": {
            "month": "2009-10",
            "price": "40.01",
            "revenue": 314779
        },
        "2009-11": {
            "month": "2009-11",
            "price": "42.06",
            "revenue": 306631
        },
        "2009-12": {
            "month": "2009-12",
            "price": "43.72",
            "revenue": 349617
        },
        "2010-01": {
            "month": "2010-01",
            "price": "45.94",
            "revenue": 334992
        },
        "2010-02": {
            "month": "2010-02",
            "price": "41.43",
            "revenue": 279108
        },
        "2010-03": {
            "month": "2010-03",
            "price": "43.95",
            "revenue": 360161
        },
        "2010-04": {
            "month": "2010-04",
            "price": "44.94",
            "revenue": 371675
        },
        "2010-05": {
            "month": "2010-05",
            "price": "41.47",
            "revenue": 393784
        },
        "2010-06": {
            "month": "2010-06",
            "price": "40.90",
            "revenue": 382269
        },
        "2010-07": {
            "month": "2010-07",
            "price": "41.59",
            "revenue": 372313
        },
        "2010-08": {
            "month": "2010-08",
            "price": "36.01",
            "revenue": 362496
        },
        "2010-09": {
            "month": "2010-09",
            "price": "32.49",
            "revenue": 369507
        },
        "2010-10": {
            "month": "2010-10",
            "price": "31.57",
            "revenue": 376329
        },
        "2010-11": {
            "month": "2010-11",
            "price": "32.23",
            "revenue": 373597
        },
        "2010-12": {
            "month": "2010-12",
            "price": "32.64",
            "revenue": 601362
        },
        "2011-01": {
            "month": "2011-01",
            "price": "32.98",
            "revenue": 369401
        },
        "2011-02": {
            "month": "2011-02",
            "price": "31.46",
            "revenue": 356211
        },
        "2011-03": {
            "month": "2011-03",
            "price": "29.85",
            "revenue": 409674
        },
        "2011-04": {
            "month": "2011-04",
            "price": "29.98",
            "revenue": 381466
        },
        "2011-05": {
            "month": "2011-05",
            "price": "29.70",
            "revenue": 401652
        },
        "2011-06": {
            "month": "2011-06",
            "price": "30.50",
            "revenue": 400321
        },
        "2011-07": {
            "month": "2011-07",
            "price": "30.79",
            "revenue": 417135
        },
        "2011-08": {
            "month": "2011-08",
            "price": "25.05",
            "revenue": 447884
        },
        "2011-09": {
            "month": "2011-09",
            "price": "23.49",
            "revenue": 424826
        },
        "2011-10": {
            "month": "2011-10",
            "price": "22.91",
            "revenue": 524445
        },
        "2011-11": {
            "month": "2011-11",
            "price": "22.35",
            "revenue": 471676
        },
        "2011-12": {
            "month": "2011-12",
            "price": "19.42",
            "revenue": 450557
        },
        "2012-01": {
            "month": "2012-01",
            "price": "19.19",
            "revenue": 378813
        },
        "2012-02": {
            "month": "2012-02",
            "price": "22.04",
            "revenue": 393313
        },
        "2012-03": {
            "month": "2012-03",
            "price": "21.48",
            "revenue": 427888
        },
        "2012-04": {
            "month": "2012-04",
            "price": "19.63",
            "revenue": 520739
        },
        "2012-05": {
            "month": "2012-05",
            "price": "18.77",
            "revenue": 440669
        },
        "2012-06": {
            "month": "2012-06",
            "price": "18.00",
            "revenue": 375092
        },
        "2012-07": {
            "month": "2012-07",
            "price": "17.78",
            "revenue": 396670
        },
        "2012-08": {
            "month": "2012-08",
            "price": "18.47",
            "revenue": 354446
        },
        "2012-09": {
            "month": "2012-09",
            "price": "24.59",
            "revenue": 284355
        },
        "2012-10": {
            "month": "2012-10",
            "price": "26.75",
            "revenue": 377758
        },
        "2012-11": {
            "month": "2012-11",
            "price": "26.86",
            "revenue": 303304
        },
        "2012-12": {
            "month": "2012-12",
            "price": "27.64",
            "revenue": 340593
        },
        "2013-01": {
            "month": "2013-01",
            "price": "28.99",
            "revenue": 1093819
        },
        "2013-02": {
            "month": "2013-02",
            "price": "32.58",
            "revenue": 859260
        },
        "2013-03": {
            "month": "2013-03",
            "price": "38.06",
            "revenue": 1097956
        },
        "2013-04": {
            "month": "2013-04",
            "price": "38.06",
            "revenue": 1178804
        },
        "2013-05": {
            "month": "2013-05",
            "price": "41.84",
            "revenue": 1682624
        },
        "2013-06": {
            "month": "2013-06",
            "price": "41.34",
            "revenue": 1294202
        },
        "2013-07": {
            "month": "2013-07",
            "price": "41.64",
            "revenue": 1319004
        },
        "2013-08": {
            "month": "2013-08",
            "price": "44.27",
            "revenue": 1203493
        },
        "2013-09": {
            "month": "2013-09",
            "price": "41.94",
            "revenue": 1254194
        },
        "2013-10": {
            "month": "2013-10",
            "price": "42.93",
            "revenue": 1309786
        },
        "2013-11": {
            "month": "2013-11",
            "price": "44.05",
            "revenue": 1197713
        },
        "2013-12": {
            "month": "2013-12",
            "price": "42.29",
            "revenue": 1342338
        },
        "2014-01": {
            "month": "2014-01",
            "price": "38.26",
            "revenue": 1164687
        },
        "2014-02": {
            "month": "2014-02",
            "price": "37.78",
            "revenue": 1127594
        },
        "2014-03": {
            "month": "2014-03",
            "price": "37.99",
            "revenue": 1310332
        },
        "2014-04": {
            "month": "2014-04",
            "price": "38.13",
            "revenue": 1435665
        },
        "2014-05": {
            "month": "2014-05",
            "price": "34.85",
            "revenue": 1356777
        },
        "2014-06": {
            "month": "2014-06",
            "price": "34.80",
            "revenue": 1187525
        },
        "2014-07": {
            "month": "2014-07",
            "price": "35.42",
            "revenue": 1206518
        },
        "2014-08": {
            "month": "2014-08",
            "price": "32.67",
            "revenue": 1147939
        },
        "2014-09": {
            "month": "2014-09",
            "price": "31.59",
            "revenue": 1240543
        },
        "2014-10": {
            "month": "2014-10",
            "price": "27.64",
            "revenue": 1379441
        },
        "2014-11": {
            "month": "2014-11",
            "price": "23.77",
            "revenue": 1289029
        },
        "2014-12": {
            "month": "2014-12",
            "price": "26.07",
            "revenue": 3277282
        },
        "2015-01": {
            "month": "2015-01",
            "price": "31.99",
            "revenue": 1358375
        },
        "2015-02": {
            "month": "2015-02",
            "price": "31.97",
            "revenue": 1277343
        },
        "2015-03": {
            "month": "2015-03",
            "price": "31.32",
            "revenue": 1983517
        },
        "2015-04": {
            "month": "2015-04",
            "price": "31.48",
            "revenue": 1176877
        },
        "2015-05": {
            "month": "2015-05",
            "price": "30.04",
            "revenue": 1184709
        },
        "2015-06": {
            "month": "2015-06",
            "price": "27.12",
            "revenue": 1300329
        },
        "2015-07": {
            "month": "2015-07",
            "price": "28.02",
            "revenue": 1166298
        },
        "2015-08": {
            "month": "2015-08",
            "price": "24.83",
            "revenue": 1110096
        },
        "2015-09": {
            "month": "2015-09",
            "price": "26.87",
            "revenue": 2179464
        },
        "2015-10": {
            "month": "2015-10",
            "price": "28.47",
            "revenue": 1508184
        },
        "2015-11": {
            "month": "2015-11",
            "price": "27.45",
            "revenue": 1436291
        },
        "2015-12": {
            "month": "2015-12",
            "price": "26.28",
            "revenue": 1727125
        },
        "2016-01": {
            "month": "2016-01",
            "price": "24.75",
            "revenue": 1250842
        },
        "2016-02": {
            "month": "2016-02",
            "price": "26.02",
            "revenue": 981582
        },
        "2016-03": {
            "month": "2016-03",
            "price": "27.23",
            "revenue": 1271149
        },
        "2016-04": {
            "month": "2016-04",
            "price": "35.44",
            "revenue": 1202766
        },
        "2016-05": {
            "month": "2016-05",
            "price": "36.59",
            "revenue": 1133120
        },
        "2016-06": {
            "month": "2016-06",
            "price": "36.87",
            "revenue": 1128748
        },
        "2016-07": {
            "month": "2016-07",
            "price": "35.48",
            "revenue": 985484
        },
        "2016-08": {
            "month": "2016-08",
            "price": "31.08",
            "revenue": 1093752
        },
        "2016-09": {
            "month": "2016-09",
            "price": "30.99",
            "revenue": 1953564
        },
        "2016-10": {
            "month": "2016-10",
            "price": "30.85",
            "revenue": 1424050
        },
        "2016-11": {
            "month": "2016-11",
            "price": "31.30",
            "revenue": 1123917
        },
        "2016-12": {
            "month": "2016-12",
            "price": "32.72",
            "revenue": 1823072
        },
        "2017-01": {
            "month": "2017-01",
            "price": "31.32",
            "revenue": 1106799
        },
        "2017-02": {
            "month": "2017-02",
            "price": "32.27",
            "revenue": 1145249
        },
        "2017-03": {
            "month": "2017-03",
            "price": "32.26",
            "revenue": 1197297
        },
        "2017-04": {
            "month": "2017-04",
            "price": "29.60",
            "revenue": 1304107
        },
        "2017-05": {
            "month": "2017-05",
            "price": "28.84",
            "revenue": 1260277
        },
        "2017-06": {
            "month": "2017-06",
            "price": "30.27",
            "revenue": 1461938
        },
        "2017-07": {
            "month": "2017-07",
            "price": "30.85",
            "revenue": 1260680
        },
        "2017-08": {
            "month": "2017-08",
            "price": "31.07",
            "revenue": 1305043
        },
        "2017-09": {
            "month": "2017-09",
            "price": "30.56",
            "revenue": 1227688
        },
        "2017-10": {
            "month": "2017-10",
            "price": "28.91",
            "revenue": 1345380
        },
        "2017-11": {
            "month": "2017-11",
            "price": "27.47",
            "revenue": 1336724
        },
        "2017-12": {
            "month": "2017-12",
            "price": "27.70",
            "revenue": 1590955
        },
        "2018-01": {
            "month": "2018-01",
            "price": "28.94",
            "revenue": 1297418
        },
        "2018-02": {
            "month": "2018-02",
            "price": "28.22",
            "revenue": 914128
        },
        "2018-03": {
            "month": "2018-03",
            "price": "28.61",
            "revenue": 1316524
        },
        "2018-04": {
            "month": "2018-04",
            "price": "30.05",
            "revenue": 1346291
        },
        "2018-05": {
            "month": "2018-05",
            "price": "30.91",
            "revenue": 1225694
        },
        "2018-06": {
            "month": "2018-06",
            "price": "29.35",
            "revenue": 1089980
        },
        "2018-07": {
            "month": "2018-07",
            "price": "28.93",
            "revenue": 1310302
        },
        "2018-08": {
            "month": "2018-08",
            "price": "31.12",
            "revenue": 2093275
        },
        "2018-09": {
            "month": "2018-09",
            "price": "30.96",
            "revenue": 2556336
        },
        "2018-10": {
            "month": "2018-10",
            "price": "31.16",
            "revenue": 1305712
        },
        "2018-11": {
            "month": "2018-11",
            "price": "30.82",
            "revenue": 2211870
        },
        "2018-12": {
            "month": "2018-12",
            "price": "35.92",
            "revenue": 1476249
        },
        "2019-01": {
            "month": "2019-01",
            "price": "38.32",
            "revenue": 1203550
        },
        "2019-02": {
            "month": "2019-02",
            "price": "37.86",
            "revenue": 964707
        },
        "2019-03": {
            "month": "2019-03",
            "price": "38.96",
            "revenue": 1596895
        },
        "2019-04": {
            "month": "2019-04",
            "price": "37.64",
            "revenue": 1099565
        },
        "2019-05": {
            "month": "2019-05",
            "price": "35.77",
            "revenue": 1233207
        },
        "2019-06": {
            "month": "2019-06",
            "price": "35.27",
            "revenue": 1306068
        },
        "2019-07": {
            "month": "2019-07",
            "price": "34.52",
            "revenue": 1102770
        },
        "2019-08": {
            "month": "2019-08",
            "price": "31.52",
            "revenue": 1045547
        },
        "2019-09": {
            "month": "2019-09",
            "price": "30.86",
            "revenue": 1019530
        },
        "2019-10": {
            "month": "2019-10",
            "price": "30.96",
            "revenue": 892287
        },
        "2019-11": {
            "month": "2019-11",
            "price": "31.36",
            "revenue": 1015498
        },
        "2019-12": {
            "month": "2019-12",
            "price": "31.03",
            "revenue": 1235183
        },
        "2020-01": {
            "month": "2020-01",
            "price": "30.38",
            "revenue": 846719
        },
        "2020-02": {
            "month": "2020-02",
            "price": "29.08",
            "revenue": 553694
        },
        "2020-03": {
            "month": "2020-03",
            "price": "25.13",
            "revenue": 867494
        },
        "2020-04": {
            "month": "2020-04",
            "price": "23.94",
            "revenue": 832480
        },
        "2020-05": {
            "month": "2020-05",
            "price": "26.74",
            "revenue": 748855
        },
        "2020-06": {
            "month": "2020-06",
            "price": "28.17",
            "revenue": 844592
        },
        "2020-07": {
            "month": "2020-07",
            "price": "27.35",
            "revenue": 969679
        },
        "2020-08": {
            "month": "2020-08",
            "price": "27.04",
            "revenue": 1179290
        },
        "2020-09": {
            "month": "2020-09",
            "price": "30.43",
            "revenue": 1197780
        },
        "2020-10": {
            "month": "2020-10",
            "price": "33.26",
            "revenue": 1714970
        },
        "2020-11": {
            "month": "2020-11",
            "price": "33.45",
            "revenue": 1303517
        },
        "2020-12": {
            "month": "2020-12",
            "price": "32.07",
            "revenue": 2122105
        },
        "2021-01": {
            "month": "2021-01",
            "price": "31.17",
            "revenue": 1164624
        },
        "2021-02": {
            "month": "2021-02",
            "price": "31.23",
            "revenue": 835083
        },
        "2021-03": {
            "month": "2021-03",
            "price": "31.79",
            "revenue": 1655763
        },
        "2021-04": {
            "month": "2021-04",
            "price": "36.27",
            "revenue": 1289068
        },
        "2021-05": {
            "month": "2021-05",
            "price": "33.99",
            "revenue": 994013
        },
        "2021-06": {
            "month": "2021-06",
            "price": "33.03",
            "revenue": 986696
        },
        "2021-07": {
            "month": "2021-07",
            "price": "32.87",
            "revenue": 1794654
        },
        "2021-08": {
            "month": "2021-08",
            "price": "32.63",
            "revenue": 1665213
        },
        "2021-09": {
            "month": "2021-09",
            "price": "33.63",
            "revenue": 2187890
        },
        "2021-10": {
            "month": "2021-10",
            "price": "31.68",
            "revenue": 1785704
        },
        "2021-11": {
            "month": "2021-11",
            "price": "32.21",
            "revenue": 2101785
        },
        "2021-12": {
            "month": "2021-12",
            "price": "32.49",
            "revenue": 2747544
        },
        "2022-01": {
            "month": "2022-01",
            "price": "33.28",
            "revenue": 1578230
        },
        "2022-02": {
            "month": "2022-02",
            "price": "35.68",
            "revenue": 1212553
        },
        "2022-03": {
            "month": "2022-03",
            "price": "34.41",
            "revenue": 1812987
        },
        "2022-04": {
            "month": "2022-04",
            "price": "33.92",
            "revenue": 968599
        },
        "2022-05": {
            "month": "2022-05",
            "price": "31.86",
            "revenue": 956219
        },
        "2022-06": {
            "month": "2022-06",
            "price": "32.27",
            "revenue": 1138896
        },
        "2022-07": {
            "month": "2022-07",
            "price": "29.96",
            "revenue": 1127279
        },
        "2022-08": {
            "month": "2022-08",
            "price": "29.57",
            "revenue": 1202021
        },
        "2022-09": {
            "month": "2022-09",
            "price": "29.46",
            "revenue": 1158278
        },
        "2022-10": {
            "month": "2022-10",
            "price": "28.55",
            "revenue": 1086761
        },
        "2022-11": {
            "month": "2022-11",
            "price": "27.98",
            "revenue": 1129967
        },
        "2022-12": {
            "month": "2022-12",
            "price": "29.10",
            "revenue": 1237022
        },
        "2023-01": {
            "month": "2023-01",
            "price": "29.36",
            "revenue": 811722
        },
        "2023-02": {
            "month": "2023-02",
            "price": "31.32",
            "revenue": 957222
        },
        "2023-03": {
            "month": "2023-03",
            "price": "34.70",
            "revenue": 1109044
        },
        "2023-04": {
            "month": "2023-04",
            "price": "35.02",
            "revenue": 863993
        },
        "2023-05": {
            "month": "2023-05",
            "price": "34.44",
            "revenue": 975871
        },
        "2023-06": {
            "month": "2023-06",
            "price": "36.41",
            "revenue": 2828888
        },
        "2023-07": {
            "month": "2023-07",
            "price": "36.69",
            "revenue": 2487753
        },
        "2023-08": {
            "month": "2023-08",
            "price": "36.77",
            "revenue": 1732102
        },
        "2023-09": {
            "month": "2023-09",
            "price": "36.38",
            "revenue": 1201528
        },
        "2023-10": {
            "month": "2023-10",
            "price": "35.76",
            "revenue": 1018575
        },
        "2023-11": {
            "month": "2023-11",
            "price": "37.14",
            "revenue": 1022476
        },
        "2023-12": {
            "month": "2023-12",
            "price": "39.87",
            "revenue": 2627420
        }
    }
}
