{
    "summary": {
        "stock_name": "車王電",
        "stock_id": "1533",
        "category": "汽車",
        "main_business": "電子零組件製造業(電子點火器、電壓調整器、整流器)；<br>電動工具製造業(電鑽、打釘機等)<br>機車及其零件製造業；一般儀器製造業；",
        "website_url": "http://www.more.com.tw",
        "ceo": "蔡裕慶",
        "pe_ratio": -198,
        "report_year_from": 2001,
        "report_year_to": 2023,
        "age": 22,
        "eps_negative_percentage": 9,
        "eps_growth_avg": {
            "last_all": -8.35,
            "last_2y": -37.19,
            "last_4y": -7.19,
            "last_8y": -7.53,
            "last_12y": 0.68,
            "last_16y": -1.12,
            "last_20y": -8.35,
            "at_2006_last_3y": -10.07,
            "at_2007_last_3y": -4.57,
            "at_2008_last_3y": -7.68,
            "at_2009_last_3y": -8.91,
            "at_2010_last_3y": -70.45,
            "at_2011_last_3y": -28.21,
            "at_2012_last_3y": -7.79,
            "at_2013_last_3y": 19.16,
            "at_2014_last_3y": 43.86,
            "at_2015_last_3y": 11.71,
            "at_2016_last_3y": 8.9,
            "at_2017_last_3y": -7.96,
            "at_2018_last_3y": 13.48,
            "at_2019_last_3y": 14.55,
            "at_2020_last_3y": 12.66,
            "at_2021_last_3y": 4.52,
            "at_2022_last_3y": -33.98,
            "at_2023_last_3y": -33.98,
            "at_2006_last_all": -9.82,
            "at_2007_last_all": -12.64,
            "at_2008_last_all": -25.12,
            "at_2009_last_all": -25.12,
            "at_2010_last_all": -32.56,
            "at_2011_last_all": -17.83,
            "at_2012_last_all": -19.92,
            "at_2013_last_all": -9.02,
            "at_2014_last_all": -7.08,
            "at_2015_last_all": -8.74,
            "at_2016_last_all": -11.69,
            "at_2017_last_all": -8.74,
            "at_2018_last_all": -1.94,
            "at_2019_last_all": -3.26,
            "at_2020_last_all": -6.28,
            "at_2021_last_all": -5.95,
            "at_2022_last_all": -8.35,
            "at_2023_last_all": -8.35
        },
        "latest_eps": -0.28,
        "latest_price": 55.3,
        "latest_roe": -4.83,
        "latest_gross_margin": 17.41,
        "latest_equity": 2871267,
        "latest_revenue": 924123,
        "latest_gross_profit": 160884,
        "latest_net_income": -79721,
        "latest_debt_ratio": 65.25,
        "latest_current_ratio": 219.11,
        "latest_account_receivable_turnover_ratio": 1.26,
        "latest_inventory_turnover_ratio": 0.42,
        "latest_reinvestment_rate": 419.73,
        "latest_research_to_sale_ratio": 5.7
    },
    "eps_dividends": {
        "1999": {
            "cash": 0,
            "stock": 3,
            "eps": 0
        },
        "2000": {
            "cash": 0,
            "stock": 4,
            "eps": 0
        },
        "2001": {
            "cash": 1,
            "stock": 2,
            "eps": 4.3
        },
        "2002": {
            "cash": 2,
            "stock": 1,
            "eps": 3.92
        },
        "2003": {
            "cash": 2,
            "stock": 0,
            "eps": 2.01
        },
        "2004": {
            "cash": 1,
            "stock": 1,
            "eps": 0.25
        },
        "2005": {
            "cash": 1,
            "stock": 0,
            "eps": 0.24
        },
        "2006": {
            "cash": 1,
            "stock": 0,
            "eps": 3.03
        },
        "2007": {
            "cash": 1,
            "stock": 0,
            "eps": 2.22
        },
        "2008": {
            "cash": 1,
            "stock": 0,
            "eps": -0.45
        },
        "2009": {
            "cash": 0,
            "stock": 0,
            "eps": 0.13
        },
        "2010": {
            "cash": 1,
            "stock": 0,
            "eps": 0.02
        },
        "2011": {
            "cash": 0,
            "stock": 0,
            "eps": 1.29
        },
        "2012": {
            "cash": 0,
            "stock": 0,
            "eps": 0.79
        },
        "2013": {
            "cash": 0,
            "stock": 0,
            "eps": 2.11
        },
        "2014": {
            "cash": 2,
            "stock": 0,
            "eps": 2.41
        },
        "2015": {
            "cash": 1,
            "stock": 0,
            "eps": 1.72
        },
        "2016": {
            "cash": 0,
            "stock": 0,
            "eps": 0.86
        },
        "2017": {
            "cash": 0,
            "stock": 0,
            "eps": 1.14
        },
        "2018": {
            "cash": 0,
            "stock": 0,
            "eps": 2.71
        },
        "2019": {
            "cash": 1,
            "stock": 0,
            "eps": 2.05
        },
        "2020": {
            "cash": 1,
            "stock": 0,
            "eps": 0.87
        },
        "2021": {
            "cash": 0,
            "stock": 0,
            "eps": 0.87
        },
        "2022": {
            "cash": 0,
            "stock": 0,
            "eps": 0.4
        },
        "2023": {
            "cash": 0,
            "stock": 0,
            "eps": -0.48
        }
    },
    "dividends": {
        "1999-06-24": {
            "cash": 0,
            "stock": 2.64
        },
        "2000-05-24": {
            "cash": 0,
            "stock": 4
        },
        "2001-06-19": {
            "cash": 1,
            "stock": 1.8
        },
        "2002-06-12": {
            "cash": 1.8,
            "stock": 1.2
        },
        "2003-03-28": {
            "cash": 2,
            "stock": 0.05
        },
        "2004-03-23": {
            "cash": 1,
            "stock": 0.5
        },
        "2005-04-21": {
            "cash": 0.6,
            "stock": 0
        },
        "2006-04-24": {
            "cash": 0.5,
            "stock": 0
        },
        "2007-04-20": {
            "cash": 1.2,
            "stock": 0
        },
        "2008-03-27": {
            "cash": 1,
            "stock": 0
        },
        "2010-04-23": {
            "cash": 0.5,
            "stock": 0
        },
        "2011-01-01": {
            "cash": 0.4,
            "stock": 0
        },
        "2013-03-26": {
            "cash": 0.3,
            "stock": 0
        },
        "2014-06-12": {
            "cash": 1.5,
            "stock": 0
        },
        "2015-09-18": {
            "cash": 0.5,
            "stock": 0
        },
        "2016-09-14": {
            "cash": 0.1,
            "stock": 0.4
        },
        "2017-09-19": {
            "cash": 0.2,
            "stock": 0
        },
        "2018-09-19": {
            "cash": 0.3,
            "stock": 0
        },
        "2019-09-19": {
            "cash": 0.8,
            "stock": 0
        },
        "2020-09-18": {
            "cash": 0.5,
            "stock": 0
        },
        "2022-09-21": {
            "cash": 0.3,
            "stock": 0
        }
    },
    "prices": {
        "200101": "無",
        "200102": "無",
        "200103": "無",
        "200104": "54.28",
        "200105": "50.76",
        "200106": "49.58",
        "200107": "50.97",
        "200108": "42.23",
        "200109": "33.62",
        "200110": "32.90",
        "200111": "38.13",
        "200112": "48.03",
        "200201": "57.86",
        "200202": "57.46",
        "200203": "57.36",
        "200204": "57.00",
        "200205": "60.48",
        "200206": "60.20",
        "200207": "52.98",
        "200208": "52.84",
        "200209": "50.21",
        "200210": "49.84",
        "200211": "49.81",
        "200212": "48.89",
        "200301": "50.62",
        "200302": "50.02",
        "200303": "49.00",
        "200304": "46.00",
        "200305": "35.12",
        "200306": "39.26",
        "200307": "44.19",
        "200308": "46.53",
        "200309": "41.27",
        "200310": "40.40",
        "200311": "39.47",
        "200312": "38.04",
        "200401": "37.89",
        "200402": "40.16",
        "200403": "41.07",
        "200404": "39.02",
        "200405": "33.70",
        "200406": "31.15",
        "200407": "27.20",
        "200408": "22.22",
        "200409": "21.80",
        "200410": "19.68",
        "200411": "17.12",
        "200412": "17.72",
        "200501": "24.18",
        "200502": "25.52",
        "200503": "24.33",
        "200504": "23.51",
        "200505": "22.32",
        "200506": "23.06",
        "200507": "22.57",
        "200508": "20.69",
        "200509": "18.40",
        "200510": "16.69",
        "200511": "15.83",
        "200512": "19.72",
        "200601": "18.53",
        "200602": "17.44",
        "200603": "16.95",
        "200604": "24.52",
        "200605": "26.95",
        "200606": "24.72",
        "200607": "27.50",
        "200608": "29.55",
        "200609": "30.50",
        "200610": "31.13",
        "200611": "34.61",
        "200612": "40.23",
        "200701": "39.23",
        "200702": "37.91",
        "200703": "37.76",
        "200704": "38.73",
        "200705": "37.56",
        "200706": "40.92",
        "200707": "56.14",
        "200708": "53.45",
        "200709": "42.63",
        "200710": "43.67",
        "200711": "34.52",
        "200712": "28.92",
        "200801": "28.04",
        "200802": "27.40",
        "200803": "28.90",
        "200804": "28.50",
        "200805": "27.26",
        "200806": "22.69",
        "200807": "18.32",
        "200808": "18.31",
        "200809": "13.02",
        "200810": "10.40",
        "200811": "9.21",
        "200812": "9.12",
        "200901": "8.94",
        "200902": "10.25",
        "200903": "13.07",
        "200904": "15.26",
        "200905": "15.36",
        "200906": "14.49",
        "200907": "15.58",
        "200908": "17.48",
        "200909": "18.58",
        "200910": "28.33",
        "200911": "28.86",
        "200912": "27.97",
        "201001": "27.42",
        "201002": "22.96",
        "201003": "25.87",
        "201004": "27.77",
        "201005": "24.17",
        "201006": "22.83",
        "201007": "23.09",
        "201008": "25.51",
        "201009": "23.94",
        "201010": "23.79",
        "201011": "22.36",
        "201012": "22.95",
        "201101": "22.86",
        "201102": "22.44",
        "201103": "23.75",
        "201104": "24.19",
        "201105": "27.37",
        "201106": "27.77",
        "201107": "29.62",
        "201108": "23.82",
        "201109": "17.98",
        "201110": "17.10",
        "201111": "17.64",
        "201112": "15.43",
        "201201": "16.35",
        "201202": "19.98",
        "201203": "19.53",
        "201204": "17.94",
        "201205": "17.49",
        "201206": "16.92",
        "201207": "16.47",
        "201208": "17.26",
        "201209": "18.12",
        "201210": "16.92",
        "201211": "16.06",
        "201212": "16.57",
        "201301": "17.04",
        "201302": "17.51",
        "201303": "17.52",
        "201304": "16.83",
        "201305": "16.94",
        "201306": "16.77",
        "201307": "19.87",
        "201308": "22.23",
        "201309": "27.07",
        "201310": "38.52",
        "201311": "36.59",
        "201312": "42.32",
        "201401": "42.34",
        "201402": "43.31",
        "201403": "44.99",
        "201404": "46.95",
        "201405": "50.25",
        "201406": "64.42",
        "201407": "68.61",
        "201408": "64.62",
        "201409": "66.35",
        "201410": "64.68",
        "201411": "62.21",
        "201412": "62.35",
        "201501": "62.77",
        "201502": "63.56",
        "201503": "61.64",
        "201504": "54.28",
        "201505": "46.13",
        "201506": "41.08",
        "201507": "34.41",
        "201508": "33.13",
        "201509": "46.44",
        "201510": "47.89",
        "201511": "45.68",
        "201512": "40.65",
        "201601": "37.54",
        "201602": "43.58",
        "201603": "48.04",
        "201604": "52.23",
        "201605": "44.17",
        "201606": "43.99",
        "201607": "44.07",
        "201608": "45.38",
        "201609": "44.17",
        "201610": "40.46",
        "201611": "37.44",
        "201612": "41.15",
        "201701": "42.64",
        "201702": "43.62",
        "201703": "43.07",
        "201704": "41.59",
        "201705": "39.53",
        "201706": "39.97",
        "201707": "39.11",
        "201708": "38.50",
        "201709": "40.02",
        "201710": "41.05",
        "201711": "39.33",
        "201712": "39.75",
        "201801": "40.10",
        "201802": "37.79",
        "201803": "37.69",
        "201804": "37.19",
        "201805": "37.91",
        "201806": "38.25",
        "201807": "36.86",
        "201808": "35.95",
        "201809": "35.48",
        "201810": "32.36",
        "201811": "33.40",
        "201812": "36.91",
        "201901": "36.12",
        "201902": "36.85",
        "201903": "36.66",
        "201904": "37.65",
        "201905": "35.15",
        "201906": "34.56",
        "201907": "37.73",
        "201908": "37.34",
        "201909": "38.34",
        "201910": "37.90",
        "201911": "37.04",
        "201912": "36.56",
        "202001": "36.71",
        "202002": "34.45",
        "202003": "26.84",
        "202004": "25.63",
        "202005": "26.72",
        "202006": "29.26",
        "202007": "30.85",
        "202008": "29.91",
        "202009": "29.60",
        "202010": "30.80",
        "202011": "32.47",
        "202012": "34.22",
        "202101": "55.31",
        "202102": "71.30",
        "202103": "67.93",
        "202104": "66.91",
        "202105": "53.69",
        "202106": "56.29",
        "202107": "60.44",
        "202108": "53.22",
        "202109": "49.49",
        "202110": "49.40",
        "202111": "57.89",
        "202112": "57.60",
        "202201": "62.77",
        "202202": "60.69",
        "202203": "55.47",
        "202204": "63.64",
        "202205": "60.24",
        "202206": "62.92",
        "202207": "58.61",
        "202208": "61.00",
        "202209": "57.51",
        "202210": "48.82",
        "202211": "50.19",
        "202212": "50.93",
        "202301": "49.18",
        "202302": "50.85",
        "202303": "51.21",
        "202304": "53.78",
        "202305": "54.82"
    },
    "quarters": {
        "20011": {
            "year_quarter": 20011,
            "year": 2001,
            "quarter": 1,
            "eps": 0.34,
            "eps_growth_year": -47.69,
            "eps_4q": 4.09,
            "eps_4q_growth_year": null,
            "roe": 1.77,
            "roe_4q": 1.77,
            "gross_profit": 81318,
            "gross_margin": 29.26,
            "gross_margin_4q_avg": 29.26,
            "net_income": 21705,
            "revenue": 277960,
            "common_shares": 642000,
            "book_valuer_per_share": 19.26,
            "book_valuer_per_share_4q_avg": 19.26,
            "equity": 1236271,
            "current_ratio": 155.02,
            "debt_ratio": 48.38,
            "inventory_turnover_ratio": 0.52,
            "account_receivable_turnover_ratio": null,
            "reinvestment_rate": null,
            "research_to_sale_ratio": null,
            "price_fair": 0,
            "eps_avg_yearly": 0,
            "eps_latest_yearly": 0,
            "eps_growth_yearly": 0
        },
        "20012": {
            "year_quarter": 20012,
            "year": 2001,
            "quarter": 2,
            "eps": 1.45,
            "eps_growth_year": 17.89,
            "eps_4q": 4.7,
            "eps_4q_growth_year": null,
            "roe": 7.44,
            "roe_4q": 9.21,
            "gross_profit": 120993,
            "gross_margin": 27.51,
            "gross_margin_4q_avg": 28.39,
            "net_income": 92865,
            "revenue": 439866,
            "common_shares": 642000,
            "book_valuer_per_share": 19.65,
            "book_valuer_per_share_4q_avg": 19.46,
            "equity": 1261421,
            "current_ratio": 148.32,
            "debt_ratio": 44.22,
            "inventory_turnover_ratio": 0.87,
            "account_receivable_turnover_ratio": null,
            "reinvestment_rate": null,
            "research_to_sale_ratio": null,
            "price_fair": 0,
            "eps_avg_yearly": 0,
            "eps_latest_yearly": 0,
            "eps_growth_yearly": 0
        },
        "20013": {
            "year_quarter": 20013,
            "year": 2001,
            "quarter": 3,
            "eps": 1.19,
            "eps_growth_year": 29.35,
            "eps_4q": 4.42,
            "eps_4q_growth_year": null,
            "roe": 6.9,
            "roe_4q": 16.11,
            "gross_profit": 150032,
            "gross_margin": 28.56,
            "gross_margin_4q_avg": 28.44,
            "net_income": 90194,
            "revenue": 525274,
            "common_shares": 757560,
            "book_valuer_per_share": 17.86,
            "book_valuer_per_share_4q_avg": 18.92,
            "equity": 1352888,
            "current_ratio": 128.1,
            "debt_ratio": 51.74,
            "inventory_turnover_ratio": 1.01,
            "account_receivable_turnover_ratio": null,
            "reinvestment_rate": null,
            "research_to_sale_ratio": null,
            "price_fair": 0,
            "eps_avg_yearly": 0,
            "eps_latest_yearly": 0,
            "eps_growth_yearly": 0
        },
        "20014": {
            "year_quarter": 20014,
            "year": 2001,
            "quarter": 4,
            "eps": 1.32,
            "eps_growth_year": -37.14,
            "eps_4q": 4.02,
            "eps_4q_growth_year": -6.77,
            "roe": 7.12,
            "roe_4q": 23.23,
            "gross_profit": 177748,
            "gross_margin": 32.61,
            "gross_margin_4q_avg": 29.49,
            "net_income": 99994,
            "revenue": 545020,
            "common_shares": 757560,
            "book_valuer_per_share": 19.19,
            "book_valuer_per_share_4q_avg": 18.99,
            "equity": 1454113,
            "current_ratio": 142.92,
            "debt_ratio": 44.06,
            "inventory_turnover_ratio": 0.81,
            "account_receivable_turnover_ratio": null,
            "reinvestment_rate": null,
            "research_to_sale_ratio": null,
            "price_fair": 0,
            "eps_avg_yearly": 0,
            "eps_latest_yearly": 0,
            "eps_growth_yearly": 0
        },
        "20021": {
            "year_quarter": 20021,
            "year": 2002,
            "quarter": 1,
            "eps": 1.01,
            "eps_growth_year": 197.06,
            "eps_4q": 4.74,
            "eps_4q_growth_year": 15.81,
            "roe": 5.14,
            "roe_4q": 26.6,
            "gross_profit": 152121,
            "gross_margin": 32.79,
            "gross_margin_4q_avg": 30.37,
            "net_income": 76734,
            "revenue": 463994,
            "common_shares": 757560,
            "book_valuer_per_share": 20.22,
            "book_valuer_per_share_4q_avg": 19.23,
            "equity": 1531639,
            "current_ratio": 213.9,
            "debt_ratio": 46.25,
            "inventory_turnover_ratio": 0.64,
            "account_receivable_turnover_ratio": null,
            "reinvestment_rate": null,
            "research_to_sale_ratio": null,
            "price_fair": 12.12,
            "eps_avg_yearly": 4.04,
            "eps_latest_yearly": 4.04,
            "eps_growth_yearly": -93.94
        },
        "20022": {
            "year_quarter": 20022,
            "year": 2002,
            "quarter": 2,
            "eps": 1.01,
            "eps_growth_year": -30.34,
            "eps_4q": 4.15,
            "eps_4q_growth_year": -11.62,
            "roe": 5.71,
            "roe_4q": 24.869999999999997,
            "gross_profit": 200310,
            "gross_margin": 33.01,
            "gross_margin_4q_avg": 31.74,
            "net_income": 85781,
            "revenue": 606855,
            "common_shares": 757560,
            "book_valuer_per_share": 19.48,
            "book_valuer_per_share_4q_avg": 19.19,
            "equity": 1475463,
            "current_ratio": 216.44,
            "debt_ratio": 45.39,
            "inventory_turnover_ratio": 0.9,
            "account_receivable_turnover_ratio": null,
            "reinvestment_rate": null,
            "research_to_sale_ratio": null,
            "price_fair": 12.12,
            "eps_avg_yearly": 4.04,
            "eps_latest_yearly": 4.04,
            "eps_growth_yearly": -46.97
        },
        "20023": {
            "year_quarter": 20023,
            "year": 2002,
            "quarter": 3,
            "eps": 1.12,
            "eps_growth_year": -5.88,
            "eps_4q": 4.22,
            "eps_4q_growth_year": -4.55,
            "roe": 6.14,
            "roe_4q": 24.11,
            "gross_profit": 143783,
            "gross_margin": 29.77,
            "gross_margin_4q_avg": 32.05,
            "net_income": 94921,
            "revenue": 483008,
            "common_shares": 861139,
            "book_valuer_per_share": 18.77,
            "book_valuer_per_share_4q_avg": 19.42,
            "equity": 1616548,
            "current_ratio": 226.12,
            "debt_ratio": 41.35,
            "inventory_turnover_ratio": 0.75,
            "account_receivable_turnover_ratio": null,
            "reinvestment_rate": null,
            "research_to_sale_ratio": null,
            "price_fair": 12.56,
            "eps_avg_yearly": 4.19,
            "eps_latest_yearly": 4.48,
            "eps_growth_yearly": -16.79
        },
        "20024": {
            "year_quarter": 20024,
            "year": 2002,
            "quarter": 4,
            "eps": 0.78,
            "eps_growth_year": -40.91,
            "eps_4q": 3.79,
            "eps_4q_growth_year": -5.71,
            "roe": 4.02,
            "roe_4q": 21.01,
            "gross_profit": 148550,
            "gross_margin": 30.3,
            "gross_margin_4q_avg": 31.47,
            "net_income": 66633,
            "revenue": 490230,
            "common_shares": 866479,
            "book_valuer_per_share": 19.65,
            "book_valuer_per_share_4q_avg": 19.53,
            "equity": 1702576,
            "current_ratio": 229.76,
            "debt_ratio": 39.92,
            "inventory_turnover_ratio": 0.63,
            "account_receivable_turnover_ratio": null,
            "reinvestment_rate": null,
            "research_to_sale_ratio": null,
            "price_fair": 11.76,
            "eps_avg_yearly": 3.92,
            "eps_latest_yearly": 3.12,
            "eps_growth_yearly": -42.95
        },
        "20031": {
            "year_quarter": 20031,
            "year": 2003,
            "quarter": 1,
            "eps": 0.49,
            "eps_growth_year": -51.49,
            "eps_4q": 3.36,
            "eps_4q_growth_year": -29.03,
            "roe": 2.45,
            "roe_4q": 18.32,
            "gross_profit": 125100,
            "gross_margin": 28.42,
            "gross_margin_4q_avg": 30.38,
            "net_income": 42218,
            "revenue": 440171,
            "common_shares": 867356,
            "book_valuer_per_share": 20.15,
            "book_valuer_per_share_4q_avg": 19.51,
            "equity": 1748028,
            "current_ratio": 563.91,
            "debt_ratio": 52.56,
            "inventory_turnover_ratio": 0.58,
            "account_receivable_turnover_ratio": null,
            "reinvestment_rate": null,
            "research_to_sale_ratio": null,
            "price_fair": 10.58,
            "eps_avg_yearly": 3.53,
            "eps_latest_yearly": 1.96,
            "eps_growth_yearly": -64.1
        },
        "20032": {
            "year_quarter": 20032,
            "year": 2003,
            "quarter": 2,
            "eps": 0.56,
            "eps_growth_year": -44.55,
            "eps_4q": 2.92,
            "eps_4q_growth_year": -29.58,
            "roe": 2.88,
            "roe_4q": 15.489999999999998,
            "gross_profit": 124255,
            "gross_margin": 32.34,
            "gross_margin_4q_avg": 30.21,
            "net_income": 48267,
            "revenue": 384206,
            "common_shares": 867356,
            "book_valuer_per_share": 18.44,
            "book_valuer_per_share_4q_avg": 19.25,
            "equity": 1599180,
            "current_ratio": 505.83,
            "debt_ratio": 55.26,
            "inventory_turnover_ratio": 0.55,
            "account_receivable_turnover_ratio": null,
            "reinvestment_rate": null,
            "research_to_sale_ratio": null,
            "price_fair": 9.94,
            "eps_avg_yearly": 3.31,
            "eps_latest_yearly": 2.24,
            "eps_growth_yearly": -43.9
        },
        "20033": {
            "year_quarter": 20033,
            "year": 2003,
            "quarter": 3,
            "eps": 0.58,
            "eps_growth_year": -48.21,
            "eps_4q": 2.31,
            "eps_4q_growth_year": -45.25,
            "roe": 3.23,
            "roe_4q": 12.579999999999998,
            "gross_profit": 140383,
            "gross_margin": 26.17,
            "gross_margin_4q_avg": 29.31,
            "net_income": 52705,
            "revenue": 536444,
            "common_shares": 915388,
            "book_valuer_per_share": 18.2,
            "book_valuer_per_share_4q_avg": 19.11,
            "equity": 1666133,
            "current_ratio": 386.27,
            "debt_ratio": 55.01,
            "inventory_turnover_ratio": 0.82,
            "account_receivable_turnover_ratio": null,
            "reinvestment_rate": null,
            "research_to_sale_ratio": null,
            "price_fair": 9.51,
            "eps_avg_yearly": 3.17,
            "eps_latest_yearly": 2.32,
            "eps_growth_yearly": -35.58
        },
        "20034": {
            "year_quarter": 20034,
            "year": 2003,
            "quarter": 4,
            "eps": 0.38,
            "eps_growth_year": -51.28,
            "eps_4q": 1.95,
            "eps_4q_growth_year": -48.67,
            "roe": 2.07,
            "roe_4q": 10.629999999999999,
            "gross_profit": 132727,
            "gross_margin": 27.48,
            "gross_margin_4q_avg": 28.6,
            "net_income": 34721,
            "revenue": 483072,
            "common_shares": 915388,
            "book_valuer_per_share": 18.5,
            "book_valuer_per_share_4q_avg": 18.82,
            "equity": 1693629,
            "current_ratio": 603.23,
            "debt_ratio": 52.47,
            "inventory_turnover_ratio": 0.64,
            "account_receivable_turnover_ratio": null,
            "reinvestment_rate": 63.54,
            "research_to_sale_ratio": null,
            "price_fair": 8.9,
            "eps_avg_yearly": 2.97,
            "eps_latest_yearly": 1.52,
            "eps_growth_yearly": -48.38
        },
        "20041": {
            "year_quarter": 20041,
            "year": 2004,
            "quarter": 1,
            "eps": 0.29,
            "eps_growth_year": -40.82,
            "eps_4q": 1.78,
            "eps_4q_growth_year": -47.05,
            "roe": 1.55,
            "roe_4q": 9.73,
            "gross_profit": 100306,
            "gross_margin": 28.35,
            "gross_margin_4q_avg": 28.59,
            "net_income": 26422,
            "revenue": 353759,
            "common_shares": 915416,
            "book_valuer_per_share": 18.77,
            "book_valuer_per_share_4q_avg": 18.48,
            "equity": 1718306,
            "current_ratio": 253.54,
            "debt_ratio": 51.48,
            "inventory_turnover_ratio": 0.48,
            "account_receivable_turnover_ratio": null,
            "reinvestment_rate": 29.12,
            "research_to_sale_ratio": null,
            "price_fair": 8.29,
            "eps_avg_yearly": 2.76,
            "eps_latest_yearly": 1.16,
            "eps_growth_yearly": -53.53
        },
        "20042": {
            "year_quarter": 20042,
            "year": 2004,
            "quarter": 2,
            "eps": 0.28,
            "eps_growth_year": -50,
            "eps_4q": 1.5,
            "eps_4q_growth_year": -48.59,
            "roe": 1.55,
            "roe_4q": 8.4,
            "gross_profit": 124991,
            "gross_margin": 31.06,
            "gross_margin_4q_avg": 28.27,
            "net_income": 26061,
            "revenue": 402472,
            "common_shares": 915416,
            "book_valuer_per_share": 18.01,
            "book_valuer_per_share_4q_avg": 18.37,
            "equity": 1648361,
            "current_ratio": 220.63,
            "debt_ratio": 55.05,
            "inventory_turnover_ratio": 0.57,
            "account_receivable_turnover_ratio": null,
            "reinvestment_rate": 25.68,
            "research_to_sale_ratio": null,
            "price_fair": 7.8,
            "eps_avg_yearly": 2.6,
            "eps_latest_yearly": 1.12,
            "eps_growth_yearly": -49.56
        },
        "20043": {
            "year_quarter": 20043,
            "year": 2004,
            "quarter": 3,
            "eps": 0.39,
            "eps_growth_year": -32.76,
            "eps_4q": 1.28,
            "eps_4q_growth_year": -44.41,
            "roe": 2.29,
            "roe_4q": 7.459999999999999,
            "gross_profit": 135198,
            "gross_margin": 26.29,
            "gross_margin_4q_avg": 28.3,
            "net_income": 38055,
            "revenue": 514164,
            "common_shares": 961185,
            "book_valuer_per_share": 17.46,
            "book_valuer_per_share_4q_avg": 18.19,
            "equity": 1678654,
            "current_ratio": 226.58,
            "debt_ratio": 54.77,
            "inventory_turnover_ratio": 0.7,
            "account_receivable_turnover_ratio": null,
            "reinvestment_rate": 24.46,
            "research_to_sale_ratio": null,
            "price_fair": 7.52,
            "eps_avg_yearly": 2.51,
            "eps_latest_yearly": 1.56,
            "eps_growth_yearly": -30.76
        },
        "20044": {
            "year_quarter": 20044,
            "year": 2004,
            "quarter": 4,
            "eps": -0.71,
            "eps_growth_year": -286.84,
            "eps_4q": 0.23,
            "eps_4q_growth_year": -88.19,
            "roe": -4.23,
            "roe_4q": 1.1599999999999997,
            "gross_profit": 140690,
            "gross_margin": 29.81,
            "gross_margin_4q_avg": 28.88,
            "net_income": -68721,
            "revenue": 472026,
            "common_shares": 961185,
            "book_valuer_per_share": 16.37,
            "book_valuer_per_share_4q_avg": 17.65,
            "equity": 1573722,
            "current_ratio": 218.84,
            "debt_ratio": 55.82,
            "inventory_turnover_ratio": 0.55,
            "account_receivable_turnover_ratio": null,
            "reinvestment_rate": 76.06,
            "research_to_sale_ratio": null,
            "price_fair": 7.52,
            "eps_avg_yearly": 2.51,
            "eps_latest_yearly": 1.56,
            "eps_growth_yearly": -30.76
        },
        "20051": {
            "year_quarter": 20051,
            "year": 2005,
            "quarter": 1,
            "eps": 0.36,
            "eps_growth_year": 24.14,
            "eps_4q": 0.31,
            "eps_4q_growth_year": -82.46,
            "roe": 2.17,
            "roe_4q": 1.7799999999999996,
            "gross_profit": 114378,
            "gross_margin": 26.09,
            "gross_margin_4q_avg": 28.31,
            "net_income": 34557,
            "revenue": 438457,
            "common_shares": 961185,
            "book_valuer_per_share": 16.7,
            "book_valuer_per_share_4q_avg": 17.14,
            "equity": 1604815,
            "current_ratio": 247.56,
            "debt_ratio": 51.08,
            "inventory_turnover_ratio": 0.57,
            "account_receivable_turnover_ratio": null,
            "reinvestment_rate": 13.92,
            "research_to_sale_ratio": null,
            "price_fair": 7.52,
            "eps_avg_yearly": 2.51,
            "eps_latest_yearly": 1.56,
            "eps_growth_yearly": -30.76
        },
        "20052": {
            "year_quarter": 20052,
            "year": 2005,
            "quarter": 2,
            "eps": -0.06,
            "eps_growth_year": -121.43,
            "eps_4q": -0.02,
            "eps_4q_growth_year": -101.17,
            "roe": -0.36,
            "roe_4q": -0.13000000000000034,
            "gross_profit": 123182,
            "gross_margin": 26.85,
            "gross_margin_4q_avg": 27.26,
            "net_income": -5585,
            "revenue": 458695,
            "common_shares": 961185,
            "book_valuer_per_share": 16.03,
            "book_valuer_per_share_4q_avg": 16.64,
            "equity": 1540345,
            "current_ratio": 92.85,
            "debt_ratio": 51.93,
            "inventory_turnover_ratio": 0.66,
            "account_receivable_turnover_ratio": null,
            "reinvestment_rate": 18.11,
            "research_to_sale_ratio": null,
            "price_fair": 7.52,
            "eps_avg_yearly": 2.51,
            "eps_latest_yearly": 1.56,
            "eps_growth_yearly": -30.76
        },
        "20053": {
            "year_quarter": 20053,
            "year": 2005,
            "quarter": 3,
            "eps": 0.44,
            "eps_growth_year": 12.82,
            "eps_4q": 0.03,
            "eps_4q_growth_year": -98.02,
            "roe": 2.66,
            "roe_4q": 0.2400000000000002,
            "gross_profit": 113903,
            "gross_margin": 20.16,
            "gross_margin_4q_avg": 25.73,
            "net_income": 42184,
            "revenue": 565047,
            "common_shares": 961185,
            "book_valuer_per_share": 16.95,
            "book_valuer_per_share_4q_avg": 16.51,
            "equity": 1629068,
            "current_ratio": 94.73,
            "debt_ratio": 51.44,
            "inventory_turnover_ratio": 0.86,
            "account_receivable_turnover_ratio": null,
            "reinvestment_rate": 14.51,
            "research_to_sale_ratio": null,
            "price_fair": 7.52,
            "eps_avg_yearly": 2.51,
            "eps_latest_yearly": 1.56,
            "eps_growth_yearly": -30.76
        },
        "20054": {
            "year_quarter": 20054,
            "year": 2005,
            "quarter": 4,
            "eps": -0.5,
            "eps_growth_year": null,
            "eps_4q": 0.24,
            "eps_4q_growth_year": 4.35,
            "roe": -3.03,
            "roe_4q": 1.4400000000000004,
            "gross_profit": 109758,
            "gross_margin": 23.65,
            "gross_margin_4q_avg": 24.19,
            "net_income": -48538,
            "revenue": 464155,
            "common_shares": 961185,
            "book_valuer_per_share": 16.37,
            "book_valuer_per_share_4q_avg": 16.51,
            "equity": 1573550,
            "current_ratio": 193.6,
            "debt_ratio": 51.38,
            "inventory_turnover_ratio": 0.58,
            "account_receivable_turnover_ratio": null,
            "reinvestment_rate": 84.76,
            "research_to_sale_ratio": null,
            "price_fair": 7.52,
            "eps_avg_yearly": 2.51,
            "eps_latest_yearly": 1.56,
            "eps_growth_yearly": -30.76
        },
        "20061": {
            "year_quarter": 20061,
            "year": 2006,
            "quarter": 1,
            "eps": 0.73,
            "eps_growth_year": 102.78,
            "eps_4q": 0.61,
            "eps_4q_growth_year": 93.98,
            "roe": 4.34,
            "roe_4q": 3.6100000000000003,
            "gross_profit": 147819,
            "gross_margin": 28.21,
            "gross_margin_4q_avg": 24.72,
            "net_income": 69878,
            "revenue": 524040,
            "common_shares": 961185,
            "book_valuer_per_share": 17.1,
            "book_valuer_per_share_4q_avg": 16.61,
            "equity": 1643428,
            "current_ratio": 180.13,
            "debt_ratio": 50.18,
            "inventory_turnover_ratio": 0.6,
            "account_receivable_turnover_ratio": null,
            "reinvestment_rate": 28.55,
            "research_to_sale_ratio": null,
            "price_fair": 7.06,
            "eps_avg_yearly": 2.35,
            "eps_latest_yearly": 1.56,
            "eps_growth_yearly": -24.45
        },
        "20062": {
            "year_quarter": 20062,
            "year": 2006,
            "quarter": 2,
            "eps": 0.73,
            "eps_growth_year": null,
            "eps_4q": 1.39,
            "eps_4q_growth_year": null,
            "roe": 4.25,
            "roe_4q": 8.22,
            "gross_profit": 136740,
            "gross_margin": 27.57,
            "gross_margin_4q_avg": 24.9,
            "net_income": 70077,
            "revenue": 496037,
            "common_shares": 961185,
            "book_valuer_per_share": 17.25,
            "book_valuer_per_share_4q_avg": 16.92,
            "equity": 1658144,
            "current_ratio": 183.62,
            "debt_ratio": 50.63,
            "inventory_turnover_ratio": 0.59,
            "account_receivable_turnover_ratio": null,
            "reinvestment_rate": 30.86,
            "research_to_sale_ratio": null,
            "price_fair": 6.72,
            "eps_avg_yearly": 2.24,
            "eps_latest_yearly": 2.92,
            "eps_growth_yearly": -24.45
        },
        "20063": {
            "year_quarter": 20063,
            "year": 2006,
            "quarter": 3,
            "eps": 1.21,
            "eps_growth_year": 175,
            "eps_4q": 2.16,
            "eps_4q_growth_year": 8416.35,
            "roe": 6.7,
            "roe_4q": 12.26,
            "gross_profit": 169831,
            "gross_margin": 22.03,
            "gross_margin_4q_avg": 25.37,
            "net_income": 116072,
            "revenue": 771042,
            "common_shares": 961185,
            "book_valuer_per_share": 18.78,
            "book_valuer_per_share_4q_avg": 17.38,
            "equity": 1804641,
            "current_ratio": 178.87,
            "debt_ratio": 49.85,
            "inventory_turnover_ratio": 0.94,
            "account_receivable_turnover_ratio": null,
            "reinvestment_rate": 30.16,
            "research_to_sale_ratio": null,
            "price_fair": 6.83,
            "eps_avg_yearly": 2.28,
            "eps_latest_yearly": 4.84,
            "eps_growth_yearly": -2.5
        },
        "20064": {
            "year_quarter": 20064,
            "year": 2006,
            "quarter": 4,
            "eps": 0.36,
            "eps_growth_year": null,
            "eps_4q": 3.03,
            "eps_4q_growth_year": 1161.32,
            "roe": 1.9,
            "roe_4q": 17.189999999999998,
            "gross_profit": 139530,
            "gross_margin": 22.17,
            "gross_margin_4q_avg": 25,
            "net_income": 34557,
            "revenue": 629502,
            "common_shares": 962499,
            "book_valuer_per_share": 18.98,
            "book_valuer_per_share_4q_avg": 18.03,
            "equity": 1826455,
            "current_ratio": 209.82,
            "debt_ratio": 50.67,
            "inventory_turnover_ratio": 0.64,
            "account_receivable_turnover_ratio": null,
            "reinvestment_rate": 81.59,
            "research_to_sale_ratio": null,
            "price_fair": 6.32,
            "eps_avg_yearly": 2.11,
            "eps_latest_yearly": 1.44,
            "eps_growth_yearly": -18.46
        },
        "20071": {
            "year_quarter": 20071,
            "year": 2007,
            "quarter": 1,
            "eps": 0.81,
            "eps_growth_year": 10.96,
            "eps_4q": 3.11,
            "eps_4q_growth_year": 414.59,
            "roe": 4.14,
            "roe_4q": 16.99,
            "gross_profit": 144389,
            "gross_margin": 27.73,
            "gross_margin_4q_avg": 24.88,
            "net_income": 77568,
            "revenue": 520692,
            "common_shares": 963437,
            "book_valuer_per_share": 19.92,
            "book_valuer_per_share_4q_avg": 18.73,
            "equity": 1919582,
            "current_ratio": 204.74,
            "debt_ratio": 46.56,
            "inventory_turnover_ratio": 0.48,
            "account_receivable_turnover_ratio": null,
            "reinvestment_rate": 30.94,
            "research_to_sale_ratio": null,
            "price_fair": 78.26,
            "eps_avg_yearly": 2.24,
            "eps_latest_yearly": 3.24,
            "eps_growth_yearly": 46.41
        },
        "20072": {
            "year_quarter": 20072,
            "year": 2007,
            "quarter": 2,
            "eps": 0.42,
            "eps_growth_year": -42.47,
            "eps_4q": 2.77,
            "eps_4q_growth_year": 99.01,
            "roe": 2.17,
            "roe_4q": 14.91,
            "gross_profit": 155859,
            "gross_margin": 29.63,
            "gross_margin_4q_avg": 25.39,
            "net_income": 40790,
            "revenue": 525964,
            "common_shares": 963437,
            "book_valuer_per_share": 19.06,
            "book_valuer_per_share_4q_avg": 19.19,
            "equity": 1836106,
            "current_ratio": 235.15,
            "debt_ratio": 50.95,
            "inventory_turnover_ratio": 0.55,
            "account_receivable_turnover_ratio": null,
            "reinvestment_rate": 42.25,
            "research_to_sale_ratio": null,
            "price_fair": 68.54,
            "eps_avg_yearly": 2.18,
            "eps_latest_yearly": 1.68,
            "eps_growth_yearly": 21.44
        },
        "20073": {
            "year_quarter": 20073,
            "year": 2007,
            "quarter": 3,
            "eps": 0.72,
            "eps_growth_year": -40.5,
            "eps_4q": 2.31,
            "eps_4q_growth_year": 6.98,
            "roe": 3.69,
            "roe_4q": 11.9,
            "gross_profit": 169174,
            "gross_margin": 30.24,
            "gross_margin_4q_avg": 27.44,
            "net_income": 69069,
            "revenue": 559421,
            "common_shares": 964072,
            "book_valuer_per_share": 19.78,
            "book_valuer_per_share_4q_avg": 19.44,
            "equity": 1907365,
            "current_ratio": 178.09,
            "debt_ratio": 49.75,
            "inventory_turnover_ratio": 0.59,
            "account_receivable_turnover_ratio": null,
            "reinvestment_rate": 44.47,
            "research_to_sale_ratio": null,
            "price_fair": 78.26,
            "eps_avg_yearly": 2.24,
            "eps_latest_yearly": 2.88,
            "eps_growth_yearly": 48.58
        },
        "20074": {
            "year_quarter": 20074,
            "year": 2007,
            "quarter": 4,
            "eps": 0.27,
            "eps_growth_year": -25,
            "eps_4q": 2.24,
            "eps_4q_growth_year": -25.97,
            "roe": 1.33,
            "roe_4q": 11.329999999999998,
            "gross_profit": 260810,
            "gross_margin": 32.28,
            "gross_margin_4q_avg": 29.97,
            "net_income": 25673,
            "revenue": 807912,
            "common_shares": 964152,
            "book_valuer_per_share": 20.3,
            "book_valuer_per_share_4q_avg": 19.77,
            "equity": 1957569,
            "current_ratio": 182.63,
            "debt_ratio": 46.59,
            "inventory_turnover_ratio": 0.72,
            "account_receivable_turnover_ratio": null,
            "reinvestment_rate": 65.18,
            "research_to_sale_ratio": null,
            "price_fair": 76.72,
            "eps_avg_yearly": 2.19,
            "eps_latest_yearly": 1.08,
            "eps_growth_yearly": 37.38
        },
        "20081": {
            "year_quarter": 20081,
            "year": 2008,
            "quarter": 1,
            "eps": 0.06,
            "eps_growth_year": -92.59,
            "eps_4q": 1.47,
            "eps_4q_growth_year": -52.7,
            "roe": 0.3,
            "roe_4q": 7.49,
            "gross_profit": 213075,
            "gross_margin": 36.31,
            "gross_margin_4q_avg": 32.12,
            "net_income": 5754,
            "revenue": 586777,
            "common_shares": 964152,
            "book_valuer_per_share": 19.91,
            "book_valuer_per_share_4q_avg": 19.76,
            "equity": 1919410,
            "current_ratio": 152.46,
            "debt_ratio": 47.71,
            "inventory_turnover_ratio": 0.41,
            "account_receivable_turnover_ratio": null,
            "reinvestment_rate": 132.59,
            "research_to_sale_ratio": null,
            "price_fair": 54.05,
            "eps_avg_yearly": 2.1,
            "eps_latest_yearly": 0.24,
            "eps_growth_yearly": 15.74
        },
        "20082": {
            "year_quarter": 20082,
            "year": 2008,
            "quarter": 2,
            "eps": -0.05,
            "eps_growth_year": -111.9,
            "eps_4q": 1,
            "eps_4q_growth_year": -64.07,
            "roe": -0.24,
            "roe_4q": 5.08,
            "gross_profit": 163251,
            "gross_margin": 33.97,
            "gross_margin_4q_avg": 33.2,
            "net_income": -4548,
            "revenue": 480567,
            "common_shares": 964152,
            "book_valuer_per_share": 18.88,
            "book_valuer_per_share_4q_avg": 19.72,
            "equity": 1820145,
            "current_ratio": 160.26,
            "debt_ratio": 48.46,
            "inventory_turnover_ratio": 0.34,
            "account_receivable_turnover_ratio": null,
            "reinvestment_rate": 142.83,
            "research_to_sale_ratio": null,
            "price_fair": 64.1,
            "eps_avg_yearly": 2.21,
            "eps_latest_yearly": 0.24,
            "eps_growth_yearly": 19.02
        },
        "20083": {
            "year_quarter": 20083,
            "year": 2008,
            "quarter": 3,
            "eps": 0.35,
            "eps_growth_year": -51.39,
            "eps_4q": 0.63,
            "eps_4q_growth_year": -72.93,
            "roe": 1.83,
            "roe_4q": 3.22,
            "gross_profit": 198584,
            "gross_margin": 39.53,
            "gross_margin_4q_avg": 35.52,
            "net_income": 34049,
            "revenue": 502315,
            "common_shares": 964152,
            "book_valuer_per_share": 19.76,
            "book_valuer_per_share_4q_avg": 19.71,
            "equity": 1905610,
            "current_ratio": 168.18,
            "debt_ratio": 47.41,
            "inventory_turnover_ratio": 0.31,
            "account_receivable_turnover_ratio": null,
            "reinvestment_rate": 143.72,
            "research_to_sale_ratio": null,
            "price_fair": 26.92,
            "eps_avg_yearly": 2.29,
            "eps_latest_yearly": 0.24,
            "eps_growth_yearly": 1.75
        },
        "20084": {
            "year_quarter": 20084,
            "year": 2008,
            "quarter": 4,
            "eps": -0.81,
            "eps_growth_year": -400,
            "eps_4q": -0.44,
            "eps_4q_growth_year": -119.63,
            "roe": -4.16,
            "roe_4q": -2.2700000000000005,
            "gross_profit": 116771,
            "gross_margin": 29.23,
            "gross_margin_4q_avg": 34.76,
            "net_income": -77771,
            "revenue": 399497,
            "common_shares": 964152,
            "book_valuer_per_share": 18.99,
            "book_valuer_per_share_4q_avg": 19.39,
            "equity": 1831095,
            "current_ratio": 304.37,
            "debt_ratio": 47.03,
            "inventory_turnover_ratio": 0.29,
            "account_receivable_turnover_ratio": 2.5,
            "reinvestment_rate": 51.56,
            "research_to_sale_ratio": null,
            "price_fair": 26.92,
            "eps_avg_yearly": 2.29,
            "eps_latest_yearly": 0.24,
            "eps_growth_yearly": 1.75
        },
        "20091": {
            "year_quarter": 20091,
            "year": 2009,
            "quarter": 1,
            "eps": 0.1,
            "eps_growth_year": 66.67,
            "eps_4q": -0.39,
            "eps_4q_growth_year": -126.34,
            "roe": 0.54,
            "roe_4q": -2.0300000000000002,
            "gross_profit": 112585,
            "gross_margin": 31.51,
            "gross_margin_4q_avg": 33.56,
            "net_income": 9888,
            "revenue": 357313,
            "common_shares": 964152,
            "book_valuer_per_share": 19.16,
            "book_valuer_per_share_4q_avg": 19.2,
            "equity": 1847062,
            "current_ratio": 308.73,
            "debt_ratio": 47.07,
            "inventory_turnover_ratio": 0.26,
            "account_receivable_turnover_ratio": 1.09,
            "reinvestment_rate": 124.74,
            "research_to_sale_ratio": null,
            "price_fair": 26.92,
            "eps_avg_yearly": 2.29,
            "eps_latest_yearly": 0.24,
            "eps_growth_yearly": 1.75
        },
        "20092": {
            "year_quarter": 20092,
            "year": 2009,
            "quarter": 2,
            "eps": -0.07,
            "eps_growth_year": null,
            "eps_4q": -0.42,
            "eps_4q_growth_year": -141.88,
            "roe": -0.34,
            "roe_4q": -2.13,
            "gross_profit": 125912,
            "gross_margin": 31.79,
            "gross_margin_4q_avg": 33.02,
            "net_income": -6355,
            "revenue": 396029,
            "common_shares": 964152,
            "book_valuer_per_share": 19.25,
            "book_valuer_per_share_4q_avg": 19.29,
            "equity": 1856003,
            "current_ratio": 276.45,
            "debt_ratio": 47.86,
            "inventory_turnover_ratio": 0.29,
            "account_receivable_turnover_ratio": 1.28,
            "reinvestment_rate": 123.36,
            "research_to_sale_ratio": null,
            "price_fair": 26.92,
            "eps_avg_yearly": 2.29,
            "eps_latest_yearly": 0.24,
            "eps_growth_yearly": 1.75
        },
        "20093": {
            "year_quarter": 20093,
            "year": 2009,
            "quarter": 3,
            "eps": 0.37,
            "eps_growth_year": 5.71,
            "eps_4q": -0.39,
            "eps_4q_growth_year": -162.76,
            "roe": 1.94,
            "roe_4q": -2.0200000000000005,
            "gross_profit": 205235,
            "gross_margin": 37.25,
            "gross_margin_4q_avg": 32.45,
            "net_income": 35994,
            "revenue": 550903,
            "common_shares": 964152,
            "book_valuer_per_share": 19.33,
            "book_valuer_per_share_4q_avg": 19.18,
            "equity": 1863331,
            "current_ratio": 148.03,
            "debt_ratio": 48.18,
            "inventory_turnover_ratio": 0.39,
            "account_receivable_turnover_ratio": 1.39,
            "reinvestment_rate": 113.72,
            "research_to_sale_ratio": null,
            "price_fair": 26.92,
            "eps_avg_yearly": 2.29,
            "eps_latest_yearly": 0.24,
            "eps_growth_yearly": 1.75
        },
        "20094": {
            "year_quarter": 20094,
            "year": 2009,
            "quarter": 4,
            "eps": -0.27,
            "eps_growth_year": null,
            "eps_4q": 0.14,
            "eps_4q_growth_year": null,
            "roe": -1.41,
            "roe_4q": 0.73,
            "gross_profit": 137528,
            "gross_margin": 30.2,
            "gross_margin_4q_avg": 32.69,
            "net_income": -26016,
            "revenue": 455433,
            "common_shares": 964152,
            "book_valuer_per_share": 18.97,
            "book_valuer_per_share_4q_avg": 19.18,
            "equity": 1828622,
            "current_ratio": 125.69,
            "debt_ratio": 46.63,
            "inventory_turnover_ratio": 0.38,
            "account_receivable_turnover_ratio": 2.11,
            "reinvestment_rate": 15.56,
            "research_to_sale_ratio": null,
            "price_fair": 26.92,
            "eps_avg_yearly": 2.29,
            "eps_latest_yearly": 0.24,
            "eps_growth_yearly": 1.75
        },
        "20101": {
            "year_quarter": 20101,
            "year": 2010,
            "quarter": 1,
            "eps": -0.15,
            "eps_growth_year": -250,
            "eps_4q": -0.11,
            "eps_4q_growth_year": null,
            "roe": -0.78,
            "roe_4q": -0.5900000000000001,
            "gross_profit": 155742,
            "gross_margin": 38.16,
            "gross_margin_4q_avg": 34.35,
            "net_income": -14225,
            "revenue": 408171,
            "common_shares": 964152,
            "book_valuer_per_share": 18.69,
            "book_valuer_per_share_4q_avg": 19.06,
            "equity": 1802217,
            "current_ratio": 267.58,
            "debt_ratio": 48.23,
            "inventory_turnover_ratio": 0.31,
            "account_receivable_turnover_ratio": 0.84,
            "reinvestment_rate": 122.14,
            "research_to_sale_ratio": 4.21,
            "price_fair": 26.92,
            "eps_avg_yearly": 2.29,
            "eps_latest_yearly": 0.24,
            "eps_growth_yearly": 1.75
        },
        "20102": {
            "year_quarter": 20102,
            "year": 2010,
            "quarter": 2,
            "eps": 0.18,
            "eps_growth_year": null,
            "eps_4q": 0.14,
            "eps_4q_growth_year": null,
            "roe": 0.97,
            "roe_4q": 0.72,
            "gross_profit": 188654,
            "gross_margin": 38.87,
            "gross_margin_4q_avg": 36.12,
            "net_income": 17422,
            "revenue": 485396,
            "common_shares": 964152,
            "book_valuer_per_share": 18.51,
            "book_valuer_per_share_4q_avg": 18.88,
            "equity": 1784719,
            "current_ratio": 318.8,
            "debt_ratio": 45.73,
            "inventory_turnover_ratio": 0.33,
            "account_receivable_turnover_ratio": 0.93,
            "reinvestment_rate": 512.92,
            "research_to_sale_ratio": 3.41,
            "price_fair": 26.41,
            "eps_avg_yearly": 2.2,
            "eps_latest_yearly": 0.24,
            "eps_growth_yearly": 2
        },
        "20103": {
            "year_quarter": 20103,
            "year": 2010,
            "quarter": 3,
            "eps": 0.36,
            "eps_growth_year": -3.11,
            "eps_4q": 0.12,
            "eps_4q_growth_year": null,
            "roe": 1.92,
            "roe_4q": 0.6999999999999995,
            "gross_profit": 212601,
            "gross_margin": 38.04,
            "gross_margin_4q_avg": 36.32,
            "net_income": 34564,
            "revenue": 558893,
            "common_shares": 964152,
            "book_valuer_per_share": 18.74,
            "book_valuer_per_share_4q_avg": 18.73,
            "equity": 1807119,
            "current_ratio": 204.78,
            "debt_ratio": 46.87,
            "inventory_turnover_ratio": 0.35,
            "account_receivable_turnover_ratio": 0.88,
            "reinvestment_rate": 664.35,
            "research_to_sale_ratio": 3.11,
            "price_fair": 54.13,
            "eps_avg_yearly": 1.71,
            "eps_latest_yearly": 1.44,
            "eps_growth_yearly": 21.57
        },
        "20104": {
            "year_quarter": 20104,
            "year": 2010,
            "quarter": 4,
            "eps": -0.37,
            "eps_growth_year": null,
            "eps_4q": 0.02,
            "eps_4q_growth_year": -83.07,
            "roe": -2.03,
            "roe_4q": 0.08000000000000007,
            "gross_profit": 155736,
            "gross_margin": 31.4,
            "gross_margin_4q_avg": 36.62,
            "net_income": -35478,
            "revenue": 495961,
            "common_shares": 964152,
            "book_valuer_per_share": 17.49,
            "book_valuer_per_share_4q_avg": 18.36,
            "equity": 1686285,
            "current_ratio": 193.66,
            "debt_ratio": 48.76,
            "inventory_turnover_ratio": 0.34,
            "account_receivable_turnover_ratio": 0.76,
            "reinvestment_rate": 616.21,
            "research_to_sale_ratio": 3.61,
            "price_fair": 61.6,
            "eps_avg_yearly": 1.76,
            "eps_latest_yearly": 1.44,
            "eps_growth_yearly": 72
        },
        "20111": {
            "year_quarter": 20111,
            "year": 2011,
            "quarter": 1,
            "eps": 0.43,
            "eps_growth_year": null,
            "eps_4q": 0.6,
            "eps_4q_growth_year": null,
            "roe": 2.4,
            "roe_4q": 3.26,
            "gross_profit": 191759,
            "gross_margin": 39.02,
            "gross_margin_4q_avg": 36.83,
            "net_income": 41221,
            "revenue": 491455,
            "common_shares": 964152,
            "book_valuer_per_share": 18.07,
            "book_valuer_per_share_4q_avg": 18.2,
            "equity": 1742385,
            "current_ratio": 202.05,
            "debt_ratio": 47.26,
            "inventory_turnover_ratio": 0.29,
            "account_receivable_turnover_ratio": 0.82,
            "reinvestment_rate": 251.22,
            "research_to_sale_ratio": 3.54,
            "price_fair": 4.39,
            "eps_avg_yearly": 1.46,
            "eps_latest_yearly": 1.44,
            "eps_growth_yearly": -13.6
        },
        "20112": {
            "year_quarter": 20112,
            "year": 2011,
            "quarter": 2,
            "eps": -0.18,
            "eps_growth_year": -200.56,
            "eps_4q": 0.24,
            "eps_4q_growth_year": 72.95,
            "roe": -1.01,
            "roe_4q": 1.28,
            "gross_profit": 154815,
            "gross_margin": 29.58,
            "gross_margin_4q_avg": 34.51,
            "net_income": -17522,
            "revenue": 523353,
            "common_shares": 964152,
            "book_valuer_per_share": 17.77,
            "book_valuer_per_share_4q_avg": 18.02,
            "equity": 1713086,
            "current_ratio": 185.61,
            "debt_ratio": 48.84,
            "inventory_turnover_ratio": 0.34,
            "account_receivable_turnover_ratio": 0.8,
            "reinvestment_rate": 1693.57,
            "research_to_sale_ratio": 3.38,
            "price_fair": 49.35,
            "eps_avg_yearly": 1.41,
            "eps_latest_yearly": 1.44,
            "eps_growth_yearly": 31.15
        },
        "20113": {
            "year_quarter": 20113,
            "year": 2011,
            "quarter": 3,
            "eps": 0.28,
            "eps_growth_year": -21.56,
            "eps_4q": 0.16,
            "eps_4q_growth_year": 30.53,
            "roe": 1.54,
            "roe_4q": 0.8999999999999999,
            "gross_profit": 194835,
            "gross_margin": 35.83,
            "gross_margin_4q_avg": 33.96,
            "net_income": 27108,
            "revenue": 543753,
            "common_shares": 964152,
            "book_valuer_per_share": 18.66,
            "book_valuer_per_share_4q_avg": 18,
            "equity": 1798649,
            "current_ratio": 190.99,
            "debt_ratio": 48,
            "inventory_turnover_ratio": 0.31,
            "account_receivable_turnover_ratio": 0.86,
            "reinvestment_rate": 3285.17,
            "research_to_sale_ratio": 4.24,
            "price_fair": 2.76,
            "eps_avg_yearly": 0.92,
            "eps_latest_yearly": 1.44,
            "eps_growth_yearly": -53.7
        },
        "20114": {
            "year_quarter": 20114,
            "year": 2011,
            "quarter": 4,
            "eps": 0.76,
            "eps_growth_year": null,
            "eps_4q": 1.28,
            "eps_4q_growth_year": 5305.85,
            "roe": 3.96,
            "roe_4q": 6.890000000000001,
            "gross_profit": 160658,
            "gross_margin": 33.15,
            "gross_margin_4q_avg": 34.4,
            "net_income": 72848,
            "revenue": 484571,
            "common_shares": 964152,
            "book_valuer_per_share": 19.49,
            "book_valuer_per_share_4q_avg": 18.5,
            "equity": 1878363,
            "current_ratio": 189.89,
            "debt_ratio": 49.42,
            "inventory_turnover_ratio": 0.3,
            "account_receivable_turnover_ratio": 0.72,
            "reinvestment_rate": 1300.55,
            "research_to_sale_ratio": 3.54,
            "price_fair": 55.07,
            "eps_avg_yearly": 1.57,
            "eps_latest_yearly": 3.04,
            "eps_growth_yearly": 258.2
        },
        "20121": {
            "year_quarter": 20121,
            "year": 2012,
            "quarter": 1,
            "eps": 0.15,
            "eps_growth_year": -65.12,
            "eps_4q": 1.03,
            "eps_4q_growth_year": 71.61,
            "roe": 0.8,
            "roe_4q": 5.29,
            "gross_profit": 171932,
            "gross_margin": 34.26,
            "gross_margin_4q_avg": 33.21,
            "net_income": 14928,
            "revenue": 501870,
            "common_shares": 964152,
            "book_valuer_per_share": 19.39,
            "book_valuer_per_share_4q_avg": 18.83,
            "equity": 1837046,
            "current_ratio": 179.68,
            "debt_ratio": 50.28,
            "inventory_turnover_ratio": 0.32,
            "account_receivable_turnover_ratio": 0.67,
            "reinvestment_rate": -77.02,
            "research_to_sale_ratio": 3.3,
            "price_fair": 59.27,
            "eps_avg_yearly": 1.69,
            "eps_latest_yearly": 0.6,
            "eps_growth_yearly": 254.89
        },
        "20122": {
            "year_quarter": 20122,
            "year": 2012,
            "quarter": 2,
            "eps": 0.82,
            "eps_growth_year": null,
            "eps_4q": 2.03,
            "eps_4q_growth_year": 759.17,
            "roe": 4.17,
            "roe_4q": 10.469999999999999,
            "gross_profit": 168318,
            "gross_margin": 31.98,
            "gross_margin_4q_avg": 33.81,
            "net_income": 77529,
            "revenue": 526381,
            "common_shares": 964152,
            "book_valuer_per_share": 19.85,
            "book_valuer_per_share_4q_avg": 19.35,
            "equity": 1880869,
            "current_ratio": 194.55,
            "debt_ratio": 48.33,
            "inventory_turnover_ratio": 0.36,
            "account_receivable_turnover_ratio": 0.71,
            "reinvestment_rate": 733.37,
            "research_to_sale_ratio": 3.31,
            "price_fair": 73.15,
            "eps_avg_yearly": 2.09,
            "eps_latest_yearly": 3.28,
            "eps_growth_yearly": 637.83
        },
        "20123": {
            "year_quarter": 20123,
            "year": 2012,
            "quarter": 3,
            "eps": 0.24,
            "eps_growth_year": -15.21,
            "eps_4q": 1.98,
            "eps_4q_growth_year": 1146.72,
            "roe": 1.2,
            "roe_4q": 10.129999999999999,
            "gross_profit": 175720,
            "gross_margin": 33.76,
            "gross_margin_4q_avg": 33.29,
            "net_income": 22594,
            "revenue": 520523,
            "common_shares": 964152,
            "book_valuer_per_share": 19.85,
            "book_valuer_per_share_4q_avg": 19.65,
            "equity": 1881038,
            "current_ratio": 189.21,
            "debt_ratio": 48.1,
            "inventory_turnover_ratio": 0.36,
            "account_receivable_turnover_ratio": 0.76,
            "reinvestment_rate": 760.43,
            "research_to_sale_ratio": 3.14,
            "price_fair": 65.24,
            "eps_avg_yearly": 1.86,
            "eps_latest_yearly": 0.96,
            "eps_growth_yearly": 453.68
        },
        "20124": {
            "year_quarter": 20124,
            "year": 2012,
            "quarter": 4,
            "eps": -0.42,
            "eps_growth_year": -155.8,
            "eps_4q": 0.79,
            "eps_4q_growth_year": -38.22,
            "roe": -2.15,
            "roe_4q": 4.02,
            "gross_profit": 146938,
            "gross_margin": 30.17,
            "gross_margin_4q_avg": 32.54,
            "net_income": -39959,
            "revenue": 486993,
            "common_shares": 964152,
            "book_valuer_per_share": 19.44,
            "book_valuer_per_share_4q_avg": 19.63,
            "equity": 1841849,
            "current_ratio": 193.83,
            "debt_ratio": 48.79,
            "inventory_turnover_ratio": 0.37,
            "account_receivable_turnover_ratio": 0.79,
            "reinvestment_rate": 638.03,
            "research_to_sale_ratio": 3.7,
            "price_fair": 65.24,
            "eps_avg_yearly": 1.86,
            "eps_latest_yearly": 0.96,
            "eps_growth_yearly": 453.68
        },
        "20131": {
            "year_quarter": 20131,
            "year": 2013,
            "quarter": 1,
            "eps": 0.38,
            "eps_growth_year": 153.33,
            "eps_4q": 1.01,
            "eps_4q_growth_year": -1.66,
            "roe": 1.93,
            "roe_4q": 5.15,
            "gross_profit": 165327,
            "gross_margin": 33.53,
            "gross_margin_4q_avg": 32.36,
            "net_income": 35597,
            "revenue": 493070,
            "common_shares": 964152,
            "book_valuer_per_share": 19.5,
            "book_valuer_per_share_4q_avg": 19.66,
            "equity": 1848201,
            "current_ratio": 189.08,
            "debt_ratio": 49.97,
            "inventory_turnover_ratio": 0.36,
            "account_receivable_turnover_ratio": 1.01,
            "reinvestment_rate": -91.43,
            "research_to_sale_ratio": 3.65,
            "price_fair": 65.24,
            "eps_avg_yearly": 1.86,
            "eps_latest_yearly": 0.96,
            "eps_growth_yearly": 453.68
        },
        "20132": {
            "year_quarter": 20132,
            "year": 2013,
            "quarter": 2,
            "eps": 0.42,
            "eps_growth_year": -48.67,
            "eps_4q": 0.62,
            "eps_4q_growth_year": -69.59,
            "roe": 2.16,
            "roe_4q": 3.1399999999999997,
            "gross_profit": 206580,
            "gross_margin": 35.45,
            "gross_margin_4q_avg": 33.23,
            "net_income": 40293,
            "revenue": 582778,
            "common_shares": 964152,
            "book_valuer_per_share": 19.9,
            "book_valuer_per_share_4q_avg": 19.67,
            "equity": 1885466,
            "current_ratio": 189.95,
            "debt_ratio": 50.18,
            "inventory_turnover_ratio": 0.4,
            "account_receivable_turnover_ratio": 1.34,
            "reinvestment_rate": -80.2,
            "research_to_sale_ratio": 3.04,
            "price_fair": 64.17,
            "eps_avg_yearly": 1.83,
            "eps_latest_yearly": 1.68,
            "eps_growth_yearly": 385.08
        },
        "20133": {
            "year_quarter": 20133,
            "year": 2013,
            "quarter": 3,
            "eps": 0.69,
            "eps_growth_year": 189.41,
            "eps_4q": 1.07,
            "eps_4q_growth_year": -46.12,
            "roe": 3.41,
            "roe_4q": 5.35,
            "gross_profit": 237756,
            "gross_margin": 38.18,
            "gross_margin_4q_avg": 34.33,
            "net_income": 65298,
            "revenue": 622739,
            "common_shares": 964152,
            "book_valuer_per_share": 20.53,
            "book_valuer_per_share_4q_avg": 19.84,
            "equity": 1945071,
            "current_ratio": 176.35,
            "debt_ratio": 49.56,
            "inventory_turnover_ratio": 0.41,
            "account_receivable_turnover_ratio": 1.31,
            "reinvestment_rate": -61.37,
            "research_to_sale_ratio": 2.93,
            "price_fair": 68.8,
            "eps_avg_yearly": 1.97,
            "eps_latest_yearly": 2.76,
            "eps_growth_yearly": 366.81
        },
        "20134": {
            "year_quarter": 20134,
            "year": 2013,
            "quarter": 4,
            "eps": 0.62,
            "eps_growth_year": null,
            "eps_4q": 2.11,
            "eps_4q_growth_year": 166.7,
            "roe": 2.98,
            "roe_4q": 10.48,
            "gross_profit": 229947,
            "gross_margin": 36.23,
            "gross_margin_4q_avg": 35.85,
            "net_income": 59093,
            "revenue": 634672,
            "common_shares": 964152,
            "book_valuer_per_share": 21.27,
            "book_valuer_per_share_4q_avg": 20.3,
            "equity": 2015031,
            "current_ratio": 198.42,
            "debt_ratio": 49.22,
            "inventory_turnover_ratio": 0.43,
            "account_receivable_turnover_ratio": 1.27,
            "reinvestment_rate": -58.72,
            "research_to_sale_ratio": 2.84,
            "price_fair": 71.05,
            "eps_avg_yearly": 2.03,
            "eps_latest_yearly": 2.48,
            "eps_growth_yearly": 315.88
        },
        "20141": {
            "year_quarter": 20141,
            "year": 2014,
            "quarter": 1,
            "eps": 0.91,
            "eps_growth_year": 139.47,
            "eps_4q": 2.65,
            "eps_4q_growth_year": 161.87,
            "roe": 4.15,
            "roe_4q": 12.700000000000001,
            "gross_profit": 243096,
            "gross_margin": 37.28,
            "gross_margin_4q_avg": 36.79,
            "net_income": 86053,
            "revenue": 652157,
            "common_shares": 964152,
            "book_valuer_per_share": 22.55,
            "book_valuer_per_share_4q_avg": 21.06,
            "equity": 2137009,
            "current_ratio": 207.56,
            "debt_ratio": 47.67,
            "inventory_turnover_ratio": 0.44,
            "account_receivable_turnover_ratio": 1.25,
            "reinvestment_rate": -35.59,
            "research_to_sale_ratio": 2.96,
            "price_fair": 77.31,
            "eps_avg_yearly": 2.21,
            "eps_latest_yearly": 3.64,
            "eps_growth_yearly": 301.57
        },
        "20142": {
            "year_quarter": 20142,
            "year": 2014,
            "quarter": 2,
            "eps": 0.47,
            "eps_growth_year": 11.9,
            "eps_4q": 2.69,
            "eps_4q_growth_year": 336.25,
            "roe": 2.14,
            "roe_4q": 12.680000000000001,
            "gross_profit": 236767,
            "gross_margin": 35.8,
            "gross_margin_4q_avg": 36.87,
            "net_income": 44793,
            "revenue": 661390,
            "common_shares": 964152,
            "book_valuer_per_share": 21.55,
            "book_valuer_per_share_4q_avg": 21.48,
            "equity": 2041681,
            "current_ratio": 185.06,
            "debt_ratio": 51.15,
            "inventory_turnover_ratio": 0.43,
            "account_receivable_turnover_ratio": 1.27,
            "reinvestment_rate": -270.11,
            "research_to_sale_ratio": 2.94,
            "price_fair": 76.16,
            "eps_avg_yearly": 2.18,
            "eps_latest_yearly": 1.88,
            "eps_growth_yearly": 252.08
        },
        "20143": {
            "year_quarter": 20143,
            "year": 2014,
            "quarter": 3,
            "eps": 0.41,
            "eps_growth_year": -40.58,
            "eps_4q": 2.41,
            "eps_4q_growth_year": 125.74,
            "roe": 1.87,
            "roe_4q": 11.14,
            "gross_profit": 247033,
            "gross_margin": 35.73,
            "gross_margin_4q_avg": 36.26,
            "net_income": 38597,
            "revenue": 691349,
            "common_shares": 964152,
            "book_valuer_per_share": 22,
            "book_valuer_per_share_4q_avg": 21.84,
            "equity": 2084904,
            "current_ratio": 195.62,
            "debt_ratio": 50.17,
            "inventory_turnover_ratio": 0.43,
            "account_receivable_turnover_ratio": 1.31,
            "reinvestment_rate": -261.63,
            "research_to_sale_ratio": 2.73,
            "price_fair": 76.86,
            "eps_avg_yearly": 2.2,
            "eps_latest_yearly": 1.64,
            "eps_growth_yearly": 206.97
        },
        "20144": {
            "year_quarter": 20144,
            "year": 2014,
            "quarter": 4,
            "eps": 0.62,
            "eps_growth_year": -0.94,
            "eps_4q": 2.41,
            "eps_4q_growth_year": 13.83,
            "roe": 2.7,
            "roe_4q": 10.860000000000001,
            "gross_profit": 232335,
            "gross_margin": 35.59,
            "gross_margin_4q_avg": 36.1,
            "net_income": 58531,
            "revenue": 652751,
            "common_shares": 964152,
            "book_valuer_per_share": 23.81,
            "book_valuer_per_share_4q_avg": 22.48,
            "equity": 2256583,
            "current_ratio": 192.71,
            "debt_ratio": 48.67,
            "inventory_turnover_ratio": 0.4,
            "account_receivable_turnover_ratio": 1.18,
            "reinvestment_rate": -183.18,
            "research_to_sale_ratio": 3.29,
            "price_fair": 77.76,
            "eps_avg_yearly": 2.22,
            "eps_latest_yearly": 2.48,
            "eps_growth_yearly": 206.78
        },
        "20151": {
            "year_quarter": 20151,
            "year": 2015,
            "quarter": 1,
            "eps": 0.22,
            "eps_growth_year": -75.82,
            "eps_4q": 1.72,
            "eps_4q_growth_year": -35.14,
            "roe": 0.93,
            "roe_4q": 7.640000000000001,
            "gross_profit": 210865,
            "gross_margin": 36.73,
            "gross_margin_4q_avg": 35.96,
            "net_income": 20716,
            "revenue": 574117,
            "common_shares": 947572,
            "book_valuer_per_share": 23.42,
            "book_valuer_per_share_4q_avg": 22.7,
            "equity": 2218769,
            "current_ratio": 197.16,
            "debt_ratio": 48.65,
            "inventory_turnover_ratio": 0.34,
            "account_receivable_turnover_ratio": 1.05,
            "reinvestment_rate": -1.02,
            "research_to_sale_ratio": 3.63,
            "price_fair": 73.85,
            "eps_avg_yearly": 2.11,
            "eps_latest_yearly": 0.88,
            "eps_growth_yearly": 168.04
        },
        "20152": {
            "year_quarter": 20152,
            "year": 2015,
            "quarter": 2,
            "eps": 0.28,
            "eps_growth_year": -40.43,
            "eps_4q": 1.52,
            "eps_4q_growth_year": -43.46,
            "roe": 1.21,
            "roe_4q": 6.71,
            "gross_profit": 214441,
            "gross_margin": 33.74,
            "gross_margin_4q_avg": 35.45,
            "net_income": 26478,
            "revenue": 635507,
            "common_shares": 947572,
            "book_valuer_per_share": 22.75,
            "book_valuer_per_share_4q_avg": 23,
            "equity": 2155442,
            "current_ratio": 186.68,
            "debt_ratio": 49.92,
            "inventory_turnover_ratio": 0.39,
            "account_receivable_turnover_ratio": 1.15,
            "reinvestment_rate": -183.99,
            "research_to_sale_ratio": 3.45,
            "price_fair": 71.18,
            "eps_avg_yearly": 2.03,
            "eps_latest_yearly": 1.12,
            "eps_growth_yearly": 163.51
        },
        "20153": {
            "year_quarter": 20153,
            "year": 2015,
            "quarter": 3,
            "eps": 0.79,
            "eps_growth_year": 92.68,
            "eps_4q": 1.91,
            "eps_4q_growth_year": -20.87,
            "roe": 3.38,
            "roe_4q": 8.219999999999999,
            "gross_profit": 223550,
            "gross_margin": 34.69,
            "gross_margin_4q_avg": 35.19,
            "net_income": 75117,
            "revenue": 644367,
            "common_shares": 947572,
            "book_valuer_per_share": 24.16,
            "book_valuer_per_share_4q_avg": 23.54,
            "equity": 2289080,
            "current_ratio": 196.83,
            "debt_ratio": 47.96,
            "inventory_turnover_ratio": 0.39,
            "account_receivable_turnover_ratio": 1.07,
            "reinvestment_rate": -179.16,
            "research_to_sale_ratio": 3.24,
            "price_fair": 74,
            "eps_avg_yearly": 2.11,
            "eps_latest_yearly": 3.16,
            "eps_growth_yearly": 203.87
        },
        "20154": {
            "year_quarter": 20154,
            "year": 2015,
            "quarter": 4,
            "eps": 0.43,
            "eps_growth_year": -30.97,
            "eps_4q": 1.72,
            "eps_4q_growth_year": -28.63,
            "roe": 1.77,
            "roe_4q": 7.29,
            "gross_profit": 245140,
            "gross_margin": 40.52,
            "gross_margin_4q_avg": 36.42,
            "net_income": 40404,
            "revenue": 605045,
            "common_shares": 947572,
            "book_valuer_per_share": 24.13,
            "book_valuer_per_share_4q_avg": 23.62,
            "equity": 2286101,
            "current_ratio": 196.49,
            "debt_ratio": 47.54,
            "inventory_turnover_ratio": 0.34,
            "account_receivable_turnover_ratio": 1.03,
            "reinvestment_rate": -201.93,
            "research_to_sale_ratio": 3.46,
            "price_fair": 70.7,
            "eps_avg_yearly": 2.02,
            "eps_latest_yearly": 1.72,
            "eps_growth_yearly": 141.87
        },
        "20161": {
            "year_quarter": 20161,
            "year": 2016,
            "quarter": 1,
            "eps": 0.29,
            "eps_growth_year": 31.82,
            "eps_4q": 1.79,
            "eps_4q_growth_year": 4.1,
            "roe": 1.21,
            "roe_4q": 7.569999999999999,
            "gross_profit": 205031,
            "gross_margin": 35.24,
            "gross_margin_4q_avg": 36.05,
            "net_income": 27306,
            "revenue": 581759,
            "common_shares": 947572,
            "book_valuer_per_share": 23.64,
            "book_valuer_per_share_4q_avg": 23.67,
            "equity": 2240220,
            "current_ratio": 182.2,
            "debt_ratio": 49.07,
            "inventory_turnover_ratio": 0.36,
            "account_receivable_turnover_ratio": 1.09,
            "reinvestment_rate": 15.14,
            "research_to_sale_ratio": 3.47,
            "price_fair": 72.1,
            "eps_avg_yearly": 2.06,
            "eps_latest_yearly": 1.16,
            "eps_growth_yearly": 155.5
        },
        "20162": {
            "year_quarter": 20162,
            "year": 2016,
            "quarter": 2,
            "eps": 0.11,
            "eps_growth_year": -60.71,
            "eps_4q": 1.56,
            "eps_4q_growth_year": 2.41,
            "roe": 0.49,
            "roe_4q": 6.85,
            "gross_profit": 225903,
            "gross_margin": 38.42,
            "gross_margin_4q_avg": 37.22,
            "net_income": 10882,
            "revenue": 587977,
            "common_shares": 947572,
            "book_valuer_per_share": 23.29,
            "book_valuer_per_share_4q_avg": 23.81,
            "equity": 2206554,
            "current_ratio": 193.34,
            "debt_ratio": 47.29,
            "inventory_turnover_ratio": 0.36,
            "account_receivable_turnover_ratio": 1.13,
            "reinvestment_rate": -233.66,
            "research_to_sale_ratio": 3.79,
            "price_fair": 37.42,
            "eps_avg_yearly": 1.86,
            "eps_latest_yearly": 0.44,
            "eps_growth_yearly": 10.15
        },
        "20163": {
            "year_quarter": 20163,
            "year": 2016,
            "quarter": 3,
            "eps": 0.21,
            "eps_growth_year": -73.42,
            "eps_4q": 1.01,
            "eps_4q_growth_year": -47.14,
            "roe": 0.95,
            "roe_4q": 4.42,
            "gross_profit": 218321,
            "gross_margin": 36.75,
            "gross_margin_4q_avg": 37.73,
            "net_income": 20835,
            "revenue": 594069,
            "common_shares": 985475,
            "book_valuer_per_share": 22.21,
            "book_valuer_per_share_4q_avg": 23.32,
            "equity": 2188898,
            "current_ratio": 203.05,
            "debt_ratio": 45.85,
            "inventory_turnover_ratio": 0.39,
            "account_receivable_turnover_ratio": 1.14,
            "reinvestment_rate": -229.59,
            "research_to_sale_ratio": 3.3,
            "price_fair": 64.7,
            "eps_avg_yearly": 1.85,
            "eps_latest_yearly": 0.84,
            "eps_growth_yearly": 56.33
        },
        "20164": {
            "year_quarter": 20164,
            "year": 2016,
            "quarter": 4,
            "eps": 0.25,
            "eps_growth_year": -40.78,
            "eps_4q": 0.85,
            "eps_4q_growth_year": -50.42,
            "roe": 1.12,
            "roe_4q": 3.7700000000000005,
            "gross_profit": 221056,
            "gross_margin": 39.36,
            "gross_margin_4q_avg": 37.44,
            "net_income": 24882,
            "revenue": 561639,
            "common_shares": 985475,
            "book_valuer_per_share": 22.77,
            "book_valuer_per_share_4q_avg": 22.98,
            "equity": 2243707,
            "current_ratio": 213.17,
            "debt_ratio": 45.92,
            "inventory_turnover_ratio": 0.37,
            "account_receivable_turnover_ratio": 1.08,
            "reinvestment_rate": -209.25,
            "research_to_sale_ratio": 4.36,
            "price_fair": 62.72,
            "eps_avg_yearly": 1.79,
            "eps_latest_yearly": 1,
            "eps_growth_yearly": 57.65
        },
        "20171": {
            "year_quarter": 20171,
            "year": 2017,
            "quarter": 1,
            "eps": -0.24,
            "eps_growth_year": -182.76,
            "eps_4q": 0.34,
            "eps_4q_growth_year": -81.14,
            "roe": -1.07,
            "roe_4q": 1.49,
            "gross_profit": 200821,
            "gross_margin": 38.02,
            "gross_margin_4q_avg": 38.14,
            "net_income": -23382,
            "revenue": 528222,
            "common_shares": 985475,
            "book_valuer_per_share": 21.76,
            "book_valuer_per_share_4q_avg": 22.51,
            "equity": 2144087,
            "current_ratio": 206.84,
            "debt_ratio": 46.25,
            "inventory_turnover_ratio": 0.35,
            "account_receivable_turnover_ratio": 1.08,
            "reinvestment_rate": 28.92,
            "research_to_sale_ratio": 3.99,
            "price_fair": 62.72,
            "eps_avg_yearly": 1.79,
            "eps_latest_yearly": 1,
            "eps_growth_yearly": 57.65
        },
        "20172": {
            "year_quarter": 20172,
            "year": 2017,
            "quarter": 2,
            "eps": 0.56,
            "eps_growth_year": 409.09,
            "eps_4q": 0.79,
            "eps_4q_growth_year": -49.35,
            "roe": 2.57,
            "roe_4q": 3.5700000000000003,
            "gross_profit": 239753,
            "gross_margin": 38.96,
            "gross_margin_4q_avg": 38.27,
            "net_income": 55511,
            "revenue": 615440,
            "common_shares": 985475,
            "book_valuer_per_share": 22.15,
            "book_valuer_per_share_4q_avg": 22.22,
            "equity": 2182816,
            "current_ratio": 206.19,
            "debt_ratio": 46.73,
            "inventory_turnover_ratio": 0.4,
            "account_receivable_turnover_ratio": 1.26,
            "reinvestment_rate": 37.79,
            "research_to_sale_ratio": 3.62,
            "price_fair": 63,
            "eps_avg_yearly": 1.8,
            "eps_latest_yearly": 1,
            "eps_growth_yearly": 58.76
        },
        "20173": {
            "year_quarter": 20173,
            "year": 2017,
            "quarter": 3,
            "eps": 0.56,
            "eps_growth_year": 166.67,
            "eps_4q": 1.14,
            "eps_4q_growth_year": 12.82,
            "roe": 2.5,
            "roe_4q": 5.12,
            "gross_profit": 242855,
            "gross_margin": 37.18,
            "gross_margin_4q_avg": 38.38,
            "net_income": 55158,
            "revenue": 653251,
            "common_shares": 985475,
            "book_valuer_per_share": 22.57,
            "book_valuer_per_share_4q_avg": 22.31,
            "equity": 2224163,
            "current_ratio": 200.17,
            "debt_ratio": 46.89,
            "inventory_turnover_ratio": 0.43,
            "account_receivable_turnover_ratio": 1.26,
            "reinvestment_rate": 30.65,
            "research_to_sale_ratio": 3.81,
            "price_fair": 61.7,
            "eps_avg_yearly": 1.76,
            "eps_latest_yearly": 2.24,
            "eps_growth_yearly": 40.4
        },
        "20174": {
            "year_quarter": 20174,
            "year": 2017,
            "quarter": 4,
            "eps": 0.26,
            "eps_growth_year": 3.9,
            "eps_4q": 1.15,
            "eps_4q_growth_year": 34.85,
            "roe": 1.15,
            "roe_4q": 5.1499999999999995,
            "gross_profit": 258107,
            "gross_margin": 37.34,
            "gross_margin_4q_avg": 37.88,
            "net_income": 25856,
            "revenue": 691312,
            "common_shares": 985475,
            "book_valuer_per_share": 22.92,
            "book_valuer_per_share_4q_avg": 22.35,
            "equity": 2259157,
            "current_ratio": 195.63,
            "debt_ratio": 47.45,
            "inventory_turnover_ratio": 0.44,
            "account_receivable_turnover_ratio": 1.33,
            "reinvestment_rate": 40.83,
            "research_to_sale_ratio": 7.23,
            "price_fair": 58.1,
            "eps_avg_yearly": 1.66,
            "eps_latest_yearly": 1.04,
            "eps_growth_yearly": 27.99
        },
        "20181": {
            "year_quarter": 20181,
            "year": 2018,
            "quarter": 1,
            "eps": 0.9,
            "eps_growth_year": null,
            "eps_4q": 2.29,
            "eps_4q_growth_year": 578.05,
            "roe": 3.39,
            "roe_4q": 9.61,
            "gross_profit": 246574,
            "gross_margin": 34.58,
            "gross_margin_4q_avg": 37.02,
            "net_income": 81549,
            "revenue": 713052,
            "common_shares": 985475,
            "book_valuer_per_share": 23.92,
            "book_valuer_per_share_4q_avg": 22.89,
            "equity": 2556865,
            "current_ratio": 220.91,
            "debt_ratio": 47.23,
            "inventory_turnover_ratio": 0.42,
            "account_receivable_turnover_ratio": 1.38,
            "reinvestment_rate": -32.81,
            "research_to_sale_ratio": 4.75,
            "price_fair": 58,
            "eps_avg_yearly": 1.66,
            "eps_latest_yearly": 3.6,
            "eps_growth_yearly": 84.96
        },
        "20182": {
            "year_quarter": 20182,
            "year": 2018,
            "quarter": 2,
            "eps": 0.5,
            "eps_growth_year": -10.71,
            "eps_4q": 2.22,
            "eps_4q_growth_year": 181.37,
            "roe": 1.01,
            "roe_4q": 8.05,
            "gross_profit": 192874,
            "gross_margin": 30.53,
            "gross_margin_4q_avg": 34.91,
            "net_income": 26112,
            "revenue": 631835,
            "common_shares": 985475,
            "book_valuer_per_share": 24.24,
            "book_valuer_per_share_4q_avg": 23.41,
            "equity": 2630266,
            "current_ratio": 195.56,
            "debt_ratio": 46.41,
            "inventory_turnover_ratio": 0.35,
            "account_receivable_turnover_ratio": 1.24,
            "reinvestment_rate": -34.3,
            "research_to_sale_ratio": 7.81,
            "price_fair": 58.3,
            "eps_avg_yearly": 1.67,
            "eps_latest_yearly": 2,
            "eps_growth_yearly": 86.07
        },
        "20183": {
            "year_quarter": 20183,
            "year": 2018,
            "quarter": 3,
            "eps": 0.5,
            "eps_growth_year": -10.71,
            "eps_4q": 2.16,
            "eps_4q_growth_year": 90.18,
            "roe": 1,
            "roe_4q": 6.550000000000001,
            "gross_profit": 213376,
            "gross_margin": 32.5,
            "gross_margin_4q_avg": 33.74,
            "net_income": 26378,
            "revenue": 656586,
            "common_shares": 985475,
            "book_valuer_per_share": 24.38,
            "book_valuer_per_share_4q_avg": 23.87,
            "equity": 2621086,
            "current_ratio": 188.21,
            "debt_ratio": 47.72,
            "inventory_turnover_ratio": 0.33,
            "account_receivable_turnover_ratio": 1.28,
            "reinvestment_rate": -29.87,
            "research_to_sale_ratio": 6.44,
            "price_fair": 59.2,
            "eps_avg_yearly": 1.69,
            "eps_latest_yearly": 2,
            "eps_growth_yearly": 89.72
        },
        "20184": {
            "year_quarter": 20184,
            "year": 2018,
            "quarter": 4,
            "eps": 0.81,
            "eps_growth_year": 209.27,
            "eps_4q": 2.71,
            "eps_4q_growth_year": 136.37,
            "roe": 2.84,
            "roe_4q": 8.24,
            "gross_profit": 290365,
            "gross_margin": 32.76,
            "gross_margin_4q_avg": 32.59,
            "net_income": 75422,
            "revenue": 886475,
            "common_shares": 985475,
            "book_valuer_per_share": 25.06,
            "book_valuer_per_share_4q_avg": 24.4,
            "equity": 2683594,
            "current_ratio": 155.6,
            "debt_ratio": 47.93,
            "inventory_turnover_ratio": 0.43,
            "account_receivable_turnover_ratio": 1.42,
            "reinvestment_rate": -50.09,
            "research_to_sale_ratio": 3.51,
            "price_fair": 61.1,
            "eps_avg_yearly": 1.75,
            "eps_latest_yearly": 3.24,
            "eps_growth_yearly": 92.8
        },
        "20191": {
            "year_quarter": 20191,
            "year": 2019,
            "quarter": 1,
            "eps": 0.41,
            "eps_growth_year": -54.44,
            "eps_4q": 2.22,
            "eps_4q_growth_year": -2.66,
            "roe": 0.92,
            "roe_4q": 5.77,
            "gross_profit": 225701,
            "gross_margin": 34.26,
            "gross_margin_4q_avg": 32.51,
            "net_income": 24998,
            "revenue": 658762,
            "common_shares": 985475,
            "book_valuer_per_share": 25.14,
            "book_valuer_per_share_4q_avg": 24.71,
            "equity": 2764722,
            "current_ratio": 156.76,
            "debt_ratio": 51.82,
            "inventory_turnover_ratio": 0.3,
            "account_receivable_turnover_ratio": 0.97,
            "reinvestment_rate": -36.75,
            "research_to_sale_ratio": 5.43,
            "price_fair": 63,
            "eps_avg_yearly": 1.8,
            "eps_latest_yearly": 1.64,
            "eps_growth_yearly": 97.12
        },
        "20192": {
            "year_quarter": 20192,
            "year": 2019,
            "quarter": 2,
            "eps": 0.94,
            "eps_growth_year": 88,
            "eps_4q": 2.66,
            "eps_4q_growth_year": 19.78,
            "roe": 2.8,
            "roe_4q": 7.56,
            "gross_profit": 260696,
            "gross_margin": 32.78,
            "gross_margin_4q_avg": 33.08,
            "net_income": 77121,
            "revenue": 795316,
            "common_shares": 985475,
            "book_valuer_per_share": 25.11,
            "book_valuer_per_share_4q_avg": 24.92,
            "equity": 2746809,
            "current_ratio": 159.62,
            "debt_ratio": 52.27,
            "inventory_turnover_ratio": 0.37,
            "account_receivable_turnover_ratio": 1.21,
            "reinvestment_rate": -37.1,
            "research_to_sale_ratio": 4.89,
            "price_fair": 69.6,
            "eps_avg_yearly": 1.99,
            "eps_latest_yearly": 3.76,
            "eps_growth_yearly": 126.26
        },
        "20193": {
            "year_quarter": 20193,
            "year": 2019,
            "quarter": 3,
            "eps": 0.36,
            "eps_growth_year": -28,
            "eps_4q": 2.52,
            "eps_4q_growth_year": 16.25,
            "roe": 0.5,
            "roe_4q": 7.06,
            "gross_profit": 223548,
            "gross_margin": 32.65,
            "gross_margin_4q_avg": 33.11,
            "net_income": 13779,
            "revenue": 684707,
            "common_shares": 985475,
            "book_valuer_per_share": 25.17,
            "book_valuer_per_share_4q_avg": 25.12,
            "equity": 2731457,
            "current_ratio": 159.49,
            "debt_ratio": 52.39,
            "inventory_turnover_ratio": 0.32,
            "account_receivable_turnover_ratio": 1.12,
            "reinvestment_rate": -46.17,
            "research_to_sale_ratio": 5.83,
            "price_fair": 65.3,
            "eps_avg_yearly": 1.87,
            "eps_latest_yearly": 1.44,
            "eps_growth_yearly": 56.59
        },
        "20194": {
            "year_quarter": 20194,
            "year": 2019,
            "quarter": 4,
            "eps": 0.34,
            "eps_growth_year": -57.93,
            "eps_4q": 2.05,
            "eps_4q_growth_year": -24.59,
            "roe": 0.2,
            "roe_4q": 4.42,
            "gross_profit": 228482,
            "gross_margin": 34.31,
            "gross_margin_4q_avg": 33.5,
            "net_income": 5318,
            "revenue": 666024,
            "common_shares": 985475,
            "book_valuer_per_share": 25.08,
            "book_valuer_per_share_4q_avg": 25.13,
            "equity": 2692844,
            "current_ratio": 169.73,
            "debt_ratio": 54.42,
            "inventory_turnover_ratio": 0.31,
            "account_receivable_turnover_ratio": 1.24,
            "reinvestment_rate": -10.96,
            "research_to_sale_ratio": 6.74,
            "price_fair": 64.4,
            "eps_avg_yearly": 1.84,
            "eps_latest_yearly": 1.36,
            "eps_growth_yearly": 68.03
        },
        "20201": {
            "year_quarter": 20201,
            "year": 2020,
            "quarter": 1,
            "eps": 0.11,
            "eps_growth_year": -73.17,
            "eps_4q": 1.74,
            "eps_4q_growth_year": -21.73,
            "roe": -0.44,
            "roe_4q": 3.0599999999999996,
            "gross_profit": 172391,
            "gross_margin": 29.29,
            "gross_margin_4q_avg": 32.26,
            "net_income": -12106,
            "revenue": 588472,
            "common_shares": 985475,
            "book_valuer_per_share": 25.32,
            "book_valuer_per_share_4q_avg": 25.17,
            "equity": 2767510,
            "current_ratio": 194.73,
            "debt_ratio": 53.42,
            "inventory_turnover_ratio": 0.31,
            "account_receivable_turnover_ratio": 1.15,
            "reinvestment_rate": -18.36,
            "research_to_sale_ratio": 5.76,
            "price_fair": 62.6,
            "eps_avg_yearly": 1.79,
            "eps_latest_yearly": 0.44,
            "eps_growth_yearly": 58
        },
        "20202": {
            "year_quarter": 20202,
            "year": 2020,
            "quarter": 2,
            "eps": -0.09,
            "eps_growth_year": -109.57,
            "eps_4q": 0.71,
            "eps_4q_growth_year": -73.4,
            "roe": -1.3,
            "roe_4q": -1.04,
            "gross_profit": 143673,
            "gross_margin": 28.03,
            "gross_margin_4q_avg": 31.07,
            "net_income": -35329,
            "revenue": 512506,
            "common_shares": 985475,
            "book_valuer_per_share": 24.4,
            "book_valuer_per_share_4q_avg": 24.99,
            "equity": 2647987,
            "current_ratio": 193.01,
            "debt_ratio": 55.96,
            "inventory_turnover_ratio": 0.28,
            "account_receivable_turnover_ratio": 1.13,
            "reinvestment_rate": 17.32,
            "research_to_sale_ratio": 7.58,
            "price_fair": 66.23,
            "eps_avg_yearly": 1.89,
            "eps_latest_yearly": 0.44,
            "eps_growth_yearly": 81.56
        },
        "20203": {
            "year_quarter": 20203,
            "year": 2020,
            "quarter": 3,
            "eps": 0.23,
            "eps_growth_year": -36.11,
            "eps_4q": 0.59,
            "eps_4q_growth_year": -76.67,
            "roe": -0.09,
            "roe_4q": -1.6300000000000001,
            "gross_profit": 230539,
            "gross_margin": 33.33,
            "gross_margin_4q_avg": 31.24,
            "net_income": -2391,
            "revenue": 691646,
            "common_shares": 985475,
            "book_valuer_per_share": 24.63,
            "book_valuer_per_share_4q_avg": 24.86,
            "equity": 2642329,
            "current_ratio": 194.55,
            "debt_ratio": 57.19,
            "inventory_turnover_ratio": 0.36,
            "account_receivable_turnover_ratio": 1.56,
            "reinvestment_rate": 35.26,
            "research_to_sale_ratio": 5.78,
            "price_fair": 69.3,
            "eps_avg_yearly": 1.98,
            "eps_latest_yearly": 0.44,
            "eps_growth_yearly": 58.06
        },
        "20204": {
            "year_quarter": 20204,
            "year": 2020,
            "quarter": 4,
            "eps": 0.62,
            "eps_growth_year": 81.27,
            "eps_4q": 0.86,
            "eps_4q_growth_year": -57.76,
            "roe": 1.67,
            "roe_4q": -0.1600000000000002,
            "gross_profit": 257375,
            "gross_margin": 23.97,
            "gross_margin_4q_avg": 28.66,
            "net_income": 44826,
            "revenue": 1073568,
            "common_shares": 985475,
            "book_valuer_per_share": 24.91,
            "book_valuer_per_share_4q_avg": 24.82,
            "equity": 2723530,
            "current_ratio": 194.88,
            "debt_ratio": 57.64,
            "inventory_turnover_ratio": 0.7,
            "account_receivable_turnover_ratio": 1.77,
            "reinvestment_rate": 49.77,
            "research_to_sale_ratio": 4.31,
            "price_fair": 73.62,
            "eps_avg_yearly": 2.1,
            "eps_latest_yearly": 2.48,
            "eps_growth_yearly": 108.23
        },
        "20211": {
            "year_quarter": 20211,
            "year": 2021,
            "quarter": 1,
            "eps": 0.08,
            "eps_growth_year": -27.27,
            "eps_4q": 0.84,
            "eps_4q_growth_year": -51.66,
            "roe": -0.23,
            "roe_4q": 0.04999999999999982,
            "gross_profit": 194705,
            "gross_margin": 33.99,
            "gross_margin_4q_avg": 29.83,
            "net_income": -6154,
            "revenue": 572838,
            "common_shares": 985475,
            "book_valuer_per_share": 25.01,
            "book_valuer_per_share_4q_avg": 24.74,
            "equity": 2718521,
            "current_ratio": 192.34,
            "debt_ratio": 58.33,
            "inventory_turnover_ratio": 0.33,
            "account_receivable_turnover_ratio": 0.84,
            "reinvestment_rate": 66.24,
            "research_to_sale_ratio": 6.54,
            "price_fair": 68.82,
            "eps_avg_yearly": 1.97,
            "eps_latest_yearly": 0.32,
            "eps_growth_yearly": 73.1
        },
        "20212": {
            "year_quarter": 20212,
            "year": 2021,
            "quarter": 2,
            "eps": 0.28,
            "eps_growth_year": null,
            "eps_4q": 1.22,
            "eps_4q_growth_year": 72.19,
            "roe": 0.13,
            "roe_4q": 1.4799999999999998,
            "gross_profit": 211311,
            "gross_margin": 29.99,
            "gross_margin_4q_avg": 30.32,
            "net_income": 3498,
            "revenue": 704717,
            "common_shares": 985475,
            "book_valuer_per_share": 25.05,
            "book_valuer_per_share_4q_avg": 24.9,
            "equity": 2697908,
            "current_ratio": 174.91,
            "debt_ratio": 59.87,
            "inventory_turnover_ratio": 0.38,
            "account_receivable_turnover_ratio": 1.22,
            "reinvestment_rate": 86.93,
            "research_to_sale_ratio": 6.48,
            "price_fair": 66.7,
            "eps_avg_yearly": 1.91,
            "eps_latest_yearly": 1.12,
            "eps_growth_yearly": 139.31
        },
        "20213": {
            "year_quarter": 20213,
            "year": 2021,
            "quarter": 3,
            "eps": 0.46,
            "eps_growth_year": 100,
            "eps_4q": 1.45,
            "eps_4q_growth_year": 146.48,
            "roe": 1.04,
            "roe_4q": 2.61,
            "gross_profit": 216947,
            "gross_margin": 29.66,
            "gross_margin_4q_avg": 29.4,
            "net_income": 28856,
            "revenue": 731333,
            "common_shares": 985475,
            "book_valuer_per_share": 24.65,
            "book_valuer_per_share_4q_avg": 24.91,
            "equity": 2873232,
            "current_ratio": 196.19,
            "debt_ratio": 60.96,
            "inventory_turnover_ratio": 0.36,
            "account_receivable_turnover_ratio": 1.32,
            "reinvestment_rate": 102.5,
            "research_to_sale_ratio": 5.49,
            "price_fair": 65.7,
            "eps_avg_yearly": 1.88,
            "eps_latest_yearly": 1.84,
            "eps_growth_yearly": 157.68
        },
        "20214": {
            "year_quarter": 20214,
            "year": 2021,
            "quarter": 4,
            "eps": 0.05,
            "eps_growth_year": -91.75,
            "eps_4q": 0.88,
            "eps_4q_growth_year": 1.69,
            "roe": -0.46,
            "roe_4q": 0.4800000000000001,
            "gross_profit": 254227,
            "gross_margin": 27.52,
            "gross_margin_4q_avg": 30.29,
            "net_income": -13324,
            "revenue": 923649,
            "common_shares": 985475,
            "book_valuer_per_share": 24.91,
            "book_valuer_per_share_4q_avg": 24.91,
            "equity": 2885501,
            "current_ratio": 154.9,
            "debt_ratio": 62.61,
            "inventory_turnover_ratio": 0.44,
            "account_receivable_turnover_ratio": 1.41,
            "reinvestment_rate": 122.31,
            "research_to_sale_ratio": 7.41,
            "price_fair": 63.6,
            "eps_avg_yearly": 1.82,
            "eps_latest_yearly": 0.2,
            "eps_growth_yearly": 147.52
        },
        "20221": {
            "year_quarter": 20221,
            "year": 2022,
            "quarter": 1,
            "eps": 0.19,
            "eps_growth_year": 137.5,
            "eps_4q": 0.99,
            "eps_4q_growth_year": 17.49,
            "roe": -0.13,
            "roe_4q": 0.58,
            "gross_profit": 212237,
            "gross_margin": 28.15,
            "gross_margin_4q_avg": 28.83,
            "net_income": -3766,
            "revenue": 753822,
            "common_shares": 985475,
            "book_valuer_per_share": 26.36,
            "book_valuer_per_share_4q_avg": 25.24,
            "equity": 3019875,
            "current_ratio": 290.56,
            "debt_ratio": 60.57,
            "inventory_turnover_ratio": 0.33,
            "account_receivable_turnover_ratio": 1.02,
            "reinvestment_rate": 228.02,
            "research_to_sale_ratio": 6.03,
            "price_fair": 56.5,
            "eps_avg_yearly": 1.61,
            "eps_latest_yearly": 0.76,
            "eps_growth_yearly": 157.19
        },
        "20222": {
            "year_quarter": 20222,
            "year": 2022,
            "quarter": 2,
            "eps": 0.3,
            "eps_growth_year": 7.14,
            "eps_4q": 1.01,
            "eps_4q_growth_year": -17.45,
            "roe": 0.25,
            "roe_4q": 0.7,
            "gross_profit": 221898,
            "gross_margin": 28.38,
            "gross_margin_4q_avg": 28.43,
            "net_income": 7530,
            "revenue": 782007,
            "common_shares": 985475,
            "book_valuer_per_share": 26.23,
            "book_valuer_per_share_4q_avg": 25.54,
            "equity": 2991895,
            "current_ratio": 266.09,
            "debt_ratio": 61.6,
            "inventory_turnover_ratio": 0.32,
            "account_receivable_turnover_ratio": 1.07,
            "reinvestment_rate": 245.86,
            "research_to_sale_ratio": 4.76,
            "price_fair": 54.5,
            "eps_avg_yearly": 1.56,
            "eps_latest_yearly": 1.2,
            "eps_growth_yearly": 186.43
        },
        "20223": {
            "year_quarter": 20223,
            "year": 2022,
            "quarter": 3,
            "eps": 0.22,
            "eps_growth_year": -52.17,
            "eps_4q": 0.76,
            "eps_4q_growth_year": -47.44,
            "roe": -0.53,
            "roe_4q": -0.8700000000000001,
            "gross_profit": 236699,
            "gross_margin": 26.38,
            "gross_margin_4q_avg": 27.61,
            "net_income": -15782,
            "revenue": 897255,
            "common_shares": 985475,
            "book_valuer_per_share": 26.88,
            "book_valuer_per_share_4q_avg": 26.1,
            "equity": 3019073,
            "current_ratio": 246.62,
            "debt_ratio": 61.91,
            "inventory_turnover_ratio": 0.37,
            "account_receivable_turnover_ratio": 1.22,
            "reinvestment_rate": 254.48,
            "research_to_sale_ratio": 5.3,
            "price_fair": 51.7,
            "eps_avg_yearly": 1.48,
            "eps_latest_yearly": 0.88,
            "eps_growth_yearly": 178.81
        },
        "20224": {
            "year_quarter": 20224,
            "year": 2022,
            "quarter": 4,
            "eps": -0.31,
            "eps_growth_year": -710.79,
            "eps_4q": 0.4,
            "eps_4q_growth_year": -54.78,
            "roe": -1.82,
            "roe_4q": -2.23,
            "gross_profit": 205305,
            "gross_margin": 22.02,
            "gross_margin_4q_avg": 26.23,
            "net_income": -54325,
            "revenue": 932332,
            "common_shares": 985475,
            "book_valuer_per_share": 26.32,
            "book_valuer_per_share_4q_avg": 26.45,
            "equity": 2940975,
            "current_ratio": 230.25,
            "debt_ratio": 63.29,
            "inventory_turnover_ratio": 0.41,
            "account_receivable_turnover_ratio": 1.26,
            "reinvestment_rate": 326.42,
            "research_to_sale_ratio": 5.46,
            "price_fair": 46.95,
            "eps_avg_yearly": 1.34,
            "eps_latest_yearly": 0.88,
            "eps_growth_yearly": 173.49
        },
        "20231": {
            "year_quarter": 20231,
            "year": 2023,
            "quarter": 1,
            "eps": -0.48,
            "eps_growth_year": -352.63,
            "eps_4q": -0.28,
            "eps_4q_growth_year": -127.83,
            "roe": -2.74,
            "roe_4q": -4.840000000000001,
            "gross_profit": 160884,
            "gross_margin": 17.41,
            "gross_margin_4q_avg": 23.55,
            "net_income": -79721,
            "revenue": 924123,
            "common_shares": 985475,
            "book_valuer_per_share": 25.93,
            "book_valuer_per_share_4q_avg": 26.34,
            "equity": 2871267,
            "current_ratio": 219.11,
            "debt_ratio": 65.25,
            "inventory_turnover_ratio": 0.42,
            "account_receivable_turnover_ratio": 1.26,
            "reinvestment_rate": 419.73,
            "research_to_sale_ratio": 5.7,
            "price_fair": 46.08,
            "eps_avg_yearly": 1.32,
            "eps_latest_yearly": 0.88,
            "eps_growth_yearly": 204.41
        }
    },
    "months": {
        "2001-06": {
            "month": "2001-06",
            "price": "49.58",
            "revenue": 149603
        },
        "2001-07": {
            "month": "2001-07",
            "price": "50.97",
            "revenue": 180613
        },
        "2001-08": {
            "month": "2001-08",
            "price": "42.23",
            "revenue": 165250
        },
        "2001-09": {
            "month": "2001-09",
            "price": "33.62",
            "revenue": 200867
        },
        "2001-10": {
            "month": "2001-10",
            "price": "32.90",
            "revenue": 271000
        },
        "2001-11": {
            "month": "2001-11",
            "price": "38.13",
            "revenue": 116788
        },
        "2001-12": {
            "month": "2001-12",
            "price": "48.03",
            "revenue": 192616
        },
        "2002-01": {
            "month": "2002-01",
            "price": "57.86",
            "revenue": 130620
        },
        "2002-02": {
            "month": "2002-02",
            "price": "57.46",
            "revenue": 138641
        },
        "2002-03": {
            "month": "2002-03",
            "price": "57.36",
            "revenue": 217604
        },
        "2002-04": {
            "month": "2002-04",
            "price": "57.00",
            "revenue": 251505
        },
        "2002-05": {
            "month": "2002-05",
            "price": "60.48",
            "revenue": 230288
        },
        "2002-06": {
            "month": "2002-06",
            "price": "60.20",
            "revenue": 182725
        },
        "2002-07": {
            "month": "2002-07",
            "price": "52.98",
            "revenue": 154643
        },
        "2002-08": {
            "month": "2002-08",
            "price": "52.84",
            "revenue": 192594
        },
        "2002-09": {
            "month": "2002-09",
            "price": "50.21",
            "revenue": 234095
        },
        "2002-10": {
            "month": "2002-10",
            "price": "49.84",
            "revenue": 208629
        },
        "2002-11": {
            "month": "2002-11",
            "price": "49.81",
            "revenue": 130344
        },
        "2002-12": {
            "month": "2002-12",
            "price": "48.89",
            "revenue": 157346
        },
        "2003-01": {
            "month": "2003-01",
            "price": "50.62",
            "revenue": 147213
        },
        "2003-02": {
            "month": "2003-02",
            "price": "50.02",
            "revenue": 129101
        },
        "2003-03": {
            "month": "2003-03",
            "price": "49.00",
            "revenue": 184315
        },
        "2003-04": {
            "month": "2003-04",
            "price": "46.00",
            "revenue": 224465
        },
        "2003-05": {
            "month": "2003-05",
            "price": "35.12",
            "revenue": 139201
        },
        "2003-06": {
            "month": "2003-06",
            "price": "39.26",
            "revenue": 145382
        },
        "2003-07": {
            "month": "2003-07",
            "price": "44.19",
            "revenue": 147913
        },
        "2003-08": {
            "month": "2003-08",
            "price": "46.53",
            "revenue": 191966
        },
        "2003-09": {
            "month": "2003-09",
            "price": "41.27",
            "revenue": 277194
        },
        "2003-10": {
            "month": "2003-10",
            "price": "40.40",
            "revenue": 280110
        },
        "2003-11": {
            "month": "2003-11",
            "price": "39.47",
            "revenue": 122697
        },
        "2003-12": {
            "month": "2003-12",
            "price": "38.04",
            "revenue": 96631
        },
        "2004-01": {
            "month": "2004-01",
            "price": "37.89",
            "revenue": 97865
        },
        "2004-02": {
            "month": "2004-02",
            "price": "40.16",
            "revenue": 109819
        },
        "2004-03": {
            "month": "2004-03",
            "price": "41.07",
            "revenue": 146074
        },
        "2004-04": {
            "month": "2004-04",
            "price": "39.02",
            "revenue": 111399
        },
        "2004-05": {
            "month": "2004-05",
            "price": "33.70",
            "revenue": 136383
        },
        "2004-06": {
            "month": "2004-06",
            "price": "31.15",
            "revenue": 154691
        },
        "2004-07": {
            "month": "2004-07",
            "price": "27.20",
            "revenue": 136857
        },
        "2004-08": {
            "month": "2004-08",
            "price": "22.22",
            "revenue": 136354
        },
        "2004-09": {
            "month": "2004-09",
            "price": "21.80",
            "revenue": 240952
        },
        "2004-10": {
            "month": "2004-10",
            "price": "19.68",
            "revenue": 191089
        },
        "2004-11": {
            "month": "2004-11",
            "price": "17.12",
            "revenue": 144663
        },
        "2004-12": {
            "month": "2004-12",
            "price": "17.72",
            "revenue": 144908
        },
        "2005-01": {
            "month": "2005-01",
            "price": "24.18",
            "revenue": 119196
        },
        "2005-02": {
            "month": "2005-02",
            "price": "25.52",
            "revenue": 126872
        },
        "2005-03": {
            "month": "2005-03",
            "price": "24.33",
            "revenue": 192389
        },
        "2005-04": {
            "month": "2005-04",
            "price": "23.51",
            "revenue": 151409
        },
        "2005-05": {
            "month": "2005-05",
            "price": "22.32",
            "revenue": 164908
        },
        "2005-06": {
            "month": "2005-06",
            "price": "23.06",
            "revenue": 131402
        },
        "2005-07": {
            "month": "2005-07",
            "price": "22.57",
            "revenue": 169589
        },
        "2005-08": {
            "month": "2005-08",
            "price": "20.69",
            "revenue": 225075
        },
        "2005-09": {
            "month": "2005-09",
            "price": "18.40",
            "revenue": 225261
        },
        "2005-10": {
            "month": "2005-10",
            "price": "16.69",
            "revenue": 186559
        },
        "2005-11": {
            "month": "2005-11",
            "price": "15.83",
            "revenue": 177173
        },
        "2005-12": {
            "month": "2005-12",
            "price": "19.72",
            "revenue": 198487
        },
        "2006-01": {
            "month": "2006-01",
            "price": "18.53",
            "revenue": 209993
        },
        "2006-02": {
            "month": "2006-02",
            "price": "17.44",
            "revenue": 184190
        },
        "2006-03": {
            "month": "2006-03",
            "price": "16.95",
            "revenue": 219530
        },
        "2006-04": {
            "month": "2006-04",
            "price": "24.52",
            "revenue": 191348
        },
        "2006-05": {
            "month": "2006-05",
            "price": "26.95",
            "revenue": 207754
        },
        "2006-06": {
            "month": "2006-06",
            "price": "24.72",
            "revenue": 215662
        },
        "2006-07": {
            "month": "2006-07",
            "price": "27.50",
            "revenue": 233382
        },
        "2006-08": {
            "month": "2006-08",
            "price": "29.55",
            "revenue": 308016
        },
        "2006-09": {
            "month": "2006-09",
            "price": "30.50",
            "revenue": 354872
        },
        "2006-10": {
            "month": "2006-10",
            "price": "31.13",
            "revenue": 265371
        },
        "2006-11": {
            "month": "2006-11",
            "price": "34.61",
            "revenue": 272804
        },
        "2006-12": {
            "month": "2006-12",
            "price": "40.23",
            "revenue": 218623
        },
        "2007-01": {
            "month": "2007-01",
            "price": "39.23",
            "revenue": 233891
        },
        "2007-02": {
            "month": "2007-02",
            "price": "37.91",
            "revenue": 182955
        },
        "2007-03": {
            "month": "2007-03",
            "price": "37.76",
            "revenue": 243999
        },
        "2007-04": {
            "month": "2007-04",
            "price": "38.73",
            "revenue": 229433
        },
        "2007-05": {
            "month": "2007-05",
            "price": "37.56",
            "revenue": 220406
        },
        "2007-06": {
            "month": "2007-06",
            "price": "40.92",
            "revenue": 212438
        },
        "2007-07": {
            "month": "2007-07",
            "price": "56.14",
            "revenue": 227974
        },
        "2007-08": {
            "month": "2007-08",
            "price": "53.45",
            "revenue": 232183
        },
        "2007-09": {
            "month": "2007-09",
            "price": "42.63",
            "revenue": 244896
        },
        "2007-10": {
            "month": "2007-10",
            "price": "43.67",
            "revenue": 240261
        },
        "2007-11": {
            "month": "2007-11",
            "price": "34.52",
            "revenue": 226265
        },
        "2007-12": {
            "month": "2007-12",
            "price": "28.92",
            "revenue": 215510
        },
        "2008-01": {
            "month": "2008-01",
            "price": "28.04",
            "revenue": 224092842
        },
        "2008-02": {
            "month": "2008-02",
            "price": "27.40",
            "revenue": 172040
        },
        "2008-03": {
            "month": "2008-03",
            "price": "28.90",
            "revenue": 191757
        },
        "2008-04": {
            "month": "2008-04",
            "price": "28.50",
            "revenue": 182926
        },
        "2008-05": {
            "month": "2008-05",
            "price": "27.26",
            "revenue": 165680
        },
        "2008-06": {
            "month": "2008-06",
            "price": "22.69",
            "revenue": 158260
        },
        "2008-07": {
            "month": "2008-07",
            "price": "18.32",
            "revenue": 151913
        },
        "2008-08": {
            "month": "2008-08",
            "price": "18.31",
            "revenue": 179504
        },
        "2008-09": {
            "month": "2008-09",
            "price": "13.02",
            "revenue": 137132
        },
        "2008-10": {
            "month": "2008-10",
            "price": "10.40",
            "revenue": 142273
        },
        "2008-11": {
            "month": "2008-11",
            "price": "9.21",
            "revenue": 127327
        },
        "2008-12": {
            "month": "2008-12",
            "price": "9.12",
            "revenue": 125351
        },
        "2009-01": {
            "month": "2009-01",
            "price": "8.94",
            "revenue": 120111
        },
        "2009-02": {
            "month": "2009-02",
            "price": "10.25",
            "revenue": 105291
        },
        "2009-03": {
            "month": "2009-03",
            "price": "13.07",
            "revenue": 119100
        },
        "2009-04": {
            "month": "2009-04",
            "price": "15.26",
            "revenue": 129212
        },
        "2009-05": {
            "month": "2009-05",
            "price": "15.36",
            "revenue": 135552
        },
        "2009-06": {
            "month": "2009-06",
            "price": "14.49",
            "revenue": 141699
        },
        "2009-07": {
            "month": "2009-07",
            "price": "15.58",
            "revenue": 155799
        },
        "2009-08": {
            "month": "2009-08",
            "price": "17.48",
            "revenue": 190402
        },
        "2009-09": {
            "month": "2009-09",
            "price": "18.58",
            "revenue": 196050
        },
        "2009-10": {
            "month": "2009-10",
            "price": "28.33",
            "revenue": 128131
        },
        "2009-11": {
            "month": "2009-11",
            "price": "28.86",
            "revenue": 136062
        },
        "2009-12": {
            "month": "2009-12",
            "price": "27.97",
            "revenue": 124981
        },
        "2010-01": {
            "month": "2010-01",
            "price": "27.42",
            "revenue": 127533
        },
        "2010-02": {
            "month": "2010-02",
            "price": "22.96",
            "revenue": 129154
        },
        "2010-03": {
            "month": "2010-03",
            "price": "25.87",
            "revenue": 149679
        },
        "2010-04": {
            "month": "2010-04",
            "price": "27.77",
            "revenue": 171224
        },
        "2010-05": {
            "month": "2010-05",
            "price": "24.17",
            "revenue": 162759
        },
        "2010-06": {
            "month": "2010-06",
            "price": "22.83",
            "revenue": 157517
        },
        "2010-07": {
            "month": "2010-07",
            "price": "23.09",
            "revenue": 178917
        },
        "2010-08": {
            "month": "2010-08",
            "price": "25.51",
            "revenue": 201887
        },
        "2010-09": {
            "month": "2010-09",
            "price": "23.94",
            "revenue": 177342
        },
        "2010-10": {
            "month": "2010-10",
            "price": "23.79",
            "revenue": 170777
        },
        "2010-11": {
            "month": "2010-11",
            "price": "22.36",
            "revenue": 166596
        },
        "2010-12": {
            "month": "2010-12",
            "price": "22.95",
            "revenue": 158903
        },
        "2011-01": {
            "month": "2011-01",
            "price": "22.86",
            "revenue": 175108
        },
        "2011-02": {
            "month": "2011-02",
            "price": "22.44",
            "revenue": 138952
        },
        "2011-03": {
            "month": "2011-03",
            "price": "23.75",
            "revenue": 177192
        },
        "2011-04": {
            "month": "2011-04",
            "price": "24.19",
            "revenue": 162699
        },
        "2011-05": {
            "month": "2011-05",
            "price": "27.37",
            "revenue": 189643
        },
        "2011-06": {
            "month": "2011-06",
            "price": "27.77",
            "revenue": 172032
        },
        "2011-07": {
            "month": "2011-07",
            "price": "29.62",
            "revenue": 170957
        },
        "2011-08": {
            "month": "2011-08",
            "price": "23.82",
            "revenue": 176189
        },
        "2011-09": {
            "month": "2011-09",
            "price": "17.98",
            "revenue": 194684
        },
        "2011-10": {
            "month": "2011-10",
            "price": "17.10",
            "revenue": 162413
        },
        "2011-11": {
            "month": "2011-11",
            "price": "17.64",
            "revenue": 156661
        },
        "2011-12": {
            "month": "2011-12",
            "price": "15.43",
            "revenue": 173452
        },
        "2012-01": {
            "month": "2012-01",
            "price": "16.35",
            "revenue": 174742
        },
        "2012-02": {
            "month": "2012-02",
            "price": "19.98",
            "revenue": 159776
        },
        "2012-03": {
            "month": "2012-03",
            "price": "19.53",
            "revenue": 167724
        },
        "2012-04": {
            "month": "2012-04",
            "price": "17.94",
            "revenue": 178164
        },
        "2012-05": {
            "month": "2012-05",
            "price": "17.49",
            "revenue": 169723
        },
        "2012-06": {
            "month": "2012-06",
            "price": "16.92",
            "revenue": 174838
        },
        "2012-07": {
            "month": "2012-07",
            "price": "16.47",
            "revenue": 180531
        },
        "2012-08": {
            "month": "2012-08",
            "price": "17.26",
            "revenue": 171668
        },
        "2012-09": {
            "month": "2012-09",
            "price": "18.12",
            "revenue": 157500
        },
        "2012-10": {
            "month": "2012-10",
            "price": "16.92",
            "revenue": 199409
        },
        "2012-11": {
            "month": "2012-11",
            "price": "16.06",
            "revenue": 143178
        },
        "2012-12": {
            "month": "2012-12",
            "price": "16.57",
            "revenue": 145850
        },
        "2013-01": {
            "month": "2013-01",
            "price": "17.04",
            "revenue": 184005
        },
        "2013-02": {
            "month": "2013-02",
            "price": "17.51",
            "revenue": 134337
        },
        "2013-03": {
            "month": "2013-03",
            "price": "17.52",
            "revenue": 174704
        },
        "2013-04": {
            "month": "2013-04",
            "price": "16.83",
            "revenue": 189393
        },
        "2013-05": {
            "month": "2013-05",
            "price": "16.94",
            "revenue": 187177
        },
        "2013-06": {
            "month": "2013-06",
            "price": "16.77",
            "revenue": 206734
        },
        "2013-07": {
            "month": "2013-07",
            "price": "19.87",
            "revenue": 201634
        },
        "2013-08": {
            "month": "2013-08",
            "price": "22.23",
            "revenue": 194138
        },
        "2013-09": {
            "month": "2013-09",
            "price": "27.07",
            "revenue": 226726
        },
        "2013-10": {
            "month": "2013-10",
            "price": "38.52",
            "revenue": 211264
        },
        "2013-11": {
            "month": "2013-11",
            "price": "36.59",
            "revenue": 216363
        },
        "2013-12": {
            "month": "2013-12",
            "price": "42.32",
            "revenue": 209543
        },
        "2014-01": {
            "month": "2014-01",
            "price": "42.34",
            "revenue": 203767
        },
        "2014-02": {
            "month": "2014-02",
            "price": "43.31",
            "revenue": 206901
        },
        "2014-03": {
            "month": "2014-03",
            "price": "44.99",
            "revenue": 239897
        },
        "2014-04": {
            "month": "2014-04",
            "price": "46.95",
            "revenue": 210742
        },
        "2014-05": {
            "month": "2014-05",
            "price": "50.25",
            "revenue": 233776
        },
        "2014-06": {
            "month": "2014-06",
            "price": "64.42",
            "revenue": 217047
        },
        "2014-07": {
            "month": "2014-07",
            "price": "68.61",
            "revenue": 227044
        },
        "2014-08": {
            "month": "2014-08",
            "price": "64.62",
            "revenue": 218162
        },
        "2014-09": {
            "month": "2014-09",
            "price": "66.35",
            "revenue": 247567
        },
        "2014-10": {
            "month": "2014-10",
            "price": "64.68",
            "revenue": 228354
        },
        "2014-11": {
            "month": "2014-11",
            "price": "62.21",
            "revenue": 208640
        },
        "2014-12": {
            "month": "2014-12",
            "price": "62.35",
            "revenue": 215640
        },
        "2015-01": {
            "month": "2015-01",
            "price": "62.77",
            "revenue": 172553
        },
        "2015-02": {
            "month": "2015-02",
            "price": "63.56",
            "revenue": 158288
        },
        "2015-03": {
            "month": "2015-03",
            "price": "61.64",
            "revenue": 243790
        },
        "2015-04": {
            "month": "2015-04",
            "price": "54.28",
            "revenue": 186350
        },
        "2015-05": {
            "month": "2015-05",
            "price": "46.13",
            "revenue": 214279
        },
        "2015-06": {
            "month": "2015-06",
            "price": "41.08",
            "revenue": 231345
        },
        "2015-07": {
            "month": "2015-07",
            "price": "34.41",
            "revenue": 205908
        },
        "2015-08": {
            "month": "2015-08",
            "price": "33.13",
            "revenue": 230470
        },
        "2015-09": {
            "month": "2015-09",
            "price": "46.44",
            "revenue": 214025
        },
        "2015-10": {
            "month": "2015-10",
            "price": "47.89",
            "revenue": 199423
        },
        "2015-11": {
            "month": "2015-11",
            "price": "45.68",
            "revenue": 198124
        },
        "2015-12": {
            "month": "2015-12",
            "price": "40.65",
            "revenue": 206290
        },
        "2016-01": {
            "month": "2016-01",
            "price": "37.54",
            "revenue": 204331
        },
        "2016-02": {
            "month": "2016-02",
            "price": "43.58",
            "revenue": 173064
        },
        "2016-03": {
            "month": "2016-03",
            "price": "48.04",
            "revenue": 205584
        },
        "2016-04": {
            "month": "2016-04",
            "price": "52.23",
            "revenue": 207083
        },
        "2016-05": {
            "month": "2016-05",
            "price": "44.17",
            "revenue": 193389
        },
        "2016-06": {
            "month": "2016-06",
            "price": "43.99",
            "revenue": 188904
        },
        "2016-07": {
            "month": "2016-07",
            "price": "44.07",
            "revenue": 205217
        },
        "2016-08": {
            "month": "2016-08",
            "price": "45.38",
            "revenue": 185123
        },
        "2016-09": {
            "month": "2016-09",
            "price": "44.17",
            "revenue": 204477
        },
        "2016-10": {
            "month": "2016-10",
            "price": "40.46",
            "revenue": 162677
        },
        "2016-11": {
            "month": "2016-11",
            "price": "37.44",
            "revenue": 198895
        },
        "2016-12": {
            "month": "2016-12",
            "price": "41.15",
            "revenue": 200142
        },
        "2017-01": {
            "month": "2017-01",
            "price": "42.64",
            "revenue": 166247
        },
        "2017-02": {
            "month": "2017-02",
            "price": "43.62",
            "revenue": 161717
        },
        "2017-03": {
            "month": "2017-03",
            "price": "43.07",
            "revenue": 200962
        },
        "2017-04": {
            "month": "2017-04",
            "price": "41.59",
            "revenue": 176781
        },
        "2017-05": {
            "month": "2017-05",
            "price": "39.53",
            "revenue": 224325
        },
        "2017-06": {
            "month": "2017-06",
            "price": "39.97",
            "revenue": 213057
        },
        "2017-07": {
            "month": "2017-07",
            "price": "39.11",
            "revenue": 230617
        },
        "2017-08": {
            "month": "2017-08",
            "price": "38.50",
            "revenue": 216663
        },
        "2017-09": {
            "month": "2017-09",
            "price": "40.02",
            "revenue": 205279
        },
        "2017-10": {
            "month": "2017-10",
            "price": "41.05",
            "revenue": 222444
        },
        "2017-11": {
            "month": "2017-11",
            "price": "39.33",
            "revenue": 240395
        },
        "2017-12": {
            "month": "2017-12",
            "price": "39.75",
            "revenue": 228468
        },
        "2018-01": {
            "month": "2018-01",
            "price": "40.10",
            "revenue": 262421
        },
        "2018-02": {
            "month": "2018-02",
            "price": "37.79",
            "revenue": 194006
        },
        "2018-03": {
            "month": "2018-03",
            "price": "37.69",
            "revenue": 256697
        },
        "2018-04": {
            "month": "2018-04",
            "price": "37.19",
            "revenue": 216170
        },
        "2018-05": {
            "month": "2018-05",
            "price": "37.91",
            "revenue": 213284
        },
        "2018-06": {
            "month": "2018-06",
            "price": "38.25",
            "revenue": 202401
        },
        "2018-07": {
            "month": "2018-07",
            "price": "36.86",
            "revenue": 210649
        },
        "2018-08": {
            "month": "2018-08",
            "price": "35.95",
            "revenue": 235959
        },
        "2018-09": {
            "month": "2018-09",
            "price": "35.48",
            "revenue": 207477
        },
        "2018-10": {
            "month": "2018-10",
            "price": "32.36",
            "revenue": 402345
        },
        "2018-11": {
            "month": "2018-11",
            "price": "33.40",
            "revenue": 241833
        },
        "2018-12": {
            "month": "2018-12",
            "price": "36.91",
            "revenue": 244706
        },
        "2019-01": {
            "month": "2019-01",
            "price": "36.12",
            "revenue": 251189
        },
        "2019-02": {
            "month": "2019-02",
            "price": "36.85",
            "revenue": 166357
        },
        "2019-03": {
            "month": "2019-03",
            "price": "36.66",
            "revenue": 238800
        },
        "2019-04": {
            "month": "2019-04",
            "price": "37.65",
            "revenue": 231081
        },
        "2019-05": {
            "month": "2019-05",
            "price": "35.15",
            "revenue": 242533
        },
        "2019-06": {
            "month": "2019-06",
            "price": "34.56",
            "revenue": 325080
        },
        "2019-07": {
            "month": "2019-07",
            "price": "37.73",
            "revenue": 224107
        },
        "2019-08": {
            "month": "2019-08",
            "price": "37.34",
            "revenue": 249684
        },
        "2019-09": {
            "month": "2019-09",
            "price": "38.34",
            "revenue": 211656
        },
        "2019-10": {
            "month": "2019-10",
            "price": "37.90",
            "revenue": 231806
        },
        "2019-11": {
            "month": "2019-11",
            "price": "37.04",
            "revenue": 204162
        },
        "2019-12": {
            "month": "2019-12",
            "price": "36.56",
            "revenue": 226307
        },
        "2020-01": {
            "month": "2020-01",
            "price": "36.71",
            "revenue": 226107
        },
        "2020-02": {
            "month": "2020-02",
            "price": "34.45",
            "revenue": 175521
        },
        "2020-03": {
            "month": "2020-03",
            "price": "26.84",
            "revenue": 187579
        },
        "2020-04": {
            "month": "2020-04",
            "price": "25.63",
            "revenue": 156048
        },
        "2020-05": {
            "month": "2020-05",
            "price": "26.72",
            "revenue": 150233
        },
        "2020-06": {
            "month": "2020-06",
            "price": "29.26",
            "revenue": 205060
        },
        "2020-07": {
            "month": "2020-07",
            "price": "30.85",
            "revenue": 208813
        },
        "2020-08": {
            "month": "2020-08",
            "price": "29.91",
            "revenue": 228284
        },
        "2020-09": {
            "month": "2020-09",
            "price": "29.60",
            "revenue": 255406
        },
        "2020-10": {
            "month": "2020-10",
            "price": "30.80",
            "revenue": 249473
        },
        "2020-11": {
            "month": "2020-11",
            "price": "32.47",
            "revenue": 211559
        },
        "2020-12": {
            "month": "2020-12",
            "price": "34.22",
            "revenue": 610751
        },
        "2021-01": {
            "month": "2021-01",
            "price": "55.31",
            "revenue": 201948
        },
        "2021-02": {
            "month": "2021-02",
            "price": "71.30",
            "revenue": 159385
        },
        "2021-03": {
            "month": "2021-03",
            "price": "67.93",
            "revenue": 210776
        },
        "2021-04": {
            "month": "2021-04",
            "price": "66.91",
            "revenue": 229800
        },
        "2021-05": {
            "month": "2021-05",
            "price": "53.69",
            "revenue": 257699
        },
        "2021-06": {
            "month": "2021-06",
            "price": "56.29",
            "revenue": 218006
        },
        "2021-07": {
            "month": "2021-07",
            "price": "60.44",
            "revenue": 270505
        },
        "2021-08": {
            "month": "2021-08",
            "price": "53.22",
            "revenue": 238329
        },
        "2021-09": {
            "month": "2021-09",
            "price": "49.49",
            "revenue": 222603
        },
        "2021-10": {
            "month": "2021-10",
            "price": "49.40",
            "revenue": 180004
        },
        "2021-11": {
            "month": "2021-11",
            "price": "57.89",
            "revenue": 225408
        },
        "2021-12": {
            "month": "2021-12",
            "price": "57.60",
            "revenue": 518311
        },
        "2022-01": {
            "month": "2022-01",
            "price": "62.77",
            "revenue": 311048
        },
        "2022-02": {
            "month": "2022-02",
            "price": "60.69",
            "revenue": 210774
        },
        "2022-03": {
            "month": "2022-03",
            "price": "55.47",
            "revenue": 231393
        },
        "2022-04": {
            "month": "2022-04",
            "price": "63.64",
            "revenue": 213337
        },
        "2022-05": {
            "month": "2022-05",
            "price": "60.24",
            "revenue": 228615
        },
        "2022-06": {
            "month": "2022-06",
            "price": "62.92",
            "revenue": 340182
        },
        "2022-07": {
            "month": "2022-07",
            "price": "58.61",
            "revenue": 370906
        },
        "2022-08": {
            "month": "2022-08",
            "price": "61.00",
            "revenue": 245523
        },
        "2022-09": {
            "month": "2022-09",
            "price": "57.51",
            "revenue": 281736
        },
        "2022-10": {
            "month": "2022-10",
            "price": "48.82",
            "revenue": 260060
        },
        "2022-11": {
            "month": "2022-11",
            "price": "50.19",
            "revenue": 345477
        },
        "2022-12": {
            "month": "2022-12",
            "price": "50.93",
            "revenue": 331974
        },
        "2023-01": {
            "month": "2023-01",
            "price": "49.18",
            "revenue": 273666
        },
        "2023-02": {
            "month": "2023-02",
            "price": "50.85",
            "revenue": 248631
        },
        "2023-03": {
            "month": "2023-03",
            "price": "51.21",
            "revenue": 401228
        },
        "2023-04": {
            "month": "2023-04",
            "price": "53.78",
            "revenue": 288929
        }
    }
}
