{
    "summary": {
        "stock_name": "中宇",
        "stock_id": "1535",
        "category": "電機機械",
        "main_business": "環保工程<br>機電工程<br>代營運及機電維護",
        "website_url": "http://www.ecotek.com.tw",
        "ceo": "李志豐",
        "pe_ratio": 14,
        "report_year_from": 2001,
        "report_year_to": 2023,
        "age": 22,
        "eps_negative_percentage": 0,
        "eps_growth_avg": {
            "last_all": 18.61,
            "last_2y": 62,
            "last_4y": 33.49,
            "last_8y": 8.16,
            "last_12y": 8.4,
            "last_16y": 13.28,
            "last_20y": 18.61,
            "at_2006_last_3y": 71.51,
            "at_2007_last_3y": 54.72,
            "at_2008_last_3y": 51.62,
            "at_2009_last_3y": 29.13,
            "at_2010_last_3y": 21.24,
            "at_2011_last_3y": 18.61,
            "at_2012_last_3y": 11.32,
            "at_2013_last_3y": 8.96,
            "at_2014_last_3y": 5.69,
            "at_2015_last_3y": -3.21,
            "at_2016_last_3y": -18.89,
            "at_2017_last_3y": -23.51,
            "at_2018_last_3y": -37.23,
            "at_2019_last_3y": -23.63,
            "at_2020_last_3y": 3.35,
            "at_2021_last_3y": 34.57,
            "at_2022_last_3y": 53.78,
            "at_2023_last_3y": 53.78,
            "at_2006_last_all": 43.38,
            "at_2007_last_all": 39.63,
            "at_2008_last_all": 39.79,
            "at_2009_last_all": 35.2,
            "at_2010_last_all": 33.54,
            "at_2011_last_all": 31.22,
            "at_2012_last_all": 29.44,
            "at_2013_last_all": 26.45,
            "at_2014_last_all": 24.97,
            "at_2015_last_all": 21.38,
            "at_2016_last_all": 16.55,
            "at_2017_last_all": 13.96,
            "at_2018_last_all": 10.34,
            "at_2019_last_all": 11.38,
            "at_2020_last_all": 13.77,
            "at_2021_last_all": 18.09,
            "at_2022_last_all": 18.61,
            "at_2023_last_all": 18.61
        },
        "latest_eps": 3.79,
        "latest_price": 54.2,
        "latest_roe": 14.06,
        "latest_gross_margin": 9.9,
        "latest_equity": 3408532,
        "latest_revenue": 2490475,
        "latest_gross_profit": 246440,
        "latest_net_income": 145002,
        "latest_debt_ratio": 48.28,
        "latest_current_ratio": 149.26,
        "latest_account_receivable_turnover_ratio": 3.66,
        "latest_inventory_turnover_ratio": 129.47,
        "latest_reinvestment_rate": 31.64,
        "latest_research_to_sale_ratio": 0.14
    },
    "eps_dividends": {
        "1997": {
            "cash": 0,
            "stock": 0.6,
            "eps": 0
        },
        "1998": {
            "cash": 0,
            "stock": 1,
            "eps": 0
        },
        "1999": {
            "cash": 0,
            "stock": 1,
            "eps": 0
        },
        "2000": {
            "cash": 1,
            "stock": 0.5,
            "eps": 0
        },
        "2001": {
            "cash": 0.7,
            "stock": 0.5,
            "eps": 0.81
        },
        "2002": {
            "cash": 0.3,
            "stock": 0.3,
            "eps": 0.25
        },
        "2003": {
            "cash": 0.3,
            "stock": 0,
            "eps": 0.47
        },
        "2004": {
            "cash": 0.2,
            "stock": 0.2,
            "eps": 0.72
        },
        "2005": {
            "cash": 0.6,
            "stock": 0,
            "eps": 1.39
        },
        "2006": {
            "cash": 1,
            "stock": 0,
            "eps": 2.11
        },
        "2007": {
            "cash": 1.6,
            "stock": 0,
            "eps": 2.55
        },
        "2008": {
            "cash": 1.8,
            "stock": 0,
            "eps": 3.59
        },
        "2009": {
            "cash": 2,
            "stock": 0,
            "eps": 3.7
        },
        "2010": {
            "cash": 2.7,
            "stock": 0,
            "eps": 4.45
        },
        "2011": {
            "cash": 6.7,
            "stock": 0,
            "eps": 4.91
        },
        "2012": {
            "cash": 0,
            "stock": 0,
            "eps": 5.48
        },
        "2013": {
            "cash": 4,
            "stock": 0,
            "eps": 5.13
        },
        "2014": {
            "cash": 3.5,
            "stock": 0,
            "eps": 5.5
        },
        "2015": {
            "cash": 4.5,
            "stock": 0,
            "eps": 4.11
        },
        "2016": {
            "cash": 3,
            "stock": 0,
            "eps": 2.01
        },
        "2017": {
            "cash": 1.8,
            "stock": 0,
            "eps": 1.51
        },
        "2018": {
            "cash": 1.25,
            "stock": 0,
            "eps": 0.79
        },
        "2019": {
            "cash": 1.1,
            "stock": 0,
            "eps": 1.02
        },
        "2020": {
            "cash": 1.2,
            "stock": 0,
            "eps": 1.6
        },
        "2021": {
            "cash": 1.35,
            "stock": 0,
            "eps": 3.26
        },
        "2022": {
            "cash": 2.6,
            "stock": 0,
            "eps": 4.21
        },
        "2023": {
            "cash": 3,
            "stock": 0,
            "eps": 2.1
        }
    },
    "dividends": {
        "1997-06-25": {
            "cash": 0,
            "stock": 0.6
        },
        "1998-06-29": {
            "cash": 0,
            "stock": 1
        },
        "1999-04-14": {
            "cash": 0,
            "stock": 1
        },
        "2000-06-09": {
            "cash": 1,
            "stock": 0.5
        },
        "2001-06-08": {
            "cash": 0.7,
            "stock": 0.5
        },
        "2002-06-11": {
            "cash": 0.3,
            "stock": 0.3
        },
        "2003-03-12": {
            "cash": 0.3,
            "stock": 0
        },
        "2004-03-30": {
            "cash": 0.2,
            "stock": 0.2
        },
        "2005-06-28": {
            "cash": 0.6,
            "stock": 0
        },
        "2006-03-16": {
            "cash": 1,
            "stock": 0
        },
        "2007-03-30": {
            "cash": 1.6,
            "stock": 0
        },
        "2008-04-02": {
            "cash": 1.8,
            "stock": 0
        },
        "2009-04-02": {
            "cash": 2,
            "stock": 0
        },
        "2010-03-25": {
            "cash": 2.7,
            "stock": 0
        },
        "2011-01-01": {
            "cash": 3.5,
            "stock": 0
        },
        "2011-03-22": {
            "cash": 3.2,
            "stock": 0
        },
        "2013-03-21": {
            "cash": 4,
            "stock": 0
        },
        "2014-06-27": {
            "cash": 3.5,
            "stock": 0
        },
        "2015-08-14": {
            "cash": 4.5,
            "stock": 0
        },
        "2016-08-15": {
            "cash": 3,
            "stock": 0
        },
        "2017-08-15": {
            "cash": 1.8,
            "stock": 0
        },
        "2018-08-15": {
            "cash": 1.25,
            "stock": 0
        },
        "2019-08-15": {
            "cash": 1.1,
            "stock": 0
        },
        "2020-08-14": {
            "cash": 1.2,
            "stock": 0
        },
        "2021-09-30": {
            "cash": 1.35,
            "stock": 0
        },
        "2022-08-17": {
            "cash": 2.6,
            "stock": 0
        },
        "2023-07-19": {
            "cash": 3,
            "stock": 0
        }
    },
    "prices": {
        "200101": "無",
        "200102": "無",
        "200103": "無",
        "200104": "無",
        "200105": "無",
        "200106": "無",
        "200107": "無",
        "200108": "無",
        "200109": "11.51",
        "200110": "9.43",
        "200111": "9.79",
        "200112": "10.33",
        "200201": "10.26",
        "200202": "10.59",
        "200203": "13.77",
        "200204": "15.45",
        "200205": "13.52",
        "200206": "12.55",
        "200207": "11.36",
        "200208": "10.53",
        "200209": "9.78",
        "200210": "8.71",
        "200211": "9.22",
        "200212": "9.05",
        "200301": "9.90",
        "200302": "9.55",
        "200303": "8.91",
        "200304": "8.70",
        "200305": "8.59",
        "200306": "8.90",
        "200307": "8.69",
        "200308": "8.80",
        "200309": "8.53",
        "200310": "8.71",
        "200311": "8.84",
        "200312": "9.23",
        "200401": "9.49",
        "200402": "10.44",
        "200403": "10.03",
        "200404": "9.79",
        "200405": "9.11",
        "200406": "9.05",
        "200407": "9.10",
        "200408": "9.00",
        "200409": "9.38",
        "200410": "9.19",
        "200411": "8.94",
        "200412": "8.92",
        "200501": "9.11",
        "200502": "9.55",
        "200503": "9.66",
        "200504": "9.50",
        "200505": "9.86",
        "200506": "10.69",
        "200507": "11.77",
        "200508": "12.22",
        "200509": "12.57",
        "200510": "11.36",
        "200511": "10.36",
        "200512": "10.84",
        "200601": "11.37",
        "200602": "11.42",
        "200603": "11.47",
        "200604": "12.65",
        "200605": "16.70",
        "200606": "15.32",
        "200607": "17.14",
        "200608": "17.21",
        "200609": "17.15",
        "200610": "20.18",
        "200611": "23.01",
        "200612": "22.48",
        "200701": "24.19",
        "200702": "23.34",
        "200703": "24.60",
        "200704": "36.38",
        "200705": "38.24",
        "200706": "40.44",
        "200707": "45.26",
        "200708": "41.64",
        "200709": "43.35",
        "200710": "41.69",
        "200711": "37.25",
        "200712": "33.38",
        "200801": "33.86",
        "200802": "34.10",
        "200803": "39.16",
        "200804": "42.26",
        "200805": "46.49",
        "200806": "48.21",
        "200807": "44.67",
        "200808": "46.08",
        "200809": "41.85",
        "200810": "36.46",
        "200811": "34.58",
        "200812": "30.88",
        "200901": "30.71",
        "200902": "32.86",
        "200903": "33.21",
        "200904": "36.10",
        "200905": "37.25",
        "200906": "42.67",
        "200907": "41.55",
        "200908": "42.96",
        "200909": "44.23",
        "200910": "42.78",
        "200911": "41.89",
        "200912": "45.33",
        "201001": "46.49",
        "201002": "43.02",
        "201003": "45.62",
        "201004": "49.49",
        "201005": "48.14",
        "201006": "46.86",
        "201007": "47.72",
        "201008": "48.42",
        "201009": "49.68",
        "201010": "50.34",
        "201011": "49.32",
        "201012": "49.73",
        "201101": "50.04",
        "201102": "52.39",
        "201103": "51.11",
        "201104": "59.96",
        "201105": "64.90",
        "201106": "60.71",
        "201107": "63.11",
        "201108": "59.36",
        "201109": "57.00",
        "201110": "55.72",
        "201111": "56.68",
        "201112": "53.72",
        "201201": "54.61",
        "201202": "59.98",
        "201203": "62.84",
        "201204": "62.13",
        "201205": "63.97",
        "201206": "63.41",
        "201207": "65.90",
        "201208": "63.53",
        "201209": "65.42",
        "201210": "64.55",
        "201211": "63.65",
        "201212": "65.31",
        "201301": "69.05",
        "201302": "77.19",
        "201303": "86.59",
        "201304": "81.86",
        "201305": "81.80",
        "201306": "79.26",
        "201307": "81.27",
        "201308": "78.45",
        "201309": "76.70",
        "201310": "76.83",
        "201311": "74.30",
        "201312": "76.85",
        "201401": "76.64",
        "201402": "74.98",
        "201403": "76.21",
        "201404": "77.00",
        "201405": "76.33",
        "201406": "76.12",
        "201407": "74.93",
        "201408": "69.56",
        "201409": "68.46",
        "201410": "62.50",
        "201411": "63.58",
        "201412": "67.72",
        "201501": "68.16",
        "201502": "66.81",
        "201503": "71.44",
        "201504": "76.46",
        "201505": "73.52",
        "201506": "72.06",
        "201507": "68.95",
        "201508": "59.67",
        "201509": "58.75",
        "201510": "60.57",
        "201511": "60.26",
        "201512": "58.26",
        "201601": "55.40",
        "201602": "57.42",
        "201603": "59.43",
        "201604": "55.22",
        "201605": "52.43",
        "201606": "51.90",
        "201607": "50.46",
        "201608": "45.98",
        "201609": "45.62",
        "201610": "45.04",
        "201611": "43.05",
        "201612": "44.90",
        "201701": "48.36",
        "201702": "48.40",
        "201703": "47.28",
        "201704": "44.18",
        "201705": "43.85",
        "201706": "43.85",
        "201707": "42.57",
        "201708": "40.36",
        "201709": "39.81",
        "201710": "40.23",
        "201711": "41.88",
        "201712": "41.67",
        "201801": "46.64",
        "201802": "44.72",
        "201803": "45.63",
        "201804": "45.04",
        "201805": "42.90",
        "201806": "41.58",
        "201807": "38.21",
        "201808": "36.94",
        "201809": "36.24",
        "201810": "32.78",
        "201811": "30.14",
        "201812": "30.15",
        "201901": "30.74",
        "201902": "32.24",
        "201903": "33.51",
        "201904": "32.37",
        "201905": "32.71",
        "201906": "32.44",
        "201907": "33.05",
        "201908": "32.30",
        "201909": "32.99",
        "201910": "35.84",
        "201911": "34.42",
        "201912": "34.80",
        "202001": "34.99",
        "202002": "34.16",
        "202003": "29.60",
        "202004": "30.40",
        "202005": "32.93",
        "202006": "32.52",
        "202007": "32.45",
        "202008": "31.65",
        "202009": "32.08",
        "202010": "33.43",
        "202011": "33.86",
        "202012": "33.87",
        "202101": "33.76",
        "202102": "34.17",
        "202103": "38.18",
        "202104": "39.47",
        "202105": "38.97",
        "202106": "37.62",
        "202107": "37.56",
        "202108": "39.05",
        "202109": "39.35",
        "202110": "39.30",
        "202111": "39.54",
        "202112": "39.45",
        "202201": "40.06",
        "202202": "40.51",
        "202203": "42.83",
        "202204": "42.14",
        "202205": "41.98",
        "202206": "41.84",
        "202207": "41.04",
        "202208": "43.93",
        "202209": "43.80",
        "202210": "41.04",
        "202211": "41.79",
        "202212": "42.87",
        "202301": "43.34",
        "202302": "44.59",
        "202303": "48.83",
        "202304": "52.89",
        "202305": "53.30",
        "202306": "54.54",
        "202307": "59.12",
        "202308": "54.89",
        "202309": "53.49"
    },
    "quarters": {
        "20011": {
            "year_quarter": 20011,
            "year": 2001,
            "quarter": 1,
            "eps": 0.36,
            "eps_growth_year": -35.71,
            "eps_4q": 1.18,
            "eps_4q_growth_year": -34.86,
            "roe": 2.83,
            "roe_4q": 2.83,
            "gross_profit": 57298,
            "gross_margin": 16.68,
            "gross_margin_4q_avg": 16.68,
            "net_income": 28916,
            "revenue": 343601,
            "common_shares": 811719,
            "book_valuer_per_share": 12.77,
            "book_valuer_per_share_4q_avg": 12.77,
            "equity": 1036353,
            "current_ratio": 138.41,
            "debt_ratio": 63.41,
            "inventory_turnover_ratio": 2.28,
            "account_receivable_turnover_ratio": null,
            "reinvestment_rate": null,
            "research_to_sale_ratio": null,
            "price_fair": 0,
            "eps_avg_yearly": 0,
            "eps_latest_yearly": 0,
            "eps_growth_yearly": 0
        },
        "20012": {
            "year_quarter": 20012,
            "year": 2001,
            "quarter": 2,
            "eps": 0.13,
            "eps_growth_year": -48,
            "eps_4q": 1.06,
            "eps_4q_growth_year": -29.51,
            "roe": 1.04,
            "roe_4q": 3.87,
            "gross_profit": 62347,
            "gross_margin": 14.98,
            "gross_margin_4q_avg": 15.83,
            "net_income": 10562,
            "revenue": 416068,
            "common_shares": 811719,
            "book_valuer_per_share": 12.17,
            "book_valuer_per_share_4q_avg": 12.47,
            "equity": 987735,
            "current_ratio": 129.16,
            "debt_ratio": 69.04,
            "inventory_turnover_ratio": 3.29,
            "account_receivable_turnover_ratio": null,
            "reinvestment_rate": null,
            "research_to_sale_ratio": null,
            "price_fair": 0,
            "eps_avg_yearly": 0,
            "eps_latest_yearly": 0,
            "eps_growth_yearly": 0
        },
        "20013": {
            "year_quarter": 20013,
            "year": 2001,
            "quarter": 3,
            "eps": 0.24,
            "eps_growth_year": -33.33,
            "eps_4q": 0.94,
            "eps_4q_growth_year": -33.79,
            "roe": 1.96,
            "roe_4q": 5.83,
            "gross_profit": 41918,
            "gross_margin": 11.42,
            "gross_margin_4q_avg": 14.36,
            "net_income": 19573,
            "revenue": 366985,
            "common_shares": 811719,
            "book_valuer_per_share": 12.38,
            "book_valuer_per_share_4q_avg": 12.44,
            "equity": 1004863,
            "current_ratio": 125.15,
            "debt_ratio": 72.43,
            "inventory_turnover_ratio": 2.23,
            "account_receivable_turnover_ratio": null,
            "reinvestment_rate": null,
            "research_to_sale_ratio": null,
            "price_fair": 0,
            "eps_avg_yearly": 0,
            "eps_latest_yearly": 0,
            "eps_growth_yearly": 0
        },
        "20014": {
            "year_quarter": 20014,
            "year": 2001,
            "quarter": 4,
            "eps": 0.08,
            "eps_growth_year": -63.64,
            "eps_4q": 0.81,
            "eps_4q_growth_year": -40.67,
            "roe": 0.64,
            "roe_4q": 6.470000000000001,
            "gross_profit": 39101,
            "gross_margin": 10.45,
            "gross_margin_4q_avg": 13.38,
            "net_income": 6470,
            "revenue": 374038,
            "common_shares": 855373,
            "book_valuer_per_share": 11.84,
            "book_valuer_per_share_4q_avg": 12.29,
            "equity": 1012566,
            "current_ratio": 145.76,
            "debt_ratio": 59.51,
            "inventory_turnover_ratio": 1.8,
            "account_receivable_turnover_ratio": null,
            "reinvestment_rate": null,
            "research_to_sale_ratio": null,
            "price_fair": 0,
            "eps_avg_yearly": 0,
            "eps_latest_yearly": 0,
            "eps_growth_yearly": 0
        },
        "20021": {
            "year_quarter": 20021,
            "year": 2002,
            "quarter": 1,
            "eps": 0.17,
            "eps_growth_year": -52.78,
            "eps_4q": 0.59,
            "eps_4q_growth_year": -50.32,
            "roe": 1.46,
            "roe_4q": 5.1000000000000005,
            "gross_profit": 42557,
            "gross_margin": 14.2,
            "gross_margin_4q_avg": 12.76,
            "net_income": 14887,
            "revenue": 299711,
            "common_shares": 855373,
            "book_valuer_per_share": 12.03,
            "book_valuer_per_share_4q_avg": 12.11,
            "equity": 1028778,
            "current_ratio": 127.18,
            "debt_ratio": 71.31,
            "inventory_turnover_ratio": 1.53,
            "account_receivable_turnover_ratio": null,
            "reinvestment_rate": null,
            "research_to_sale_ratio": null,
            "price_fair": 23.8,
            "eps_avg_yearly": 0.68,
            "eps_latest_yearly": 0.68,
            "eps_growth_yearly": 450
        },
        "20022": {
            "year_quarter": 20022,
            "year": 2002,
            "quarter": 2,
            "eps": 0.19,
            "eps_growth_year": 46.15,
            "eps_4q": 0.67,
            "eps_4q_growth_year": -37.37,
            "roe": 1.59,
            "roe_4q": 5.65,
            "gross_profit": 36768,
            "gross_margin": 7.63,
            "gross_margin_4q_avg": 10.93,
            "net_income": 16312,
            "revenue": 482082,
            "common_shares": 855373,
            "book_valuer_per_share": 11.9,
            "book_valuer_per_share_4q_avg": 12.04,
            "equity": 1017516,
            "current_ratio": 133.94,
            "debt_ratio": 66.27,
            "inventory_turnover_ratio": 2.2,
            "account_receivable_turnover_ratio": null,
            "reinvestment_rate": null,
            "research_to_sale_ratio": null,
            "price_fair": 25.2,
            "eps_avg_yearly": 0.72,
            "eps_latest_yearly": 0.76,
            "eps_growth_yearly": 248.53
        },
        "20023": {
            "year_quarter": 20023,
            "year": 2002,
            "quarter": 3,
            "eps": -0.23,
            "eps_growth_year": -195.83,
            "eps_4q": 0.2,
            "eps_4q_growth_year": -78.79,
            "roe": -1.99,
            "roe_4q": 1.7000000000000002,
            "gross_profit": -23389,
            "gross_margin": -5.35,
            "gross_margin_4q_avg": 6.73,
            "net_income": -20056,
            "revenue": 437003,
            "common_shares": 882675,
            "book_valuer_per_share": 11.3,
            "book_valuer_per_share_4q_avg": 11.77,
            "equity": 997482,
            "current_ratio": 137.02,
            "debt_ratio": 64.15,
            "inventory_turnover_ratio": 1.82,
            "account_receivable_turnover_ratio": null,
            "reinvestment_rate": null,
            "research_to_sale_ratio": null,
            "price_fair": 25.2,
            "eps_avg_yearly": 0.72,
            "eps_latest_yearly": 0.76,
            "eps_growth_yearly": 248.53
        },
        "20024": {
            "year_quarter": 20024,
            "year": 2002,
            "quarter": 4,
            "eps": 0.12,
            "eps_growth_year": 50,
            "eps_4q": 0.24,
            "eps_4q_growth_year": -70.05,
            "roe": 1.09,
            "roe_4q": 2.1500000000000004,
            "gross_profit": 35532,
            "gross_margin": 6.06,
            "gross_margin_4q_avg": 5.64,
            "net_income": 10900,
            "revenue": 586324,
            "common_shares": 882675,
            "book_valuer_per_share": 11.44,
            "book_valuer_per_share_4q_avg": 11.67,
            "equity": 1009782,
            "current_ratio": 129.22,
            "debt_ratio": 69.23,
            "inventory_turnover_ratio": 2.02,
            "account_receivable_turnover_ratio": null,
            "reinvestment_rate": -7.85,
            "research_to_sale_ratio": null,
            "price_fair": 25.2,
            "eps_avg_yearly": 0.72,
            "eps_latest_yearly": 0.76,
            "eps_growth_yearly": 248.53
        },
        "20031": {
            "year_quarter": 20031,
            "year": 2003,
            "quarter": 1,
            "eps": 0.18,
            "eps_growth_year": 5.88,
            "eps_4q": 0.26,
            "eps_4q_growth_year": -55.65,
            "roe": 1.57,
            "roe_4q": 2.2600000000000002,
            "gross_profit": 35045,
            "gross_margin": 7.69,
            "gross_margin_4q_avg": 4.01,
            "net_income": 15948,
            "revenue": 455818,
            "common_shares": 882675,
            "book_valuer_per_share": 11.62,
            "book_valuer_per_share_4q_avg": 11.57,
            "equity": 1025730,
            "current_ratio": 130.52,
            "debt_ratio": 67.96,
            "inventory_turnover_ratio": 1.21,
            "account_receivable_turnover_ratio": null,
            "reinvestment_rate": -7.32,
            "research_to_sale_ratio": null,
            "price_fair": 25.2,
            "eps_avg_yearly": 0.72,
            "eps_latest_yearly": 0.72,
            "eps_growth_yearly": 232.35
        },
        "20032": {
            "year_quarter": 20032,
            "year": 2003,
            "quarter": 2,
            "eps": 0.03,
            "eps_growth_year": -84.21,
            "eps_4q": 0.1,
            "eps_4q_growth_year": -85.26,
            "roe": 0.29,
            "roe_4q": 0.9600000000000002,
            "gross_profit": 42659,
            "gross_margin": 6.75,
            "gross_margin_4q_avg": 3.79,
            "net_income": 2985,
            "revenue": 632087,
            "common_shares": 882675,
            "book_valuer_per_share": 11.32,
            "book_valuer_per_share_4q_avg": 11.42,
            "equity": 998854,
            "current_ratio": 124.46,
            "debt_ratio": 72.33,
            "inventory_turnover_ratio": 1.2,
            "account_receivable_turnover_ratio": null,
            "reinvestment_rate": -7.9,
            "research_to_sale_ratio": null,
            "price_fair": 19.95,
            "eps_avg_yearly": 0.57,
            "eps_latest_yearly": 0.12,
            "eps_growth_yearly": 90.93
        },
        "20033": {
            "year_quarter": 20033,
            "year": 2003,
            "quarter": 3,
            "eps": 0.22,
            "eps_growth_year": null,
            "eps_4q": 0.56,
            "eps_4q_growth_year": 181.23,
            "roe": 1.91,
            "roe_4q": 4.859999999999999,
            "gross_profit": 27526,
            "gross_margin": 5.04,
            "gross_margin_4q_avg": 6.39,
            "net_income": 19238,
            "revenue": 546549,
            "common_shares": 882675,
            "book_valuer_per_share": 11.53,
            "book_valuer_per_share_4q_avg": 11.48,
            "equity": 1017996,
            "current_ratio": 123.83,
            "debt_ratio": 73.23,
            "inventory_turnover_ratio": 0.79,
            "account_receivable_turnover_ratio": null,
            "reinvestment_rate": -7.89,
            "research_to_sale_ratio": null,
            "price_fair": 22.12,
            "eps_avg_yearly": 0.63,
            "eps_latest_yearly": 0.88,
            "eps_growth_yearly": 579.41
        },
        "20034": {
            "year_quarter": 20034,
            "year": 2003,
            "quarter": 4,
            "eps": 0.04,
            "eps_growth_year": -66.67,
            "eps_4q": 0.44,
            "eps_4q_growth_year": 80.89,
            "roe": 0.38,
            "roe_4q": 4.15,
            "gross_profit": 21954,
            "gross_margin": 4.59,
            "gross_margin_4q_avg": 6.02,
            "net_income": 3827,
            "revenue": 478059,
            "common_shares": 882675,
            "book_valuer_per_share": 11.57,
            "book_valuer_per_share_4q_avg": 11.51,
            "equity": 1021463,
            "current_ratio": 122.3,
            "debt_ratio": 74.23,
            "inventory_turnover_ratio": 0.75,
            "account_receivable_turnover_ratio": null,
            "reinvestment_rate": -7.89,
            "research_to_sale_ratio": null,
            "price_fair": 19.37,
            "eps_avg_yearly": 0.55,
            "eps_latest_yearly": 0.16,
            "eps_growth_yearly": 428.3
        },
        "20041": {
            "year_quarter": 20041,
            "year": 2004,
            "quarter": 1,
            "eps": 0.19,
            "eps_growth_year": 5.56,
            "eps_4q": 0.49,
            "eps_4q_growth_year": 87.73,
            "roe": 1.61,
            "roe_4q": 4.19,
            "gross_profit": 33971,
            "gross_margin": 9.49,
            "gross_margin_4q_avg": 6.47,
            "net_income": 16524,
            "revenue": 357968,
            "common_shares": 882675,
            "book_valuer_per_share": 11.75,
            "book_valuer_per_share_4q_avg": 11.54,
            "equity": 1037416,
            "current_ratio": 118.44,
            "debt_ratio": 78.02,
            "inventory_turnover_ratio": 0.77,
            "account_receivable_turnover_ratio": null,
            "reinvestment_rate": -8.15,
            "research_to_sale_ratio": null,
            "price_fair": 20.4,
            "eps_avg_yearly": 0.58,
            "eps_latest_yearly": 0.76,
            "eps_growth_yearly": 581.4
        },
        "20042": {
            "year_quarter": 20042,
            "year": 2004,
            "quarter": 2,
            "eps": 0.12,
            "eps_growth_year": 300,
            "eps_4q": 0.56,
            "eps_4q_growth_year": 467.07,
            "roe": 1.05,
            "roe_4q": 4.95,
            "gross_profit": 37905,
            "gross_margin": 11.78,
            "gross_margin_4q_avg": 7.73,
            "net_income": 10866,
            "revenue": 321804,
            "common_shares": 882675,
            "book_valuer_per_share": 11.66,
            "book_valuer_per_share_4q_avg": 11.63,
            "equity": 1029270,
            "current_ratio": 117.73,
            "debt_ratio": 78.58,
            "inventory_turnover_ratio": 0.95,
            "account_receivable_turnover_ratio": null,
            "reinvestment_rate": -8.03,
            "research_to_sale_ratio": null,
            "price_fair": 19.95,
            "eps_avg_yearly": 0.57,
            "eps_latest_yearly": 0.48,
            "eps_growth_yearly": 490.3
        },
        "20043": {
            "year_quarter": 20043,
            "year": 2004,
            "quarter": 3,
            "eps": 0.12,
            "eps_growth_year": -45.45,
            "eps_4q": 0.45,
            "eps_4q_growth_year": -19.21,
            "roe": 1.09,
            "roe_4q": 4.13,
            "gross_profit": 51297,
            "gross_margin": 13.54,
            "gross_margin_4q_avg": 9.85,
            "net_income": 11238,
            "revenue": 378893,
            "common_shares": 901474,
            "book_valuer_per_share": 11.54,
            "book_valuer_per_share_4q_avg": 11.63,
            "equity": 1040629,
            "current_ratio": 121.79,
            "debt_ratio": 75.01,
            "inventory_turnover_ratio": 1.56,
            "account_receivable_turnover_ratio": null,
            "reinvestment_rate": -8.53,
            "research_to_sale_ratio": null,
            "price_fair": 19.6,
            "eps_avg_yearly": 0.56,
            "eps_latest_yearly": 0.48,
            "eps_growth_yearly": 435.82
        },
        "20044": {
            "year_quarter": 20044,
            "year": 2004,
            "quarter": 4,
            "eps": 0.29,
            "eps_growth_year": 625,
            "eps_4q": 0.71,
            "eps_4q_growth_year": 62.36,
            "roe": 2.52,
            "roe_4q": 6.2700000000000005,
            "gross_profit": 76506,
            "gross_margin": 13.71,
            "gross_margin_4q_avg": 12.13,
            "net_income": 26502,
            "revenue": 558106,
            "common_shares": 901474,
            "book_valuer_per_share": 11.82,
            "book_valuer_per_share_4q_avg": 11.69,
            "equity": 1065217,
            "current_ratio": 130.91,
            "debt_ratio": 68.61,
            "inventory_turnover_ratio": 2.69,
            "account_receivable_turnover_ratio": null,
            "reinvestment_rate": -6.52,
            "research_to_sale_ratio": null,
            "price_fair": 21.7,
            "eps_avg_yearly": 0.62,
            "eps_latest_yearly": 1.16,
            "eps_growth_yearly": 448.91
        },
        "20051": {
            "year_quarter": 20051,
            "year": 2005,
            "quarter": 1,
            "eps": 0.33,
            "eps_growth_year": 73.68,
            "eps_4q": 0.87,
            "eps_4q_growth_year": 78.38,
            "roe": 2.73,
            "roe_4q": 7.39,
            "gross_profit": 65335,
            "gross_margin": 18.42,
            "gross_margin_4q_avg": 14.36,
            "net_income": 29526,
            "revenue": 354655,
            "common_shares": 901474,
            "book_valuer_per_share": 12.14,
            "book_valuer_per_share_4q_avg": 11.79,
            "equity": 1094693,
            "current_ratio": 132.1,
            "debt_ratio": 68.07,
            "inventory_turnover_ratio": 1.34,
            "account_receivable_turnover_ratio": null,
            "reinvestment_rate": -6.13,
            "research_to_sale_ratio": null,
            "price_fair": 23.93,
            "eps_avg_yearly": 0.68,
            "eps_latest_yearly": 1.32,
            "eps_growth_yearly": 413.11
        },
        "20052": {
            "year_quarter": 20052,
            "year": 2005,
            "quarter": 2,
            "eps": 0.45,
            "eps_growth_year": 275,
            "eps_4q": 1.2,
            "eps_4q_growth_year": 114.62,
            "roe": 3.74,
            "roe_4q": 10.08,
            "gross_profit": 87803,
            "gross_margin": 14.67,
            "gross_margin_4q_avg": 15.09,
            "net_income": 40582,
            "revenue": 598681,
            "common_shares": 901474,
            "book_valuer_per_share": 11.96,
            "book_valuer_per_share_4q_avg": 11.87,
            "equity": 1077838,
            "current_ratio": 143.49,
            "debt_ratio": 62.43,
            "inventory_turnover_ratio": 2.54,
            "account_receivable_turnover_ratio": null,
            "reinvestment_rate": -4.06,
            "research_to_sale_ratio": null,
            "price_fair": 27.18,
            "eps_avg_yearly": 0.78,
            "eps_latest_yearly": 1.8,
            "eps_growth_yearly": 390.81
        },
        "20053": {
            "year_quarter": 20053,
            "year": 2005,
            "quarter": 3,
            "eps": 0.23,
            "eps_growth_year": 91.67,
            "eps_4q": 1.3,
            "eps_4q_growth_year": 186.72,
            "roe": 1.91,
            "roe_4q": 10.9,
            "gross_profit": 71749,
            "gross_margin": 14.38,
            "gross_margin_4q_avg": 15.3,
            "net_income": 20770,
            "revenue": 498876,
            "common_shares": 901474,
            "book_valuer_per_share": 12.19,
            "book_valuer_per_share_4q_avg": 12.03,
            "equity": 1099341,
            "current_ratio": 147.26,
            "debt_ratio": 61.01,
            "inventory_turnover_ratio": 2.32,
            "account_receivable_turnover_ratio": null,
            "reinvestment_rate": -2.8,
            "research_to_sale_ratio": null,
            "price_fair": 27.57,
            "eps_avg_yearly": 0.79,
            "eps_latest_yearly": 0.92,
            "eps_growth_yearly": 345.7
        },
        "20054": {
            "year_quarter": 20054,
            "year": 2005,
            "quarter": 4,
            "eps": 0.38,
            "eps_growth_year": 31.03,
            "eps_4q": 1.38,
            "eps_4q_growth_year": 92.96,
            "roe": 3.11,
            "roe_4q": 11.49,
            "gross_profit": 78766,
            "gross_margin": 13.46,
            "gross_margin_4q_avg": 15.23,
            "net_income": 34699,
            "revenue": 585057,
            "common_shares": 901474,
            "book_valuer_per_share": 12.58,
            "book_valuer_per_share_4q_avg": 12.22,
            "equity": 1134482,
            "current_ratio": 137.37,
            "debt_ratio": 65.68,
            "inventory_turnover_ratio": 3.51,
            "account_receivable_turnover_ratio": null,
            "reinvestment_rate": 8.84,
            "research_to_sale_ratio": null,
            "price_fair": 29.4,
            "eps_avg_yearly": 0.84,
            "eps_latest_yearly": 1.52,
            "eps_growth_yearly": 339.64
        },
        "20061": {
            "year_quarter": 20061,
            "year": 2006,
            "quarter": 1,
            "eps": 0.61,
            "eps_growth_year": 84.85,
            "eps_4q": 1.67,
            "eps_4q_growth_year": 91.16,
            "roe": 4.7,
            "roe_4q": 13.46,
            "gross_profit": 67548,
            "gross_margin": 11.54,
            "gross_margin_4q_avg": 13.51,
            "net_income": 55313,
            "revenue": 585311,
            "common_shares": 901474,
            "book_valuer_per_share": 13.5,
            "book_valuer_per_share_4q_avg": 12.56,
            "equity": 1217065,
            "current_ratio": 167.3,
            "debt_ratio": 51.78,
            "inventory_turnover_ratio": 6.46,
            "account_receivable_turnover_ratio": null,
            "reinvestment_rate": 9.16,
            "research_to_sale_ratio": null,
            "price_fair": 33.8,
            "eps_avg_yearly": 0.97,
            "eps_latest_yearly": 2.44,
            "eps_growth_yearly": 324.8
        },
        "20062": {
            "year_quarter": 20062,
            "year": 2006,
            "quarter": 2,
            "eps": 0.41,
            "eps_growth_year": -8.89,
            "eps_4q": 1.63,
            "eps_4q_growth_year": 36.41,
            "roe": 3.13,
            "roe_4q": 12.85,
            "gross_profit": 78036,
            "gross_margin": 11.09,
            "gross_margin_4q_avg": 12.62,
            "net_income": 37191,
            "revenue": 703955,
            "common_shares": 901474,
            "book_valuer_per_share": 12.88,
            "book_valuer_per_share_4q_avg": 12.79,
            "equity": 1161134,
            "current_ratio": 172.76,
            "debt_ratio": 49.19,
            "inventory_turnover_ratio": 10.58,
            "account_receivable_turnover_ratio": null,
            "reinvestment_rate": 9.79,
            "research_to_sale_ratio": null,
            "price_fair": 36,
            "eps_avg_yearly": 1.03,
            "eps_latest_yearly": 1.64,
            "eps_growth_yearly": 312.07
        },
        "20063": {
            "year_quarter": 20063,
            "year": 2006,
            "quarter": 3,
            "eps": 0.36,
            "eps_growth_year": 56.52,
            "eps_4q": 1.79,
            "eps_4q_growth_year": 37.41,
            "roe": 2.73,
            "roe_4q": 13.669999999999998,
            "gross_profit": 67022,
            "gross_margin": 9.19,
            "gross_margin_4q_avg": 11.32,
            "net_income": 32111,
            "revenue": 729148,
            "common_shares": 901474,
            "book_valuer_per_share": 13.19,
            "book_valuer_per_share_4q_avg": 13.04,
            "equity": 1189328,
            "current_ratio": 160.9,
            "debt_ratio": 53.47,
            "inventory_turnover_ratio": 8.9,
            "account_receivable_turnover_ratio": null,
            "reinvestment_rate": 8.21,
            "research_to_sale_ratio": null,
            "price_fair": 36.96,
            "eps_avg_yearly": 1.06,
            "eps_latest_yearly": 1.44,
            "eps_growth_yearly": 288.01
        },
        "20064": {
            "year_quarter": 20064,
            "year": 2006,
            "quarter": 4,
            "eps": 0.73,
            "eps_growth_year": 92.11,
            "eps_4q": 2.11,
            "eps_4q_growth_year": 53.25,
            "roe": 5.38,
            "roe_4q": 15.939999999999998,
            "gross_profit": 135137,
            "gross_margin": 12.08,
            "gross_margin_4q_avg": 10.98,
            "net_income": 66037,
            "revenue": 1119090,
            "common_shares": 901474,
            "book_valuer_per_share": 14.05,
            "book_valuer_per_share_4q_avg": 13.41,
            "equity": 1266962,
            "current_ratio": 168.05,
            "debt_ratio": 51.48,
            "inventory_turnover_ratio": 9.57,
            "account_receivable_turnover_ratio": null,
            "reinvestment_rate": 7.43,
            "research_to_sale_ratio": null,
            "price_fair": 41.04,
            "eps_avg_yearly": 1.17,
            "eps_latest_yearly": 2.92,
            "eps_growth_yearly": 295.7
        },
        "20071": {
            "year_quarter": 20071,
            "year": 2007,
            "quarter": 1,
            "eps": 0.45,
            "eps_growth_year": -26.23,
            "eps_4q": 1.95,
            "eps_4q_growth_year": 17.11,
            "roe": 3.14,
            "roe_4q": 14.379999999999999,
            "gross_profit": 89449,
            "gross_margin": 10.67,
            "gross_margin_4q_avg": 10.76,
            "net_income": 40472,
            "revenue": 838241,
            "common_shares": 901474,
            "book_valuer_per_share": 14.58,
            "book_valuer_per_share_4q_avg": 13.68,
            "equity": 1314554,
            "current_ratio": 224.73,
            "debt_ratio": 37.35,
            "inventory_turnover_ratio": 6.57,
            "account_receivable_turnover_ratio": null,
            "reinvestment_rate": 6.89,
            "research_to_sale_ratio": null,
            "price_fair": 43.4,
            "eps_avg_yearly": 1.24,
            "eps_latest_yearly": 1.8,
            "eps_growth_yearly": 273.61
        },
        "20072": {
            "year_quarter": 20072,
            "year": 2007,
            "quarter": 2,
            "eps": 0.47,
            "eps_growth_year": 14.63,
            "eps_4q": 2.01,
            "eps_4q_growth_year": 23.31,
            "roe": 3.35,
            "roe_4q": 14.600000000000001,
            "gross_profit": 106580,
            "gross_margin": 12.87,
            "gross_margin_4q_avg": 11.2,
            "net_income": 42264,
            "revenue": 828388,
            "common_shares": 901474,
            "book_valuer_per_share": 13.43,
            "book_valuer_per_share_4q_avg": 13.81,
            "equity": 1210990,
            "current_ratio": 189.5,
            "debt_ratio": 44.3,
            "inventory_turnover_ratio": 4.31,
            "account_receivable_turnover_ratio": null,
            "reinvestment_rate": 6.3,
            "research_to_sale_ratio": null,
            "price_fair": 47.25,
            "eps_avg_yearly": 1.35,
            "eps_latest_yearly": 1.88,
            "eps_growth_yearly": 295.56
        },
        "20073": {
            "year_quarter": 20073,
            "year": 2007,
            "quarter": 3,
            "eps": 0.64,
            "eps_growth_year": 77.78,
            "eps_4q": 2.29,
            "eps_4q_growth_year": 28.31,
            "roe": 4.62,
            "roe_4q": 16.490000000000002,
            "gross_profit": 107275,
            "gross_margin": 12.5,
            "gross_margin_4q_avg": 12.03,
            "net_income": 57648,
            "revenue": 858412,
            "common_shares": 901474,
            "book_valuer_per_share": 14.27,
            "book_valuer_per_share_4q_avg": 14.08,
            "equity": 1286723,
            "current_ratio": 204.12,
            "debt_ratio": 40.96,
            "inventory_turnover_ratio": 3.22,
            "account_receivable_turnover_ratio": null,
            "reinvestment_rate": 5.81,
            "research_to_sale_ratio": null,
            "price_fair": 50.93,
            "eps_avg_yearly": 1.46,
            "eps_latest_yearly": 2.56,
            "eps_growth_yearly": 146.27
        },
        "20074": {
            "year_quarter": 20074,
            "year": 2007,
            "quarter": 4,
            "eps": 0.99,
            "eps_growth_year": 35.62,
            "eps_4q": 2.54,
            "eps_4q_growth_year": 20.51,
            "roe": 6.76,
            "roe_4q": 17.869999999999997,
            "gross_profit": 161656,
            "gross_margin": 9.45,
            "gross_margin_4q_avg": 11.37,
            "net_income": 89681,
            "revenue": 1710851,
            "common_shares": 901474,
            "book_valuer_per_share": 15.16,
            "book_valuer_per_share_4q_avg": 14.36,
            "equity": 1366231,
            "current_ratio": 184.1,
            "debt_ratio": 47.68,
            "inventory_turnover_ratio": 4.7,
            "account_receivable_turnover_ratio": null,
            "reinvestment_rate": 5.94,
            "research_to_sale_ratio": null,
            "price_fair": 59.24,
            "eps_avg_yearly": 1.69,
            "eps_latest_yearly": 3.96,
            "eps_growth_yearly": 180.39
        },
        "20081": {
            "year_quarter": 20081,
            "year": 2008,
            "quarter": 1,
            "eps": 0.81,
            "eps_growth_year": 80,
            "eps_4q": 2.91,
            "eps_4q_growth_year": 48.82,
            "roe": 5.2,
            "roe_4q": 19.930000000000003,
            "gross_profit": 143977,
            "gross_margin": 10.16,
            "gross_margin_4q_avg": 11.25,
            "net_income": 73157,
            "revenue": 1417365,
            "common_shares": 901474,
            "book_valuer_per_share": 16.06,
            "book_valuer_per_share_4q_avg": 14.73,
            "equity": 1447646,
            "current_ratio": 182.96,
            "debt_ratio": 48.4,
            "inventory_turnover_ratio": 2.62,
            "account_receivable_turnover_ratio": null,
            "reinvestment_rate": 5.2,
            "research_to_sale_ratio": null,
            "price_fair": 64.66,
            "eps_avg_yearly": 1.85,
            "eps_latest_yearly": 3.24,
            "eps_growth_yearly": 82.1
        },
        "20082": {
            "year_quarter": 20082,
            "year": 2008,
            "quarter": 2,
            "eps": 1.01,
            "eps_growth_year": 114.89,
            "eps_4q": 3.19,
            "eps_4q_growth_year": 58.62,
            "roe": 6.56,
            "roe_4q": 23.14,
            "gross_profit": 183151,
            "gross_margin": 9.01,
            "gross_margin_4q_avg": 10.28,
            "net_income": 102116,
            "revenue": 2031868,
            "common_shares": 1130474,
            "book_valuer_per_share": 14.74,
            "book_valuer_per_share_4q_avg": 15.06,
            "equity": 1665856,
            "current_ratio": 151.84,
            "debt_ratio": 54.35,
            "inventory_turnover_ratio": 2.49,
            "account_receivable_turnover_ratio": null,
            "reinvestment_rate": 4.63,
            "research_to_sale_ratio": null,
            "price_fair": 72.45,
            "eps_avg_yearly": 2.07,
            "eps_latest_yearly": 4.04,
            "eps_growth_yearly": 97.48
        },
        "20083": {
            "year_quarter": 20083,
            "year": 2008,
            "quarter": 3,
            "eps": 1.06,
            "eps_growth_year": 65.62,
            "eps_4q": 3.57,
            "eps_4q_growth_year": 55.8,
            "roe": 6.51,
            "roe_4q": 25.03,
            "gross_profit": 144332,
            "gross_margin": 7.45,
            "gross_margin_4q_avg": 9.02,
            "net_income": 111873,
            "revenue": 1937459,
            "common_shares": 1130474,
            "book_valuer_per_share": 15.65,
            "book_valuer_per_share_4q_avg": 15.4,
            "equity": 1768970,
            "current_ratio": 143.56,
            "debt_ratio": 56.03,
            "inventory_turnover_ratio": 1.81,
            "account_receivable_turnover_ratio": null,
            "reinvestment_rate": 4.05,
            "research_to_sale_ratio": null,
            "price_fair": 80.68,
            "eps_avg_yearly": 2.31,
            "eps_latest_yearly": 4.24,
            "eps_growth_yearly": 98.72
        },
        "20084": {
            "year_quarter": 20084,
            "year": 2008,
            "quarter": 4,
            "eps": 0.71,
            "eps_growth_year": -28.28,
            "eps_4q": 3.38,
            "eps_4q_growth_year": 33.19,
            "roe": 4.22,
            "roe_4q": 22.49,
            "gross_profit": 171503,
            "gross_margin": 9.03,
            "gross_margin_4q_avg": 8.91,
            "net_income": 76278,
            "revenue": 1898943,
            "common_shares": 1130474,
            "book_valuer_per_share": 16.32,
            "book_valuer_per_share_4q_avg": 15.69,
            "equity": 1845028,
            "current_ratio": 176.6,
            "debt_ratio": 47.11,
            "inventory_turnover_ratio": 1.73,
            "account_receivable_turnover_ratio": 14.95,
            "reinvestment_rate": 3.56,
            "research_to_sale_ratio": null,
            "price_fair": 84.35,
            "eps_avg_yearly": 2.41,
            "eps_latest_yearly": 2.84,
            "eps_growth_yearly": 55.05
        },
        "20091": {
            "year_quarter": 20091,
            "year": 2009,
            "quarter": 1,
            "eps": 0.85,
            "eps_growth_year": 4.94,
            "eps_4q": 3.42,
            "eps_4q_growth_year": 17.44,
            "roe": 5.09,
            "roe_4q": 22.38,
            "gross_profit": 145233,
            "gross_margin": 8.93,
            "gross_margin_4q_avg": 8.61,
            "net_income": 96130,
            "revenue": 1625528,
            "common_shares": 1130474,
            "book_valuer_per_share": 17.1,
            "book_valuer_per_share_4q_avg": 15.95,
            "equity": 1933194,
            "current_ratio": 192.88,
            "debt_ratio": 42.74,
            "inventory_turnover_ratio": 1.68,
            "account_receivable_turnover_ratio": 5.2,
            "reinvestment_rate": 3.49,
            "research_to_sale_ratio": null,
            "price_fair": 88.9,
            "eps_avg_yearly": 2.54,
            "eps_latest_yearly": 3.4,
            "eps_growth_yearly": 56.53
        },
        "20092": {
            "year_quarter": 20092,
            "year": 2009,
            "quarter": 2,
            "eps": 0.85,
            "eps_growth_year": -15.84,
            "eps_4q": 3.36,
            "eps_4q_growth_year": 5.16,
            "roe": 5.15,
            "roe_4q": 20.97,
            "gross_profit": 186506,
            "gross_margin": 12.08,
            "gross_margin_4q_avg": 9.37,
            "net_income": 96442,
            "revenue": 1544320,
            "common_shares": 1130474,
            "book_valuer_per_share": 16.05,
            "book_valuer_per_share_4q_avg": 16.28,
            "equity": 1814709,
            "current_ratio": 156.74,
            "debt_ratio": 54.32,
            "inventory_turnover_ratio": 1.6,
            "account_receivable_turnover_ratio": 2.65,
            "reinvestment_rate": 2.89,
            "research_to_sale_ratio": null,
            "price_fair": 92.4,
            "eps_avg_yearly": 2.64,
            "eps_latest_yearly": 3.4,
            "eps_growth_yearly": 47.44
        },
        "20093": {
            "year_quarter": 20093,
            "year": 2009,
            "quarter": 3,
            "eps": 0.9,
            "eps_growth_year": -15.09,
            "eps_4q": 3.28,
            "eps_4q_growth_year": -8.08,
            "roe": 5.43,
            "roe_4q": 19.89,
            "gross_profit": 153621,
            "gross_margin": 11.96,
            "gross_margin_4q_avg": 10.5,
            "net_income": 101579,
            "revenue": 1284991,
            "common_shares": 1130474,
            "book_valuer_per_share": 17.07,
            "book_valuer_per_share_4q_avg": 16.64,
            "equity": 1929544,
            "current_ratio": 180.59,
            "debt_ratio": 46.05,
            "inventory_turnover_ratio": 1.52,
            "account_receivable_turnover_ratio": 1.45,
            "reinvestment_rate": 2.31,
            "research_to_sale_ratio": null,
            "price_fair": 98.26,
            "eps_avg_yearly": 2.81,
            "eps_latest_yearly": 3.6,
            "eps_growth_yearly": 61.13
        },
        "20094": {
            "year_quarter": 20094,
            "year": 2009,
            "quarter": 4,
            "eps": 1.1,
            "eps_growth_year": 54.93,
            "eps_4q": 3.71,
            "eps_4q_growth_year": 9.58,
            "roe": 6.28,
            "roe_4q": 21.95,
            "gross_profit": 175747,
            "gross_margin": 12.46,
            "gross_margin_4q_avg": 11.36,
            "net_income": 124879,
            "revenue": 1410731,
            "common_shares": 1130474,
            "book_valuer_per_share": 18.13,
            "book_valuer_per_share_4q_avg": 17.09,
            "equity": 2050030,
            "current_ratio": 174.14,
            "debt_ratio": 47.96,
            "inventory_turnover_ratio": 4.03,
            "account_receivable_turnover_ratio": 7.04,
            "reinvestment_rate": 50.3,
            "research_to_sale_ratio": null,
            "price_fair": 104.56,
            "eps_avg_yearly": 2.99,
            "eps_latest_yearly": 4.4,
            "eps_growth_yearly": 50.38
        },
        "20101": {
            "year_quarter": 20101,
            "year": 2010,
            "quarter": 1,
            "eps": 1.28,
            "eps_growth_year": 50.59,
            "eps_4q": 4.14,
            "eps_4q_growth_year": 21.18,
            "roe": 6.86,
            "roe_4q": 23.72,
            "gross_profit": 205634,
            "gross_margin": 9.28,
            "gross_margin_4q_avg": 11.45,
            "net_income": 145160,
            "revenue": 2216209,
            "common_shares": 1130474,
            "book_valuer_per_share": 19.31,
            "book_valuer_per_share_4q_avg": 17.64,
            "equity": 2182788,
            "current_ratio": 185.16,
            "debt_ratio": 44.87,
            "inventory_turnover_ratio": 1885.21,
            "account_receivable_turnover_ratio": 3.46,
            "reinvestment_rate": 49,
            "research_to_sale_ratio": 0.03,
            "price_fair": 110.43,
            "eps_avg_yearly": 3.16,
            "eps_latest_yearly": 5.12,
            "eps_growth_yearly": 39.34
        },
        "20102": {
            "year_quarter": 20102,
            "year": 2010,
            "quarter": 2,
            "eps": 1.16,
            "eps_growth_year": 36.29,
            "eps_4q": 4.45,
            "eps_4q_growth_year": 32.49,
            "roe": 6.24,
            "roe_4q": 24.810000000000002,
            "gross_profit": 181608,
            "gross_margin": 10.07,
            "gross_margin_4q_avg": 10.94,
            "net_income": 130958,
            "revenue": 1803471,
            "common_shares": 1130474,
            "book_valuer_per_share": 17.81,
            "book_valuer_per_share_4q_avg": 18.08,
            "equity": 2013437,
            "current_ratio": 165.39,
            "debt_ratio": 50.72,
            "inventory_turnover_ratio": 1209.89,
            "account_receivable_turnover_ratio": 2.49,
            "reinvestment_rate": 44.25,
            "research_to_sale_ratio": 0.08,
            "price_fair": 116.99,
            "eps_avg_yearly": 3.34,
            "eps_latest_yearly": 4.64,
            "eps_growth_yearly": 45.2
        },
        "20103": {
            "year_quarter": 20103,
            "year": 2010,
            "quarter": 3,
            "eps": 0.95,
            "eps_growth_year": 5.02,
            "eps_4q": 4.49,
            "eps_4q_growth_year": 36.88,
            "roe": 5.17,
            "roe_4q": 24.55,
            "gross_profit": 163928,
            "gross_margin": 10.9,
            "gross_margin_4q_avg": 10.68,
            "net_income": 106849,
            "revenue": 1504409,
            "common_shares": 1130474,
            "book_valuer_per_share": 18.77,
            "book_valuer_per_share_4q_avg": 18.51,
            "equity": 2122210,
            "current_ratio": 170.47,
            "debt_ratio": 49.26,
            "inventory_turnover_ratio": 777.77,
            "account_receivable_turnover_ratio": 2.92,
            "reinvestment_rate": 44.11,
            "research_to_sale_ratio": 0.14,
            "price_fair": 122.15,
            "eps_avg_yearly": 3.49,
            "eps_latest_yearly": 3.8,
            "eps_growth_yearly": 43.72
        },
        "20104": {
            "year_quarter": 20104,
            "year": 2010,
            "quarter": 4,
            "eps": 1.06,
            "eps_growth_year": -3.98,
            "eps_4q": 4.44,
            "eps_4q_growth_year": 19.89,
            "roe": 5.52,
            "roe_4q": 23.79,
            "gross_profit": 194435,
            "gross_margin": 9.89,
            "gross_margin_4q_avg": 10.04,
            "net_income": 119409,
            "revenue": 1966082,
            "common_shares": 1130474,
            "book_valuer_per_share": 19.52,
            "book_valuer_per_share_4q_avg": 18.85,
            "equity": 2206776,
            "current_ratio": 167.36,
            "debt_ratio": 50.73,
            "inventory_turnover_ratio": 402.74,
            "account_receivable_turnover_ratio": 5.98,
            "reinvestment_rate": 43.7,
            "research_to_sale_ratio": 0.16,
            "price_fair": 110.46,
            "eps_avg_yearly": 3.57,
            "eps_latest_yearly": 4.24,
            "eps_growth_yearly": 20.92
        },
        "20111": {
            "year_quarter": 20111,
            "year": 2011,
            "quarter": 1,
            "eps": 1.33,
            "eps_growth_year": 3.91,
            "eps_4q": 4.49,
            "eps_4q_growth_year": 8.55,
            "roe": 6.6,
            "roe_4q": 23.53,
            "gross_profit": 210289,
            "gross_margin": 10.85,
            "gross_margin_4q_avg": 10.43,
            "net_income": 150873,
            "revenue": 1937728,
            "common_shares": 1130474,
            "book_valuer_per_share": 20.93,
            "book_valuer_per_share_4q_avg": 19.26,
            "equity": 2366047,
            "current_ratio": 178.05,
            "debt_ratio": 47.43,
            "inventory_turnover_ratio": 248.87,
            "account_receivable_turnover_ratio": 7.51,
            "reinvestment_rate": 43.05,
            "research_to_sale_ratio": 0.16,
            "price_fair": 132.74,
            "eps_avg_yearly": 3.79,
            "eps_latest_yearly": 5.32,
            "eps_growth_yearly": 36.88
        },
        "20112": {
            "year_quarter": 20112,
            "year": 2011,
            "quarter": 2,
            "eps": 1.24,
            "eps_growth_year": 6.64,
            "eps_4q": 4.57,
            "eps_4q_growth_year": 2.83,
            "roe": 6.2,
            "roe_4q": 23.490000000000002,
            "gross_profit": 199434,
            "gross_margin": 9.92,
            "gross_margin_4q_avg": 10.39,
            "net_income": 139649,
            "revenue": 2010130,
            "common_shares": 1130474,
            "book_valuer_per_share": 18.95,
            "book_valuer_per_share_4q_avg": 19.54,
            "equity": 2142383,
            "current_ratio": 153.3,
            "debt_ratio": 55.22,
            "inventory_turnover_ratio": 261.83,
            "account_receivable_turnover_ratio": 3.44,
            "reinvestment_rate": 41.58,
            "research_to_sale_ratio": 0.13,
            "price_fair": 139.48,
            "eps_avg_yearly": 3.99,
            "eps_latest_yearly": 4.96,
            "eps_growth_yearly": 34.07
        },
        "20113": {
            "year_quarter": 20113,
            "year": 2011,
            "quarter": 3,
            "eps": 1.22,
            "eps_growth_year": 28.83,
            "eps_4q": 4.84,
            "eps_4q_growth_year": 7.82,
            "roe": 6.24,
            "roe_4q": 24.56,
            "gross_profit": 183566,
            "gross_margin": 8.91,
            "gross_margin_4q_avg": 9.89,
            "net_income": 137653,
            "revenue": 2061127,
            "common_shares": 1130474,
            "book_valuer_per_share": 20.09,
            "book_valuer_per_share_4q_avg": 19.87,
            "equity": 2271135,
            "current_ratio": 161.32,
            "debt_ratio": 52.06,
            "inventory_turnover_ratio": 271.6,
            "account_receivable_turnover_ratio": 2.28,
            "reinvestment_rate": 41.7,
            "research_to_sale_ratio": 0.16,
            "price_fair": 143.01,
            "eps_avg_yearly": 4.13,
            "eps_latest_yearly": 4.88,
            "eps_growth_yearly": 24.63
        },
        "20114": {
            "year_quarter": 20114,
            "year": 2011,
            "quarter": 4,
            "eps": 1.12,
            "eps_growth_year": 5.68,
            "eps_4q": 4.9,
            "eps_4q_growth_year": 10.35,
            "roe": 5.44,
            "roe_4q": 24.479999999999997,
            "gross_profit": 184450,
            "gross_margin": 7.44,
            "gross_margin_4q_avg": 9.28,
            "net_income": 126194,
            "revenue": 2480685,
            "common_shares": 1130474,
            "book_valuer_per_share": 20.96,
            "book_valuer_per_share_4q_avg": 20.23,
            "equity": 2369013,
            "current_ratio": 161.87,
            "debt_ratio": 51.97,
            "inventory_turnover_ratio": 314.17,
            "account_receivable_turnover_ratio": 3.05,
            "reinvestment_rate": 43.25,
            "research_to_sale_ratio": 0.1,
            "price_fair": 78.7,
            "eps_avg_yearly": 4.16,
            "eps_latest_yearly": 4.48,
            "eps_growth_yearly": 8.91
        },
        "20121": {
            "year_quarter": 20121,
            "year": 2012,
            "quarter": 1,
            "eps": 1.5,
            "eps_growth_year": 12.78,
            "eps_4q": 5.07,
            "eps_4q_growth_year": 12.81,
            "roe": 6.87,
            "roe_4q": 24.75,
            "gross_profit": 232386,
            "gross_margin": 10.3,
            "gross_margin_4q_avg": 9.14,
            "net_income": 169704,
            "revenue": 2255101,
            "common_shares": 1130474,
            "book_valuer_per_share": 22.72,
            "book_valuer_per_share_4q_avg": 20.68,
            "equity": 2568574,
            "current_ratio": 195.06,
            "debt_ratio": 54,
            "inventory_turnover_ratio": 119,
            "account_receivable_turnover_ratio": 3.11,
            "reinvestment_rate": 44.13,
            "research_to_sale_ratio": 0.22,
            "price_fair": 138.43,
            "eps_avg_yearly": 4.34,
            "eps_latest_yearly": 6,
            "eps_growth_yearly": 21.93
        },
        "20122": {
            "year_quarter": 20122,
            "year": 2012,
            "quarter": 2,
            "eps": 1.4,
            "eps_growth_year": 13.45,
            "eps_4q": 5.24,
            "eps_4q_growth_year": 14.55,
            "roe": 6.48,
            "roe_4q": 25.03,
            "gross_profit": 244268,
            "gross_margin": 9.99,
            "gross_margin_4q_avg": 9.16,
            "net_income": 158430,
            "revenue": 2444444,
            "common_shares": 1130474,
            "book_valuer_per_share": 20.56,
            "book_valuer_per_share_4q_avg": 21.08,
            "equity": 2324754,
            "current_ratio": 165.56,
            "debt_ratio": 62.92,
            "inventory_turnover_ratio": 47.49,
            "account_receivable_turnover_ratio": 2.78,
            "reinvestment_rate": 35.24,
            "research_to_sale_ratio": 0.14,
            "price_fair": 106.8,
            "eps_avg_yearly": 4.43,
            "eps_latest_yearly": 5.6,
            "eps_growth_yearly": 14.09
        },
        "20123": {
            "year_quarter": 20123,
            "year": 2012,
            "quarter": 3,
            "eps": 1.56,
            "eps_growth_year": 28.47,
            "eps_4q": 5.51,
            "eps_4q_growth_year": 13.68,
            "roe": 7.3,
            "roe_4q": 26.090000000000003,
            "gross_profit": 286896,
            "gross_margin": 9.86,
            "gross_margin_4q_avg": 9.4,
            "net_income": 180284,
            "revenue": 2910282,
            "common_shares": 1152512,
            "book_valuer_per_share": 22.69,
            "book_valuer_per_share_4q_avg": 21.73,
            "equity": 2614702,
            "current_ratio": 181.31,
            "debt_ratio": 56.63,
            "inventory_turnover_ratio": 31.27,
            "account_receivable_turnover_ratio": 3.24,
            "reinvestment_rate": 35.45,
            "research_to_sale_ratio": 0.15,
            "price_fair": 117.19,
            "eps_avg_yearly": 4.56,
            "eps_latest_yearly": 6.24,
            "eps_growth_yearly": 15.71
        },
        "20124": {
            "year_quarter": 20124,
            "year": 2012,
            "quarter": 4,
            "eps": 1.02,
            "eps_growth_year": -8.4,
            "eps_4q": 5.4,
            "eps_4q_growth_year": 10.12,
            "roe": 4.41,
            "roe_4q": 25.060000000000002,
            "gross_profit": 250035,
            "gross_margin": 7.18,
            "gross_margin_4q_avg": 9.33,
            "net_income": 118753,
            "revenue": 3483205,
            "common_shares": 1161369,
            "book_valuer_per_share": 23.86,
            "book_valuer_per_share_4q_avg": 22.46,
            "equity": 2771049,
            "current_ratio": 188.16,
            "debt_ratio": 54.18,
            "inventory_turnover_ratio": 27.81,
            "account_receivable_turnover_ratio": 4.09,
            "reinvestment_rate": 35.16,
            "research_to_sale_ratio": 0.14,
            "price_fair": 117.33,
            "eps_avg_yearly": 4.64,
            "eps_latest_yearly": 4.08,
            "eps_growth_yearly": 15.31
        },
        "20131": {
            "year_quarter": 20131,
            "year": 2013,
            "quarter": 1,
            "eps": 1.52,
            "eps_growth_year": 1.33,
            "eps_4q": 5.33,
            "eps_4q_growth_year": 5.12,
            "roe": 6.08,
            "roe_4q": 24.27,
            "gross_profit": 297185,
            "gross_margin": 10.9,
            "gross_margin_4q_avg": 9.48,
            "net_income": 177078,
            "revenue": 2725937,
            "common_shares": 1190535,
            "book_valuer_per_share": 25.67,
            "book_valuer_per_share_4q_avg": 23.2,
            "equity": 3056451,
            "current_ratio": 190.98,
            "debt_ratio": 52.51,
            "inventory_turnover_ratio": 19.02,
            "account_receivable_turnover_ratio": 2.41,
            "reinvestment_rate": 38.64,
            "research_to_sale_ratio": 0.18,
            "price_fair": 156.75,
            "eps_avg_yearly": 4.8,
            "eps_latest_yearly": 6.08,
            "eps_growth_yearly": 22.64
        },
        "20132": {
            "year_quarter": 20132,
            "year": 2013,
            "quarter": 2,
            "eps": 1.2,
            "eps_growth_year": -14.37,
            "eps_4q": 5.09,
            "eps_4q_growth_year": -2.86,
            "roe": 4.86,
            "roe_4q": 22.650000000000002,
            "gross_profit": 222726,
            "gross_margin": 9.25,
            "gross_margin_4q_avg": 9.3,
            "net_income": 143769,
            "revenue": 2408947,
            "common_shares": 1218659,
            "book_valuer_per_share": 23.5,
            "book_valuer_per_share_4q_avg": 23.93,
            "equity": 2863755,
            "current_ratio": 148.57,
            "debt_ratio": 60.99,
            "inventory_turnover_ratio": 18.1,
            "account_receivable_turnover_ratio": 1.96,
            "reinvestment_rate": 48.39,
            "research_to_sale_ratio": 0.19,
            "price_fair": 133.87,
            "eps_avg_yearly": 4.89,
            "eps_latest_yearly": 4.8,
            "eps_growth_yearly": 17.38
        },
        "20133": {
            "year_quarter": 20133,
            "year": 2013,
            "quarter": 3,
            "eps": 1.18,
            "eps_growth_year": -24.57,
            "eps_4q": 4.7,
            "eps_4q_growth_year": -14.63,
            "roe": 4.75,
            "roe_4q": 20.1,
            "gross_profit": 199196,
            "gross_margin": 7.63,
            "gross_margin_4q_avg": 8.74,
            "net_income": 142052,
            "revenue": 2610784,
            "common_shares": 1237426,
            "book_valuer_per_share": 25.24,
            "book_valuer_per_share_4q_avg": 24.57,
            "equity": 3123058,
            "current_ratio": 154.7,
            "debt_ratio": 56.78,
            "inventory_turnover_ratio": 23.22,
            "account_receivable_turnover_ratio": 2.64,
            "reinvestment_rate": 49.07,
            "research_to_sale_ratio": 0.15,
            "price_fair": 126.43,
            "eps_avg_yearly": 4.96,
            "eps_latest_yearly": 4.72,
            "eps_growth_yearly": 15.49
        },
        "20134": {
            "year_quarter": 20134,
            "year": 2013,
            "quarter": 4,
            "eps": 1.23,
            "eps_growth_year": 20.05,
            "eps_4q": 4.97,
            "eps_4q_growth_year": -8,
            "roe": 4.75,
            "roe_4q": 20.439999999999998,
            "gross_profit": 259788,
            "gross_margin": 10.33,
            "gross_margin_4q_avg": 9.53,
            "net_income": 151904,
            "revenue": 2515041,
            "common_shares": 1237426,
            "book_valuer_per_share": 26.46,
            "book_valuer_per_share_4q_avg": 25.22,
            "equity": 3274833,
            "current_ratio": 152.69,
            "debt_ratio": 57.79,
            "inventory_turnover_ratio": 24.34,
            "account_receivable_turnover_ratio": 3.01,
            "reinvestment_rate": 23.73,
            "research_to_sale_ratio": 0.21,
            "price_fair": 104.81,
            "eps_avg_yearly": 4.99,
            "eps_latest_yearly": 4.92,
            "eps_growth_yearly": 10.99
        },
        "20141": {
            "year_quarter": 20141,
            "year": 2014,
            "quarter": 1,
            "eps": 1.13,
            "eps_growth_year": -25.66,
            "eps_4q": 4.66,
            "eps_4q_growth_year": -12.48,
            "roe": 4.15,
            "roe_4q": 18.51,
            "gross_profit": 203447,
            "gross_margin": 8.2,
            "gross_margin_4q_avg": 8.85,
            "net_income": 139477,
            "revenue": 2480376,
            "common_shares": 1237426,
            "book_valuer_per_share": 27.86,
            "book_valuer_per_share_4q_avg": 25.77,
            "equity": 3447480,
            "current_ratio": 155.57,
            "debt_ratio": 56.6,
            "inventory_turnover_ratio": 26.34,
            "account_receivable_turnover_ratio": 2.9,
            "reinvestment_rate": 26.43,
            "research_to_sale_ratio": 0.19,
            "price_fair": 73.68,
            "eps_avg_yearly": 4.96,
            "eps_latest_yearly": 4.52,
            "eps_growth_yearly": 4.87
        },
        "20142": {
            "year_quarter": 20142,
            "year": 2014,
            "quarter": 2,
            "eps": 1.04,
            "eps_growth_year": -13.33,
            "eps_4q": 4.55,
            "eps_4q_growth_year": -10.65,
            "roe": 3.93,
            "roe_4q": 17.58,
            "gross_profit": 224066,
            "gross_margin": 8.55,
            "gross_margin_4q_avg": 8.68,
            "net_income": 128993,
            "revenue": 2621194,
            "common_shares": 1237426,
            "book_valuer_per_share": 25.23,
            "book_valuer_per_share_4q_avg": 26.2,
            "equity": 3121615,
            "current_ratio": 147.69,
            "debt_ratio": 60.24,
            "inventory_turnover_ratio": 34.81,
            "account_receivable_turnover_ratio": 3.09,
            "reinvestment_rate": 23.3,
            "research_to_sale_ratio": 0.28,
            "price_fair": 74.97,
            "eps_avg_yearly": 4.93,
            "eps_latest_yearly": 4.16,
            "eps_growth_yearly": 5.22
        },
        "20143": {
            "year_quarter": 20143,
            "year": 2014,
            "quarter": 3,
            "eps": 1.58,
            "eps_growth_year": 33.9,
            "eps_4q": 4.98,
            "eps_4q_growth_year": 5.91,
            "roe": 6.05,
            "roe_4q": 18.880000000000003,
            "gross_profit": 252435,
            "gross_margin": 11.48,
            "gross_margin_4q_avg": 9.64,
            "net_income": 195653,
            "revenue": 2199398,
            "common_shares": 1237426,
            "book_valuer_per_share": 27.06,
            "book_valuer_per_share_4q_avg": 26.65,
            "equity": 3348662,
            "current_ratio": 162.45,
            "debt_ratio": 54.63,
            "inventory_turnover_ratio": 33.21,
            "account_receivable_turnover_ratio": 3.03,
            "reinvestment_rate": 23.4,
            "research_to_sale_ratio": 0.31,
            "price_fair": 166.34,
            "eps_avg_yearly": 5.08,
            "eps_latest_yearly": 6.32,
            "eps_growth_yearly": 22.73
        },
        "20144": {
            "year_quarter": 20144,
            "year": 2014,
            "quarter": 4,
            "eps": 1.75,
            "eps_growth_year": 42.54,
            "eps_4q": 5.5,
            "eps_4q_growth_year": 10.71,
            "roe": 6.2,
            "roe_4q": 20.33,
            "gross_profit": 348578,
            "gross_margin": 11.43,
            "gross_margin_4q_avg": 9.92,
            "net_income": 216523,
            "revenue": 3050549,
            "common_shares": 1237426,
            "book_valuer_per_share": 29.41,
            "book_valuer_per_share_4q_avg": 27.39,
            "equity": 3639184,
            "current_ratio": 174.06,
            "debt_ratio": 50.82,
            "inventory_turnover_ratio": 45.86,
            "account_receivable_turnover_ratio": 3.98,
            "reinvestment_rate": 25.35,
            "research_to_sale_ratio": 0.29,
            "price_fair": 170.91,
            "eps_avg_yearly": 5.26,
            "eps_latest_yearly": 7,
            "eps_growth_yearly": 22.52
        },
        "20151": {
            "year_quarter": 20151,
            "year": 2015,
            "quarter": 1,
            "eps": 1.08,
            "eps_growth_year": -4.42,
            "eps_4q": 5.46,
            "eps_4q_growth_year": 17,
            "roe": 3.62,
            "roe_4q": 19.8,
            "gross_profit": 255154,
            "gross_margin": 9.96,
            "gross_margin_4q_avg": 10.36,
            "net_income": 134138,
            "revenue": 2562804,
            "common_shares": 1237426,
            "book_valuer_per_share": 30.4,
            "book_valuer_per_share_4q_avg": 28.03,
            "equity": 3762314,
            "current_ratio": 191.08,
            "debt_ratio": 46,
            "inventory_turnover_ratio": 66.79,
            "account_receivable_turnover_ratio": 3.5,
            "reinvestment_rate": 26.07,
            "research_to_sale_ratio": 0.32,
            "price_fair": 86.12,
            "eps_avg_yearly": 5.19,
            "eps_latest_yearly": 4.32,
            "eps_growth_yearly": 6.58
        },
        "20152": {
            "year_quarter": 20152,
            "year": 2015,
            "quarter": 2,
            "eps": 0.99,
            "eps_growth_year": -4.81,
            "eps_4q": 5.4,
            "eps_4q_growth_year": 18.78,
            "roe": 3.46,
            "roe_4q": 19.330000000000002,
            "gross_profit": 233197,
            "gross_margin": 9.44,
            "gross_margin_4q_avg": 10.58,
            "net_income": 121725,
            "revenue": 2469962,
            "common_shares": 1237426,
            "book_valuer_per_share": 26.46,
            "book_valuer_per_share_4q_avg": 28.33,
            "equity": 3273699,
            "current_ratio": 163.76,
            "debt_ratio": 54.03,
            "inventory_turnover_ratio": 237.1,
            "account_receivable_turnover_ratio": 3.05,
            "reinvestment_rate": 20.9,
            "research_to_sale_ratio": 0.29,
            "price_fair": 83.07,
            "eps_avg_yearly": 5.13,
            "eps_latest_yearly": 3.96,
            "eps_growth_yearly": 6.19
        },
        "20153": {
            "year_quarter": 20153,
            "year": 2015,
            "quarter": 3,
            "eps": 1.01,
            "eps_growth_year": -36.08,
            "eps_4q": 4.83,
            "eps_4q_growth_year": -2.95,
            "roe": 3.74,
            "roe_4q": 17.02,
            "gross_profit": 190938,
            "gross_margin": 9.14,
            "gross_margin_4q_avg": 9.99,
            "net_income": 125457,
            "revenue": 2088361,
            "common_shares": 1237426,
            "book_valuer_per_share": 27.75,
            "book_valuer_per_share_4q_avg": 28.51,
            "equity": 3433937,
            "current_ratio": 176.71,
            "debt_ratio": 49.65,
            "inventory_turnover_ratio": 221.08,
            "account_receivable_turnover_ratio": 2.53,
            "reinvestment_rate": 23.93,
            "research_to_sale_ratio": 0.36,
            "price_fair": 86.83,
            "eps_avg_yearly": 5.08,
            "eps_latest_yearly": 4.04,
            "eps_growth_yearly": 7.1
        },
        "20154": {
            "year_quarter": 20154,
            "year": 2015,
            "quarter": 4,
            "eps": 1.03,
            "eps_growth_year": -41.07,
            "eps_4q": 4.11,
            "eps_4q_growth_year": -25.23,
            "roe": 3.68,
            "roe_4q": 14.5,
            "gross_profit": 186304,
            "gross_margin": 7.6,
            "gross_margin_4q_avg": 9.04,
            "net_income": 127593,
            "revenue": 2450089,
            "common_shares": 1237426,
            "book_valuer_per_share": 28.24,
            "book_valuer_per_share_4q_avg": 28.21,
            "equity": 3494039,
            "current_ratio": 180.77,
            "debt_ratio": 48.72,
            "inventory_turnover_ratio": 330.02,
            "account_receivable_turnover_ratio": 3.3,
            "reinvestment_rate": 22.71,
            "research_to_sale_ratio": 0.28,
            "price_fair": 99.31,
            "eps_avg_yearly": 5.06,
            "eps_latest_yearly": 4.12,
            "eps_growth_yearly": 9.65
        },
        "20161": {
            "year_quarter": 20161,
            "year": 2016,
            "quarter": 1,
            "eps": 0.58,
            "eps_growth_year": -46.3,
            "eps_4q": 3.61,
            "eps_4q_growth_year": -33.89,
            "roe": 2.04,
            "roe_4q": 12.920000000000002,
            "gross_profit": 227617,
            "gross_margin": 9.45,
            "gross_margin_4q_avg": 8.91,
            "net_income": 71659,
            "revenue": 2409630,
            "common_shares": 1237426,
            "book_valuer_per_share": 28.58,
            "book_valuer_per_share_4q_avg": 27.76,
            "equity": 3536507,
            "current_ratio": 189.65,
            "debt_ratio": 45.96,
            "inventory_turnover_ratio": 340.27,
            "account_receivable_turnover_ratio": 3.41,
            "reinvestment_rate": 22.35,
            "research_to_sale_ratio": 0.35,
            "price_fair": 14.48,
            "eps_avg_yearly": 4.83,
            "eps_latest_yearly": 2.32,
            "eps_growth_yearly": -9.76
        },
        "20162": {
            "year_quarter": 20162,
            "year": 2016,
            "quarter": 2,
            "eps": 0.53,
            "eps_growth_year": -46.46,
            "eps_4q": 3.16,
            "eps_4q_growth_year": -41.54,
            "roe": 1.95,
            "roe_4q": 11.41,
            "gross_profit": 179945,
            "gross_margin": 9.27,
            "gross_margin_4q_avg": 8.87,
            "net_income": 65839,
            "revenue": 1941114,
            "common_shares": 1237426,
            "book_valuer_per_share": 25.88,
            "book_valuer_per_share_4q_avg": 27.61,
            "equity": 3201871,
            "current_ratio": 155,
            "debt_ratio": 56.92,
            "inventory_turnover_ratio": 245.1,
            "account_receivable_turnover_ratio": 2.77,
            "reinvestment_rate": 25.79,
            "research_to_sale_ratio": 0.38,
            "price_fair": 13.82,
            "eps_avg_yearly": 4.61,
            "eps_latest_yearly": 2.12,
            "eps_growth_yearly": -10.25
        },
        "20163": {
            "year_quarter": 20163,
            "year": 2016,
            "quarter": 3,
            "eps": 0.49,
            "eps_growth_year": -51.49,
            "eps_4q": 2.63,
            "eps_4q_growth_year": -45.56,
            "roe": 1.88,
            "roe_4q": 9.55,
            "gross_profit": 225162,
            "gross_margin": 11.64,
            "gross_margin_4q_avg": 9.49,
            "net_income": 60385,
            "revenue": 1934704,
            "common_shares": 1237426,
            "book_valuer_per_share": 26.05,
            "book_valuer_per_share_4q_avg": 27.19,
            "equity": 3223869,
            "current_ratio": 151.14,
            "debt_ratio": 57.83,
            "inventory_turnover_ratio": 241.87,
            "account_receivable_turnover_ratio": 2.53,
            "reinvestment_rate": 27.99,
            "research_to_sale_ratio": 0.32,
            "price_fair": 13.02,
            "eps_avg_yearly": 4.34,
            "eps_latest_yearly": 1.96,
            "eps_growth_yearly": -14.99
        },
        "20164": {
            "year_quarter": 20164,
            "year": 2016,
            "quarter": 4,
            "eps": 0.41,
            "eps_growth_year": -60.71,
            "eps_4q": 2,
            "eps_4q_growth_year": -51.27,
            "roe": 1.56,
            "roe_4q": 7.43,
            "gross_profit": 375241,
            "gross_margin": 17.14,
            "gross_margin_4q_avg": 11.88,
            "net_income": 50129,
            "revenue": 2189534,
            "common_shares": 1237426,
            "book_valuer_per_share": 25.91,
            "book_valuer_per_share_4q_avg": 26.61,
            "equity": 3206247,
            "current_ratio": 158.55,
            "debt_ratio": 57.62,
            "inventory_turnover_ratio": 291.17,
            "account_receivable_turnover_ratio": 3.04,
            "reinvestment_rate": 21.15,
            "research_to_sale_ratio": 0.28,
            "price_fair": 12.56,
            "eps_avg_yearly": 4.19,
            "eps_latest_yearly": 1.64,
            "eps_growth_yearly": -10.42
        },
        "20171": {
            "year_quarter": 20171,
            "year": 2017,
            "quarter": 1,
            "eps": 0.16,
            "eps_growth_year": -72.41,
            "eps_4q": 1.58,
            "eps_4q_growth_year": -56.15,
            "roe": 0.61,
            "roe_4q": 6,
            "gross_profit": 191818,
            "gross_margin": 10.83,
            "gross_margin_4q_avg": 12.22,
            "net_income": 19403,
            "revenue": 1771067,
            "common_shares": 1237426,
            "book_valuer_per_share": 25.32,
            "book_valuer_per_share_4q_avg": 25.79,
            "equity": 3132782,
            "current_ratio": 169.58,
            "debt_ratio": 54.05,
            "inventory_turnover_ratio": 235.29,
            "account_receivable_turnover_ratio": 2.1,
            "reinvestment_rate": 13.85,
            "research_to_sale_ratio": 0.31,
            "price_fair": 11.54,
            "eps_avg_yearly": 3.85,
            "eps_latest_yearly": 0.64,
            "eps_growth_yearly": -37.92
        },
        "20172": {
            "year_quarter": 20172,
            "year": 2017,
            "quarter": 2,
            "eps": 0.26,
            "eps_growth_year": -50.94,
            "eps_4q": 1.31,
            "eps_4q_growth_year": -58.48,
            "roe": 1.06,
            "roe_4q": 5.109999999999999,
            "gross_profit": 137007,
            "gross_margin": 6.32,
            "gross_margin_4q_avg": 11.48,
            "net_income": 32224,
            "revenue": 2168919,
            "common_shares": 1237426,
            "book_valuer_per_share": 23.86,
            "book_valuer_per_share_4q_avg": 25.29,
            "equity": 2952303,
            "current_ratio": 161.37,
            "debt_ratio": 58.44,
            "inventory_turnover_ratio": 297.48,
            "account_receivable_turnover_ratio": 2.46,
            "reinvestment_rate": -11.26,
            "research_to_sale_ratio": 0.15,
            "price_fair": 10.84,
            "eps_avg_yearly": 3.61,
            "eps_latest_yearly": 1.04,
            "eps_growth_yearly": -17.03
        },
        "20173": {
            "year_quarter": 20173,
            "year": 2017,
            "quarter": 3,
            "eps": 0.52,
            "eps_growth_year": 6.12,
            "eps_4q": 1.34,
            "eps_4q_growth_year": -48.95,
            "roe": 2.16,
            "roe_4q": 5.390000000000001,
            "gross_profit": 181930,
            "gross_margin": 7.61,
            "gross_margin_4q_avg": 10.48,
            "net_income": 64394,
            "revenue": 2390510,
            "common_shares": 1237426,
            "book_valuer_per_share": 24.41,
            "book_valuer_per_share_4q_avg": 24.88,
            "equity": 3020907,
            "current_ratio": 170.06,
            "debt_ratio": 55.97,
            "inventory_turnover_ratio": 326.79,
            "account_receivable_turnover_ratio": 2.58,
            "reinvestment_rate": -14.2,
            "research_to_sale_ratio": 0.23,
            "price_fair": 63.39,
            "eps_avg_yearly": 3.45,
            "eps_latest_yearly": 2.08,
            "eps_growth_yearly": 8.39
        },
        "20174": {
            "year_quarter": 20174,
            "year": 2017,
            "quarter": 4,
            "eps": 0.57,
            "eps_growth_year": 41.2,
            "eps_4q": 1.51,
            "eps_4q_growth_year": -24.68,
            "roe": 2.33,
            "roe_4q": 6.160000000000001,
            "gross_profit": 178347,
            "gross_margin": 4.9,
            "gross_margin_4q_avg": 7.42,
            "net_income": 70783,
            "revenue": 3640897,
            "common_shares": 1237426,
            "book_valuer_per_share": 24.75,
            "book_valuer_per_share_4q_avg": 24.59,
            "equity": 3062401,
            "current_ratio": 154.19,
            "debt_ratio": 59.96,
            "inventory_turnover_ratio": 588.67,
            "account_receivable_turnover_ratio": 2.88,
            "reinvestment_rate": -9.46,
            "research_to_sale_ratio": 0.09,
            "price_fair": 64.77,
            "eps_avg_yearly": 3.28,
            "eps_latest_yearly": 2.28,
            "eps_growth_yearly": 9.73
        },
        "20181": {
            "year_quarter": 20181,
            "year": 2018,
            "quarter": 1,
            "eps": 0.26,
            "eps_growth_year": 62.5,
            "eps_4q": 1.61,
            "eps_4q_growth_year": 1.81,
            "roe": 1.04,
            "roe_4q": 6.59,
            "gross_profit": 189094,
            "gross_margin": 7.48,
            "gross_margin_4q_avg": 6.58,
            "net_income": 31901,
            "revenue": 2529525,
            "common_shares": 1237426,
            "book_valuer_per_share": 24.96,
            "book_valuer_per_share_4q_avg": 24.5,
            "equity": 3088590,
            "current_ratio": 164.74,
            "debt_ratio": 56.66,
            "inventory_turnover_ratio": 489.89,
            "account_receivable_turnover_ratio": 2.15,
            "reinvestment_rate": -27.66,
            "research_to_sale_ratio": 0.08,
            "price_fair": 9.2,
            "eps_avg_yearly": 3.07,
            "eps_latest_yearly": 1.04,
            "eps_growth_yearly": -1.83
        },
        "20182": {
            "year_quarter": 20182,
            "year": 2018,
            "quarter": 2,
            "eps": 0.11,
            "eps_growth_year": -57.69,
            "eps_4q": 1.46,
            "eps_4q_growth_year": 11.59,
            "roe": 0.46,
            "roe_4q": 5.99,
            "gross_profit": 99690,
            "gross_margin": 4,
            "gross_margin_4q_avg": 6,
            "net_income": 13862,
            "revenue": 2491869,
            "common_shares": 1237426,
            "book_valuer_per_share": 24.11,
            "book_valuer_per_share_4q_avg": 24.56,
            "equity": 2982905,
            "current_ratio": 155.65,
            "debt_ratio": 60.08,
            "inventory_turnover_ratio": 472.48,
            "account_receivable_turnover_ratio": 2.23,
            "reinvestment_rate": -22.68,
            "research_to_sale_ratio": 0.08,
            "price_fair": 8.5,
            "eps_avg_yearly": 2.83,
            "eps_latest_yearly": 0.44,
            "eps_growth_yearly": -14.26
        },
        "20183": {
            "year_quarter": 20183,
            "year": 2018,
            "quarter": 3,
            "eps": 0.1,
            "eps_growth_year": -80.77,
            "eps_4q": 1.04,
            "eps_4q_growth_year": -22.44,
            "roe": 0.41,
            "roe_4q": 4.24,
            "gross_profit": 92707,
            "gross_margin": 3.6,
            "gross_margin_4q_avg": 5,
            "net_income": 12322,
            "revenue": 2575800,
            "common_shares": 1237426,
            "book_valuer_per_share": 23.96,
            "book_valuer_per_share_4q_avg": 24.45,
            "equity": 2964597,
            "current_ratio": 157.26,
            "debt_ratio": 59.23,
            "inventory_turnover_ratio": 464.52,
            "account_receivable_turnover_ratio": 2.11,
            "reinvestment_rate": -28.78,
            "research_to_sale_ratio": 0.14,
            "price_fair": 7.39,
            "eps_avg_yearly": 2.46,
            "eps_latest_yearly": 0.4,
            "eps_growth_yearly": -29.52
        },
        "20184": {
            "year_quarter": 20184,
            "year": 2018,
            "quarter": 4,
            "eps": 0.32,
            "eps_growth_year": -43.8,
            "eps_4q": 0.79,
            "eps_4q_growth_year": -47.61,
            "roe": 1.33,
            "roe_4q": 3.24,
            "gross_profit": 125104,
            "gross_margin": 3.89,
            "gross_margin_4q_avg": 4.74,
            "net_income": 39779,
            "revenue": 3216389,
            "common_shares": 1237426,
            "book_valuer_per_share": 24.23,
            "book_valuer_per_share_4q_avg": 24.32,
            "equity": 2997817,
            "current_ratio": 149.13,
            "debt_ratio": 62.9,
            "inventory_turnover_ratio": 598.04,
            "account_receivable_turnover_ratio": 2.08,
            "reinvestment_rate": -40.86,
            "research_to_sale_ratio": 0.07,
            "price_fair": 69.03,
            "eps_avg_yearly": 2.11,
            "eps_latest_yearly": 1.28,
            "eps_growth_yearly": 22.79
        },
        "20191": {
            "year_quarter": 20191,
            "year": 2019,
            "quarter": 1,
            "eps": 0.16,
            "eps_growth_year": -38.46,
            "eps_4q": 0.7,
            "eps_4q_growth_year": -56.68,
            "roe": 0.67,
            "roe_4q": 2.87,
            "gross_profit": 121328,
            "gross_margin": 4.46,
            "gross_margin_4q_avg": 3.99,
            "net_income": 20380,
            "revenue": 2719188,
            "common_shares": 1237426,
            "book_valuer_per_share": 24.61,
            "book_valuer_per_share_4q_avg": 24.23,
            "equity": 3045734,
            "current_ratio": 174.3,
            "debt_ratio": 54.2,
            "inventory_turnover_ratio": 515.04,
            "account_receivable_turnover_ratio": 1.62,
            "reinvestment_rate": -49.83,
            "research_to_sale_ratio": 0.12,
            "price_fair": 55.99,
            "eps_avg_yearly": 1.88,
            "eps_latest_yearly": 0.64,
            "eps_growth_yearly": 19.86
        },
        "20192": {
            "year_quarter": 20192,
            "year": 2019,
            "quarter": 2,
            "eps": 0.25,
            "eps_growth_year": 127.27,
            "eps_4q": 0.84,
            "eps_4q_growth_year": -42.76,
            "roe": 1.04,
            "roe_4q": 3.45,
            "gross_profit": 132263,
            "gross_margin": 6.18,
            "gross_margin_4q_avg": 4.53,
            "net_income": 31094,
            "revenue": 2138446,
            "common_shares": 1237426,
            "book_valuer_per_share": 23.86,
            "book_valuer_per_share_4q_avg": 24.17,
            "equity": 2952085,
            "current_ratio": 158.67,
            "debt_ratio": 57.95,
            "inventory_turnover_ratio": 363.11,
            "account_receivable_turnover_ratio": 1.42,
            "reinvestment_rate": -28,
            "research_to_sale_ratio": 0.11,
            "price_fair": 59.15,
            "eps_avg_yearly": 1.69,
            "eps_latest_yearly": 1,
            "eps_growth_yearly": 36.01
        },
        "20193": {
            "year_quarter": 20193,
            "year": 2019,
            "quarter": 3,
            "eps": 0.28,
            "eps_growth_year": 180,
            "eps_4q": 1.02,
            "eps_4q_growth_year": -1.92,
            "roe": 1.19,
            "roe_4q": 4.23,
            "gross_profit": 140498,
            "gross_margin": 6.33,
            "gross_margin_4q_avg": 5.22,
            "net_income": 35147,
            "revenue": 2218921,
            "common_shares": 1237426,
            "book_valuer_per_share": 23.88,
            "book_valuer_per_share_4q_avg": 24.15,
            "equity": 2954472,
            "current_ratio": 162.43,
            "debt_ratio": 54.89,
            "inventory_turnover_ratio": 328.03,
            "account_receivable_turnover_ratio": 1.3,
            "reinvestment_rate": -45.33,
            "research_to_sale_ratio": 0.12,
            "price_fair": 52.76,
            "eps_avg_yearly": 1.51,
            "eps_latest_yearly": 1.12,
            "eps_growth_yearly": 38.5
        },
        "20194": {
            "year_quarter": 20194,
            "year": 2019,
            "quarter": 4,
            "eps": 0.33,
            "eps_growth_year": 1.15,
            "eps_4q": 1.03,
            "eps_4q_growth_year": 29.63,
            "roe": 1.36,
            "roe_4q": 4.26,
            "gross_profit": 136883,
            "gross_margin": 6.11,
            "gross_margin_4q_avg": 5.77,
            "net_income": 40237,
            "revenue": 2239355,
            "common_shares": 1237426,
            "book_valuer_per_share": 23.96,
            "book_valuer_per_share_4q_avg": 24.08,
            "equity": 2965179,
            "current_ratio": 169.15,
            "debt_ratio": 51.93,
            "inventory_turnover_ratio": 288.03,
            "account_receivable_turnover_ratio": 1.44,
            "reinvestment_rate": -54.71,
            "research_to_sale_ratio": 0.08,
            "price_fair": 46.64,
            "eps_avg_yearly": 1.33,
            "eps_latest_yearly": 1.32,
            "eps_growth_yearly": 42.47
        },
        "20201": {
            "year_quarter": 20201,
            "year": 2020,
            "quarter": 1,
            "eps": 0.24,
            "eps_growth_year": 50,
            "eps_4q": 1.11,
            "eps_4q_growth_year": 58.43,
            "roe": 1.02,
            "roe_4q": 4.609999999999999,
            "gross_profit": 134019,
            "gross_margin": 6.64,
            "gross_margin_4q_avg": 6.32,
            "net_income": 30314,
            "revenue": 2018180,
            "common_shares": 1237426,
            "book_valuer_per_share": 24.02,
            "book_valuer_per_share_4q_avg": 23.93,
            "equity": 2972142,
            "current_ratio": 173.3,
            "debt_ratio": 50.35,
            "inventory_turnover_ratio": 227.61,
            "account_receivable_turnover_ratio": 1.57,
            "reinvestment_rate": -56.12,
            "research_to_sale_ratio": 0.13,
            "price_fair": 43.66,
            "eps_avg_yearly": 1.25,
            "eps_latest_yearly": 0.96,
            "eps_growth_yearly": 46.58
        },
        "20202": {
            "year_quarter": 20202,
            "year": 2020,
            "quarter": 2,
            "eps": 0.35,
            "eps_growth_year": 40,
            "eps_4q": 1.2,
            "eps_4q_growth_year": 43.67,
            "roe": 1.48,
            "roe_4q": 5.050000000000001,
            "gross_profit": 109434,
            "gross_margin": 5.54,
            "gross_margin_4q_avg": 6.16,
            "net_income": 43106,
            "revenue": 1976055,
            "common_shares": 1237426,
            "book_valuer_per_share": 23.19,
            "book_valuer_per_share_4q_avg": 23.76,
            "equity": 2869242,
            "current_ratio": 177.58,
            "debt_ratio": 48.92,
            "inventory_turnover_ratio": 209.11,
            "account_receivable_turnover_ratio": 1.65,
            "reinvestment_rate": -47.96,
            "research_to_sale_ratio": 0.12,
            "price_fair": 42.09,
            "eps_avg_yearly": 1.2,
            "eps_latest_yearly": 1.4,
            "eps_growth_yearly": 60.19
        },
        "20203": {
            "year_quarter": 20203,
            "year": 2020,
            "quarter": 3,
            "eps": 0.46,
            "eps_growth_year": 64.29,
            "eps_4q": 1.37,
            "eps_4q_growth_year": 34.49,
            "roe": 1.95,
            "roe_4q": 5.81,
            "gross_profit": 117107,
            "gross_margin": 5.21,
            "gross_margin_4q_avg": 5.88,
            "net_income": 56337,
            "revenue": 2246290,
            "common_shares": 1237426,
            "book_valuer_per_share": 23.45,
            "book_valuer_per_share_4q_avg": 23.66,
            "equity": 2901255,
            "current_ratio": 167.97,
            "debt_ratio": 51.69,
            "inventory_turnover_ratio": 233.87,
            "account_receivable_turnover_ratio": 1.87,
            "reinvestment_rate": -51.49,
            "research_to_sale_ratio": 0.13,
            "price_fair": 41.83,
            "eps_avg_yearly": 1.2,
            "eps_latest_yearly": 1.84,
            "eps_growth_yearly": 69.94
        },
        "20204": {
            "year_quarter": 20204,
            "year": 2020,
            "quarter": 4,
            "eps": 0.55,
            "eps_growth_year": 68.2,
            "eps_4q": 1.6,
            "eps_4q_growth_year": 55.63,
            "roe": 2.31,
            "roe_4q": 6.76,
            "gross_profit": 157789,
            "gross_margin": 6.08,
            "gross_margin_4q_avg": 5.87,
            "net_income": 67678,
            "revenue": 2595835,
            "common_shares": 1237426,
            "book_valuer_per_share": 23.92,
            "book_valuer_per_share_4q_avg": 23.65,
            "equity": 2960256,
            "current_ratio": 156.62,
            "debt_ratio": 55.98,
            "inventory_turnover_ratio": 251.7,
            "account_receivable_turnover_ratio": 2.25,
            "reinvestment_rate": -22.36,
            "research_to_sale_ratio": 0.09,
            "price_fair": 43.05,
            "eps_avg_yearly": 1.23,
            "eps_latest_yearly": 2.2,
            "eps_growth_yearly": 78.91
        },
        "20211": {
            "year_quarter": 20211,
            "year": 2021,
            "quarter": 1,
            "eps": 0.72,
            "eps_growth_year": 200,
            "eps_4q": 2.07,
            "eps_4q_growth_year": 86.85,
            "roe": 2.94,
            "roe_4q": 8.68,
            "gross_profit": 173250,
            "gross_margin": 7.97,
            "gross_margin_4q_avg": 6.2,
            "net_income": 88481,
            "revenue": 2173956,
            "common_shares": 1237426,
            "book_valuer_per_share": 24.68,
            "book_valuer_per_share_4q_avg": 23.81,
            "equity": 3054576,
            "current_ratio": 169.87,
            "debt_ratio": 50.69,
            "inventory_turnover_ratio": 184.33,
            "account_receivable_turnover_ratio": 2.47,
            "reinvestment_rate": 3.35,
            "research_to_sale_ratio": 0.16,
            "price_fair": 47.95,
            "eps_avg_yearly": 1.37,
            "eps_latest_yearly": 2.88,
            "eps_growth_yearly": 101.88
        },
        "20212": {
            "year_quarter": 20212,
            "year": 2021,
            "quarter": 2,
            "eps": 0.95,
            "eps_growth_year": 171.43,
            "eps_4q": 2.67,
            "eps_4q_growth_year": 122.21,
            "roe": 3.88,
            "roe_4q": 11.08,
            "gross_profit": 188746,
            "gross_margin": 9.81,
            "gross_margin_4q_avg": 7.27,
            "net_income": 118166,
            "revenue": 1924086,
            "common_shares": 1237426,
            "book_valuer_per_share": 24.57,
            "book_valuer_per_share_4q_avg": 24.16,
            "equity": 3040309,
            "current_ratio": 137.64,
            "debt_ratio": 54.81,
            "inventory_turnover_ratio": 151.53,
            "account_receivable_turnover_ratio": 2.08,
            "reinvestment_rate": 92.63,
            "research_to_sale_ratio": 0.16,
            "price_fair": 53.99,
            "eps_avg_yearly": 1.54,
            "eps_latest_yearly": 3.8,
            "eps_growth_yearly": 94.24
        },
        "20213": {
            "year_quarter": 20213,
            "year": 2021,
            "quarter": 3,
            "eps": 0.8,
            "eps_growth_year": 73.91,
            "eps_4q": 3.02,
            "eps_4q_growth_year": 119.79,
            "roe": 3.21,
            "roe_4q": 12.34,
            "gross_profit": 162791,
            "gross_margin": 8.12,
            "gross_margin_4q_avg": 8,
            "net_income": 99298,
            "revenue": 2005217,
            "common_shares": 1237426,
            "book_valuer_per_share": 25.42,
            "book_valuer_per_share_4q_avg": 24.65,
            "equity": 3145937,
            "current_ratio": 144.45,
            "debt_ratio": 51.9,
            "inventory_turnover_ratio": 159.32,
            "account_receivable_turnover_ratio": 2.16,
            "reinvestment_rate": 94.63,
            "research_to_sale_ratio": 0.22,
            "price_fair": 56.44,
            "eps_avg_yearly": 1.61,
            "eps_latest_yearly": 3.2,
            "eps_growth_yearly": 65.29
        },
        "20214": {
            "year_quarter": 20214,
            "year": 2021,
            "quarter": 4,
            "eps": 0.79,
            "eps_growth_year": 44.71,
            "eps_4q": 3.26,
            "eps_4q_growth_year": 104.56,
            "roe": 3.07,
            "roe_4q": 13.1,
            "gross_profit": 195701,
            "gross_margin": 8.22,
            "gross_margin_4q_avg": 8.53,
            "net_income": 97935,
            "revenue": 2381354,
            "common_shares": 1237426,
            "book_valuer_per_share": 26.1,
            "book_valuer_per_share_4q_avg": 25.19,
            "equity": 3229968,
            "current_ratio": 147.41,
            "debt_ratio": 52.94,
            "inventory_turnover_ratio": 190.42,
            "account_receivable_turnover_ratio": 3.26,
            "reinvestment_rate": 77.95,
            "research_to_sale_ratio": 0.25,
            "price_fair": 58.36,
            "eps_avg_yearly": 1.67,
            "eps_latest_yearly": 3.16,
            "eps_growth_yearly": 62.58
        },
        "20221": {
            "year_quarter": 20221,
            "year": 2022,
            "quarter": 1,
            "eps": 0.87,
            "eps_growth_year": 20.83,
            "eps_4q": 3.42,
            "eps_4q_growth_year": 65.42,
            "roe": 3.24,
            "roe_4q": 13.399999999999999,
            "gross_profit": 210814,
            "gross_margin": 10.07,
            "gross_margin_4q_avg": 9.06,
            "net_income": 107413,
            "revenue": 2093624,
            "common_shares": 1237426,
            "book_valuer_per_share": 27.42,
            "book_valuer_per_share_4q_avg": 25.88,
            "equity": 3393438,
            "current_ratio": 158.75,
            "debt_ratio": 47.45,
            "inventory_turnover_ratio": 163.06,
            "account_receivable_turnover_ratio": 2.69,
            "reinvestment_rate": 93.44,
            "research_to_sale_ratio": 0.19,
            "price_fair": 63.7,
            "eps_avg_yearly": 1.82,
            "eps_latest_yearly": 3.48,
            "eps_growth_yearly": 78.7
        },
        "20222": {
            "year_quarter": 20222,
            "year": 2022,
            "quarter": 2,
            "eps": 1.65,
            "eps_growth_year": 73.68,
            "eps_4q": 4.11,
            "eps_4q_growth_year": 53.98,
            "roe": 6.14,
            "roe_4q": 15.66,
            "gross_profit": 173593,
            "gross_margin": 8.4,
            "gross_margin_4q_avg": 8.7,
            "net_income": 204516,
            "revenue": 2066309,
            "common_shares": 1237426,
            "book_valuer_per_share": 26.37,
            "book_valuer_per_share_4q_avg": 26.33,
            "equity": 3263005,
            "current_ratio": 144.18,
            "debt_ratio": 52.93,
            "inventory_turnover_ratio": 153.37,
            "account_receivable_turnover_ratio": 2.58,
            "reinvestment_rate": 32.68,
            "research_to_sale_ratio": 0.19,
            "price_fair": 77.18,
            "eps_avg_yearly": 2.21,
            "eps_latest_yearly": 6.6,
            "eps_growth_yearly": 115.54
        },
        "20223": {
            "year_quarter": 20223,
            "year": 2022,
            "quarter": 3,
            "eps": 1.04,
            "eps_growth_year": 30,
            "eps_4q": 4.35,
            "eps_4q_growth_year": 44.06,
            "roe": 3.84,
            "roe_4q": 16.29,
            "gross_profit": 192410,
            "gross_margin": 8.73,
            "gross_margin_4q_avg": 8.86,
            "net_income": 128378,
            "revenue": 2204096,
            "common_shares": 1237426,
            "book_valuer_per_share": 27.71,
            "book_valuer_per_share_4q_avg": 26.9,
            "equity": 3429008,
            "current_ratio": 152.18,
            "debt_ratio": 50.6,
            "inventory_turnover_ratio": 108.16,
            "account_receivable_turnover_ratio": 2.41,
            "reinvestment_rate": 31.39,
            "research_to_sale_ratio": 0.16,
            "price_fair": 85.4,
            "eps_avg_yearly": 2.44,
            "eps_latest_yearly": 4.16,
            "eps_growth_yearly": 108.57
        },
        "20224": {
            "year_quarter": 20224,
            "year": 2022,
            "quarter": 4,
            "eps": 0.65,
            "eps_growth_year": -18.1,
            "eps_4q": 4.21,
            "eps_4q_growth_year": 28.88,
            "roe": 2.31,
            "roe_4q": 15.53,
            "gross_profit": 236046,
            "gross_margin": 9.52,
            "gross_margin_4q_avg": 9.18,
            "net_income": 80212,
            "revenue": 2480024,
            "common_shares": 1237426,
            "book_valuer_per_share": 28.37,
            "book_valuer_per_share_4q_avg": 27.47,
            "equity": 3511039,
            "current_ratio": 153.11,
            "debt_ratio": 49.6,
            "inventory_turnover_ratio": 102.74,
            "account_receivable_turnover_ratio": 2.62,
            "reinvestment_rate": 30.81,
            "research_to_sale_ratio": 0.14,
            "price_fair": 88.29,
            "eps_avg_yearly": 2.52,
            "eps_latest_yearly": 2.6,
            "eps_growth_yearly": 44.2
        },
        "20231": {
            "year_quarter": 20231,
            "year": 2023,
            "quarter": 1,
            "eps": 0.93,
            "eps_growth_year": 6.9,
            "eps_4q": 4.27,
            "eps_4q_growth_year": 25,
            "roe": 3.22,
            "roe_4q": 15.510000000000002,
            "gross_profit": 178641,
            "gross_margin": 8.9,
            "gross_margin_4q_avg": 8.89,
            "net_income": 115389,
            "revenue": 2006509,
            "common_shares": 1237426,
            "book_valuer_per_share": 29.55,
            "book_valuer_per_share_4q_avg": 28,
            "equity": 3657131,
            "current_ratio": 157.95,
            "debt_ratio": 46.84,
            "inventory_turnover_ratio": 96.37,
            "account_receivable_turnover_ratio": 2.57,
            "reinvestment_rate": 34.95,
            "research_to_sale_ratio": 0.17,
            "price_fair": 95.03,
            "eps_avg_yearly": 2.72,
            "eps_latest_yearly": 3.72,
            "eps_growth_yearly": 67.47
        },
        "20232": {
            "year_quarter": 20232,
            "year": 2023,
            "quarter": 2,
            "eps": 1.17,
            "eps_growth_year": -29.09,
            "eps_4q": 3.79,
            "eps_4q_growth_year": -7.89,
            "roe": 4.1,
            "roe_4q": 13.47,
            "gross_profit": 246440,
            "gross_margin": 9.9,
            "gross_margin_4q_avg": 9.26,
            "net_income": 145002,
            "revenue": 2490475,
            "common_shares": 1237426,
            "book_valuer_per_share": 27.55,
            "book_valuer_per_share_4q_avg": 28.3,
            "equity": 3408532,
            "current_ratio": 149.26,
            "debt_ratio": 48.28,
            "inventory_turnover_ratio": 129.47,
            "account_receivable_turnover_ratio": 3.66,
            "reinvestment_rate": 31.64,
            "research_to_sale_ratio": 0.14,
            "price_fair": 103.08,
            "eps_avg_yearly": 2.95,
            "eps_latest_yearly": 4.68,
            "eps_growth_yearly": 59.86
        }
    },
    "months": {
        "2001-09": {
            "month": "2001-09",
            "price": "11.51",
            "revenue": 153770
        },
        "2001-10": {
            "month": "2001-10",
            "price": "9.43",
            "revenue": 125769
        },
        "2001-11": {
            "month": "2001-11",
            "price": "9.79",
            "revenue": 106511
        },
        "2001-12": {
            "month": "2001-12",
            "price": "10.33",
            "revenue": 141759
        },
        "2002-01": {
            "month": "2002-01",
            "price": "10.26",
            "revenue": 103457
        },
        "2002-02": {
            "month": "2002-02",
            "price": "10.59",
            "revenue": 86689
        },
        "2002-03": {
            "month": "2002-03",
            "price": "13.77",
            "revenue": 109565
        },
        "2002-04": {
            "month": "2002-04",
            "price": "15.45",
            "revenue": 114935
        },
        "2002-05": {
            "month": "2002-05",
            "price": "13.52",
            "revenue": 144175
        },
        "2002-06": {
            "month": "2002-06",
            "price": "12.55",
            "revenue": 222973
        },
        "2002-07": {
            "month": "2002-07",
            "price": "11.36",
            "revenue": 154429
        },
        "2002-08": {
            "month": "2002-08",
            "price": "10.53",
            "revenue": 152552
        },
        "2002-09": {
            "month": "2002-09",
            "price": "9.78",
            "revenue": 134476
        },
        "2002-10": {
            "month": "2002-10",
            "price": "8.71",
            "revenue": 156155
        },
        "2002-11": {
            "month": "2002-11",
            "price": "9.22",
            "revenue": 140547
        },
        "2002-12": {
            "month": "2002-12",
            "price": "9.05",
            "revenue": 285167
        },
        "2003-01": {
            "month": "2003-01",
            "price": "9.90",
            "revenue": 155780
        },
        "2003-02": {
            "month": "2003-02",
            "price": "9.55",
            "revenue": 172928
        },
        "2003-03": {
            "month": "2003-03",
            "price": "8.91",
            "revenue": 127109
        },
        "2003-04": {
            "month": "2003-04",
            "price": "8.70",
            "revenue": 247652
        },
        "2003-05": {
            "month": "2003-05",
            "price": "8.59",
            "revenue": 204245
        },
        "2003-06": {
            "month": "2003-06",
            "price": "8.90",
            "revenue": 180190
        },
        "2003-07": {
            "month": "2003-07",
            "price": "8.69",
            "revenue": 163669
        },
        "2003-08": {
            "month": "2003-08",
            "price": "8.80",
            "revenue": 204554
        },
        "2003-09": {
            "month": "2003-09",
            "price": "8.53",
            "revenue": 178326
        },
        "2003-10": {
            "month": "2003-10",
            "price": "8.71",
            "revenue": 173240
        },
        "2003-11": {
            "month": "2003-11",
            "price": "8.84",
            "revenue": 181091
        },
        "2003-12": {
            "month": "2003-12",
            "price": "9.23",
            "revenue": 123728
        },
        "2004-01": {
            "month": "2004-01",
            "price": "9.49",
            "revenue": 108968
        },
        "2004-02": {
            "month": "2004-02",
            "price": "10.44",
            "revenue": 133894
        },
        "2004-03": {
            "month": "2004-03",
            "price": "10.03",
            "revenue": 115107
        },
        "2004-04": {
            "month": "2004-04",
            "price": "9.79",
            "revenue": 92908
        },
        "2004-05": {
            "month": "2004-05",
            "price": "9.11",
            "revenue": 120178
        },
        "2004-06": {
            "month": "2004-06",
            "price": "9.05",
            "revenue": 108719
        },
        "2004-07": {
            "month": "2004-07",
            "price": "9.10",
            "revenue": 107588
        },
        "2004-08": {
            "month": "2004-08",
            "price": "9.00",
            "revenue": 88180
        },
        "2004-09": {
            "month": "2004-09",
            "price": "9.38",
            "revenue": 171409
        },
        "2004-10": {
            "month": "2004-10",
            "price": "9.19",
            "revenue": 199575
        },
        "2004-11": {
            "month": "2004-11",
            "price": "8.94",
            "revenue": 129910
        },
        "2004-12": {
            "month": "2004-12",
            "price": "8.92",
            "revenue": 239491
        },
        "2005-01": {
            "month": "2005-01",
            "price": "9.11",
            "revenue": 91476
        },
        "2005-02": {
            "month": "2005-02",
            "price": "9.55",
            "revenue": 123645
        },
        "2005-03": {
            "month": "2005-03",
            "price": "9.66",
            "revenue": 133066
        },
        "2005-04": {
            "month": "2005-04",
            "price": "9.50",
            "revenue": 138637
        },
        "2005-05": {
            "month": "2005-05",
            "price": "9.86",
            "revenue": 168409
        },
        "2005-06": {
            "month": "2005-06",
            "price": "10.69",
            "revenue": 283010
        },
        "2005-07": {
            "month": "2005-07",
            "price": "11.77",
            "revenue": 186554
        },
        "2005-08": {
            "month": "2005-08",
            "price": "12.22",
            "revenue": 185909
        },
        "2005-09": {
            "month": "2005-09",
            "price": "12.57",
            "revenue": 141508
        },
        "2005-10": {
            "month": "2005-10",
            "price": "11.36",
            "revenue": 106393
        },
        "2005-11": {
            "month": "2005-11",
            "price": "10.36",
            "revenue": 201673
        },
        "2005-12": {
            "month": "2005-12",
            "price": "10.84",
            "revenue": 276991
        },
        "2006-01": {
            "month": "2006-01",
            "price": "11.37",
            "revenue": 176734
        },
        "2006-02": {
            "month": "2006-02",
            "price": "11.42",
            "revenue": 165525
        },
        "2006-03": {
            "month": "2006-03",
            "price": "11.47",
            "revenue": 243052
        },
        "2006-04": {
            "month": "2006-04",
            "price": "12.65",
            "revenue": 185182
        },
        "2006-05": {
            "month": "2006-05",
            "price": "16.70",
            "revenue": 194873
        },
        "2006-06": {
            "month": "2006-06",
            "price": "15.32",
            "revenue": 323899
        },
        "2006-07": {
            "month": "2006-07",
            "price": "17.14",
            "revenue": 185199
        },
        "2006-08": {
            "month": "2006-08",
            "price": "17.21",
            "revenue": 270452
        },
        "2006-09": {
            "month": "2006-09",
            "price": "17.15",
            "revenue": 273497
        },
        "2006-10": {
            "month": "2006-10",
            "price": "20.18",
            "revenue": 208088
        },
        "2006-11": {
            "month": "2006-11",
            "price": "23.01",
            "revenue": 282748
        },
        "2006-12": {
            "month": "2006-12",
            "price": "22.48",
            "revenue": 628218
        },
        "2007-01": {
            "month": "2007-01",
            "price": "24.19",
            "revenue": 165217
        },
        "2007-02": {
            "month": "2007-02",
            "price": "23.34",
            "revenue": 184208
        },
        "2007-03": {
            "month": "2007-03",
            "price": "24.60",
            "revenue": 488771
        },
        "2007-04": {
            "month": "2007-04",
            "price": "36.38",
            "revenue": 179210
        },
        "2007-05": {
            "month": "2007-05",
            "price": "38.24",
            "revenue": 186366
        },
        "2007-06": {
            "month": "2007-06",
            "price": "40.44",
            "revenue": 462857
        },
        "2007-07": {
            "month": "2007-07",
            "price": "45.26",
            "revenue": 199421
        },
        "2007-08": {
            "month": "2007-08",
            "price": "41.64",
            "revenue": 284712
        },
        "2007-09": {
            "month": "2007-09",
            "price": "43.35",
            "revenue": 374279
        },
        "2007-10": {
            "month": "2007-10",
            "price": "41.69",
            "revenue": 523454
        },
        "2007-11": {
            "month": "2007-11",
            "price": "37.25",
            "revenue": 354737
        },
        "2007-12": {
            "month": "2007-12",
            "price": "33.38",
            "revenue": 832541
        },
        "2008-01": {
            "month": "2008-01",
            "price": "33.86",
            "revenue": 458576
        },
        "2008-02": {
            "month": "2008-02",
            "price": "34.10",
            "revenue": 323113
        },
        "2008-03": {
            "month": "2008-03",
            "price": "39.16",
            "revenue": 635676
        },
        "2008-04": {
            "month": "2008-04",
            "price": "42.26",
            "revenue": 636381
        },
        "2008-05": {
            "month": "2008-05",
            "price": "46.49",
            "revenue": 673126
        },
        "2008-06": {
            "month": "2008-06",
            "price": "48.21",
            "revenue": 722361
        },
        "2008-07": {
            "month": "2008-07",
            "price": "44.67",
            "revenue": 692267
        },
        "2008-08": {
            "month": "2008-08",
            "price": "46.08",
            "revenue": 566583
        },
        "2008-09": {
            "month": "2008-09",
            "price": "41.85",
            "revenue": 678609
        },
        "2008-10": {
            "month": "2008-10",
            "price": "36.46",
            "revenue": 473518
        },
        "2008-11": {
            "month": "2008-11",
            "price": "34.58",
            "revenue": 568987
        },
        "2008-12": {
            "month": "2008-12",
            "price": "30.88",
            "revenue": 856437
        },
        "2009-01": {
            "month": "2009-01",
            "price": "30.71",
            "revenue": 490314
        },
        "2009-02": {
            "month": "2009-02",
            "price": "32.86",
            "revenue": 588031
        },
        "2009-03": {
            "month": "2009-03",
            "price": "33.21",
            "revenue": 547183
        },
        "2009-04": {
            "month": "2009-04",
            "price": "36.10",
            "revenue": 477193
        },
        "2009-05": {
            "month": "2009-05",
            "price": "37.25",
            "revenue": 444577
        },
        "2009-06": {
            "month": "2009-06",
            "price": "42.67",
            "revenue": 622549
        },
        "2009-07": {
            "month": "2009-07",
            "price": "41.55",
            "revenue": 403114
        },
        "2009-08": {
            "month": "2009-08",
            "price": "42.96",
            "revenue": 389922
        },
        "2009-09": {
            "month": "2009-09",
            "price": "44.23",
            "revenue": 491956
        },
        "2009-10": {
            "month": "2009-10",
            "price": "42.78",
            "revenue": 349928
        },
        "2009-11": {
            "month": "2009-11",
            "price": "41.89",
            "revenue": 509157
        },
        "2009-12": {
            "month": "2009-12",
            "price": "45.33",
            "revenue": 551646
        },
        "2010-01": {
            "month": "2010-01",
            "price": "46.49",
            "revenue": 629598
        },
        "2010-02": {
            "month": "2010-02",
            "price": "43.02",
            "revenue": 652488
        },
        "2010-03": {
            "month": "2010-03",
            "price": "45.62",
            "revenue": 934124
        },
        "2010-04": {
            "month": "2010-04",
            "price": "49.49",
            "revenue": 591428
        },
        "2010-05": {
            "month": "2010-05",
            "price": "48.14",
            "revenue": 556155
        },
        "2010-06": {
            "month": "2010-06",
            "price": "46.86",
            "revenue": 655887
        },
        "2010-07": {
            "month": "2010-07",
            "price": "47.72",
            "revenue": 448033
        },
        "2010-08": {
            "month": "2010-08",
            "price": "48.42",
            "revenue": 459912
        },
        "2010-09": {
            "month": "2010-09",
            "price": "49.68",
            "revenue": 596464
        },
        "2010-10": {
            "month": "2010-10",
            "price": "50.34",
            "revenue": 514393
        },
        "2010-11": {
            "month": "2010-11",
            "price": "49.32",
            "revenue": 546931
        },
        "2010-12": {
            "month": "2010-12",
            "price": "49.73",
            "revenue": 904758
        },
        "2011-01": {
            "month": "2011-01",
            "price": "50.04",
            "revenue": 606197
        },
        "2011-02": {
            "month": "2011-02",
            "price": "52.39",
            "revenue": 608888
        },
        "2011-03": {
            "month": "2011-03",
            "price": "51.11",
            "revenue": 722643
        },
        "2011-04": {
            "month": "2011-04",
            "price": "59.96",
            "revenue": 599472
        },
        "2011-05": {
            "month": "2011-05",
            "price": "64.90",
            "revenue": 618116
        },
        "2011-06": {
            "month": "2011-06",
            "price": "60.71",
            "revenue": 792542
        },
        "2011-07": {
            "month": "2011-07",
            "price": "63.11",
            "revenue": 660715
        },
        "2011-08": {
            "month": "2011-08",
            "price": "59.36",
            "revenue": 502807
        },
        "2011-09": {
            "month": "2011-09",
            "price": "57.00",
            "revenue": 871106
        },
        "2011-10": {
            "month": "2011-10",
            "price": "55.72",
            "revenue": 757944
        },
        "2011-11": {
            "month": "2011-11",
            "price": "56.68",
            "revenue": 746557
        },
        "2011-12": {
            "month": "2011-12",
            "price": "53.72",
            "revenue": 945644
        },
        "2012-01": {
            "month": "2012-01",
            "price": "54.61",
            "revenue": 585377
        },
        "2012-02": {
            "month": "2012-02",
            "price": "59.98",
            "revenue": 799306
        },
        "2012-03": {
            "month": "2012-03",
            "price": "62.84",
            "revenue": 862817
        },
        "2012-04": {
            "month": "2012-04",
            "price": "62.13",
            "revenue": 615869
        },
        "2012-05": {
            "month": "2012-05",
            "price": "63.97",
            "revenue": 790041
        },
        "2012-06": {
            "month": "2012-06",
            "price": "63.41",
            "revenue": 840878
        },
        "2012-07": {
            "month": "2012-07",
            "price": "65.90",
            "revenue": 715915
        },
        "2012-08": {
            "month": "2012-08",
            "price": "63.53",
            "revenue": 701708
        },
        "2012-09": {
            "month": "2012-09",
            "price": "65.42",
            "revenue": 869911
        },
        "2012-10": {
            "month": "2012-10",
            "price": "64.55",
            "revenue": 594605
        },
        "2012-11": {
            "month": "2012-11",
            "price": "63.65",
            "revenue": 966962
        },
        "2012-12": {
            "month": "2012-12",
            "price": "65.31",
            "revenue": 1093488
        },
        "2013-01": {
            "month": "2013-01",
            "price": "69.05",
            "revenue": 1006329
        },
        "2013-02": {
            "month": "2013-02",
            "price": "77.19",
            "revenue": 897048
        },
        "2013-03": {
            "month": "2013-03",
            "price": "86.59",
            "revenue": 822560
        },
        "2013-04": {
            "month": "2013-04",
            "price": "81.86",
            "revenue": 715867
        },
        "2013-05": {
            "month": "2013-05",
            "price": "81.80",
            "revenue": 902542
        },
        "2013-06": {
            "month": "2013-06",
            "price": "79.26",
            "revenue": 790538
        },
        "2013-07": {
            "month": "2013-07",
            "price": "81.27",
            "revenue": 776698
        },
        "2013-08": {
            "month": "2013-08",
            "price": "78.45",
            "revenue": 897006
        },
        "2013-09": {
            "month": "2013-09",
            "price": "76.70",
            "revenue": 937080
        },
        "2013-10": {
            "month": "2013-10",
            "price": "76.83",
            "revenue": 669188
        },
        "2013-11": {
            "month": "2013-11",
            "price": "74.30",
            "revenue": 953615
        },
        "2013-12": {
            "month": "2013-12",
            "price": "76.85",
            "revenue": 892238
        },
        "2014-01": {
            "month": "2014-01",
            "price": "76.64",
            "revenue": 890959
        },
        "2014-02": {
            "month": "2014-02",
            "price": "74.98",
            "revenue": 845461
        },
        "2014-03": {
            "month": "2014-03",
            "price": "76.21",
            "revenue": 743956
        },
        "2014-04": {
            "month": "2014-04",
            "price": "77.00",
            "revenue": 827439
        },
        "2014-05": {
            "month": "2014-05",
            "price": "76.33",
            "revenue": 790272
        },
        "2014-06": {
            "month": "2014-06",
            "price": "76.12",
            "revenue": 1003483
        },
        "2014-07": {
            "month": "2014-07",
            "price": "74.93",
            "revenue": 661770
        },
        "2014-08": {
            "month": "2014-08",
            "price": "69.56",
            "revenue": 792429
        },
        "2014-09": {
            "month": "2014-09",
            "price": "68.46",
            "revenue": 745199
        },
        "2014-10": {
            "month": "2014-10",
            "price": "62.50",
            "revenue": 750240
        },
        "2014-11": {
            "month": "2014-11",
            "price": "63.58",
            "revenue": 1062238
        },
        "2014-12": {
            "month": "2014-12",
            "price": "67.72",
            "revenue": 1238071
        },
        "2015-01": {
            "month": "2015-01",
            "price": "68.16",
            "revenue": 699559
        },
        "2015-02": {
            "month": "2015-02",
            "price": "66.81",
            "revenue": 1088955
        },
        "2015-03": {
            "month": "2015-03",
            "price": "71.44",
            "revenue": 774290
        },
        "2015-04": {
            "month": "2015-04",
            "price": "76.46",
            "revenue": 670282
        },
        "2015-05": {
            "month": "2015-05",
            "price": "73.52",
            "revenue": 988932
        },
        "2015-06": {
            "month": "2015-06",
            "price": "72.06",
            "revenue": 810748
        },
        "2015-07": {
            "month": "2015-07",
            "price": "68.95",
            "revenue": 614190
        },
        "2015-08": {
            "month": "2015-08",
            "price": "59.67",
            "revenue": 744869
        },
        "2015-09": {
            "month": "2015-09",
            "price": "58.75",
            "revenue": 729302
        },
        "2015-10": {
            "month": "2015-10",
            "price": "60.57",
            "revenue": 806757
        },
        "2015-11": {
            "month": "2015-11",
            "price": "60.26",
            "revenue": 898773
        },
        "2015-12": {
            "month": "2015-12",
            "price": "58.26",
            "revenue": 744559
        },
        "2016-01": {
            "month": "2016-01",
            "price": "55.40",
            "revenue": 1058395
        },
        "2016-02": {
            "month": "2016-02",
            "price": "57.42",
            "revenue": 705462
        },
        "2016-03": {
            "month": "2016-03",
            "price": "59.43",
            "revenue": 645773
        },
        "2016-04": {
            "month": "2016-04",
            "price": "55.22",
            "revenue": 733049
        },
        "2016-05": {
            "month": "2016-05",
            "price": "52.43",
            "revenue": 562934
        },
        "2016-06": {
            "month": "2016-06",
            "price": "51.90",
            "revenue": 645131
        },
        "2016-07": {
            "month": "2016-07",
            "price": "50.46",
            "revenue": 581069
        },
        "2016-08": {
            "month": "2016-08",
            "price": "45.98",
            "revenue": 672668
        },
        "2016-09": {
            "month": "2016-09",
            "price": "45.62",
            "revenue": 680967
        },
        "2016-10": {
            "month": "2016-10",
            "price": "45.04",
            "revenue": 493316
        },
        "2016-11": {
            "month": "2016-11",
            "price": "43.05",
            "revenue": 910108
        },
        "2016-12": {
            "month": "2016-12",
            "price": "44.90",
            "revenue": 786110
        },
        "2017-01": {
            "month": "2017-01",
            "price": "48.36",
            "revenue": 706629
        },
        "2017-02": {
            "month": "2017-02",
            "price": "48.40",
            "revenue": 447448
        },
        "2017-03": {
            "month": "2017-03",
            "price": "47.28",
            "revenue": 616990
        },
        "2017-04": {
            "month": "2017-04",
            "price": "44.18",
            "revenue": 876627
        },
        "2017-05": {
            "month": "2017-05",
            "price": "43.85",
            "revenue": 715172
        },
        "2017-06": {
            "month": "2017-06",
            "price": "43.85",
            "revenue": 577120
        },
        "2017-07": {
            "month": "2017-07",
            "price": "42.57",
            "revenue": 694602
        },
        "2017-08": {
            "month": "2017-08",
            "price": "40.36",
            "revenue": 744105
        },
        "2017-09": {
            "month": "2017-09",
            "price": "39.81",
            "revenue": 951803
        },
        "2017-10": {
            "month": "2017-10",
            "price": "40.23",
            "revenue": 939683
        },
        "2017-11": {
            "month": "2017-11",
            "price": "41.88",
            "revenue": 1160989
        },
        "2017-12": {
            "month": "2017-12",
            "price": "41.67",
            "revenue": 1540225
        },
        "2018-01": {
            "month": "2018-01",
            "price": "46.64",
            "revenue": 1016759
        },
        "2018-02": {
            "month": "2018-02",
            "price": "44.72",
            "revenue": 746087
        },
        "2018-03": {
            "month": "2018-03",
            "price": "45.63",
            "revenue": 766679
        },
        "2018-04": {
            "month": "2018-04",
            "price": "45.04",
            "revenue": 828833
        },
        "2018-05": {
            "month": "2018-05",
            "price": "42.90",
            "revenue": 850054
        },
        "2018-06": {
            "month": "2018-06",
            "price": "41.58",
            "revenue": 812982
        },
        "2018-07": {
            "month": "2018-07",
            "price": "38.21",
            "revenue": 966639
        },
        "2018-08": {
            "month": "2018-08",
            "price": "36.94",
            "revenue": 745792
        },
        "2018-09": {
            "month": "2018-09",
            "price": "36.24",
            "revenue": 863369
        },
        "2018-10": {
            "month": "2018-10",
            "price": "32.78",
            "revenue": 836848
        },
        "2018-11": {
            "month": "2018-11",
            "price": "30.14",
            "revenue": 1070173
        },
        "2018-12": {
            "month": "2018-12",
            "price": "30.15",
            "revenue": 1309368
        },
        "2019-01": {
            "month": "2019-01",
            "price": "30.74",
            "revenue": 1005894
        },
        "2019-02": {
            "month": "2019-02",
            "price": "32.24",
            "revenue": 856147
        },
        "2019-03": {
            "month": "2019-03",
            "price": "33.51",
            "revenue": 857147
        },
        "2019-04": {
            "month": "2019-04",
            "price": "32.37",
            "revenue": 682762
        },
        "2019-05": {
            "month": "2019-05",
            "price": "32.71",
            "revenue": 804008
        },
        "2019-06": {
            "month": "2019-06",
            "price": "32.44",
            "revenue": 651676
        },
        "2019-07": {
            "month": "2019-07",
            "price": "33.05",
            "revenue": 664797
        },
        "2019-08": {
            "month": "2019-08",
            "price": "32.30",
            "revenue": 822978
        },
        "2019-09": {
            "month": "2019-09",
            "price": "32.99",
            "revenue": 731146
        },
        "2019-10": {
            "month": "2019-10",
            "price": "35.84",
            "revenue": 576022
        },
        "2019-11": {
            "month": "2019-11",
            "price": "34.42",
            "revenue": 738463
        },
        "2019-12": {
            "month": "2019-12",
            "price": "34.80",
            "revenue": 924870
        },
        "2020-01": {
            "month": "2020-01",
            "price": "34.99",
            "revenue": 566085
        },
        "2020-02": {
            "month": "2020-02",
            "price": "34.16",
            "revenue": 636646
        },
        "2020-03": {
            "month": "2020-03",
            "price": "29.60",
            "revenue": 815449
        },
        "2020-04": {
            "month": "2020-04",
            "price": "30.40",
            "revenue": 620260
        },
        "2020-05": {
            "month": "2020-05",
            "price": "32.93",
            "revenue": 650920
        },
        "2020-06": {
            "month": "2020-06",
            "price": "32.52",
            "revenue": 704875
        },
        "2020-07": {
            "month": "2020-07",
            "price": "32.45",
            "revenue": 705915
        },
        "2020-08": {
            "month": "2020-08",
            "price": "31.65",
            "revenue": 746497
        },
        "2020-09": {
            "month": "2020-09",
            "price": "32.08",
            "revenue": 793878
        },
        "2020-10": {
            "month": "2020-10",
            "price": "33.43",
            "revenue": 902626
        },
        "2020-11": {
            "month": "2020-11",
            "price": "33.86",
            "revenue": 846632
        },
        "2020-12": {
            "month": "2020-12",
            "price": "33.87",
            "revenue": 846577
        },
        "2021-01": {
            "month": "2021-01",
            "price": "33.76",
            "revenue": 653089
        },
        "2021-02": {
            "month": "2021-02",
            "price": "34.17",
            "revenue": 798706
        },
        "2021-03": {
            "month": "2021-03",
            "price": "38.18",
            "revenue": 722161
        },
        "2021-04": {
            "month": "2021-04",
            "price": "39.47",
            "revenue": 640253
        },
        "2021-05": {
            "month": "2021-05",
            "price": "38.97",
            "revenue": 660989
        },
        "2021-06": {
            "month": "2021-06",
            "price": "37.62",
            "revenue": 622844
        },
        "2021-07": {
            "month": "2021-07",
            "price": "37.56",
            "revenue": 635419
        },
        "2021-08": {
            "month": "2021-08",
            "price": "39.05",
            "revenue": 690125
        },
        "2021-09": {
            "month": "2021-09",
            "price": "39.35",
            "revenue": 679673
        },
        "2021-10": {
            "month": "2021-10",
            "price": "39.30",
            "revenue": 683276
        },
        "2021-11": {
            "month": "2021-11",
            "price": "39.54",
            "revenue": 714862
        },
        "2021-12": {
            "month": "2021-12",
            "price": "39.45",
            "revenue": 983216
        },
        "2022-01": {
            "month": "2022-01",
            "price": "40.06",
            "revenue": 780623
        },
        "2022-02": {
            "month": "2022-02",
            "price": "40.51",
            "revenue": 608349
        },
        "2022-03": {
            "month": "2022-03",
            "price": "42.83",
            "revenue": 704652
        },
        "2022-04": {
            "month": "2022-04",
            "price": "42.14",
            "revenue": 606248
        },
        "2022-05": {
            "month": "2022-05",
            "price": "41.98",
            "revenue": 605090
        },
        "2022-06": {
            "month": "2022-06",
            "price": "41.84",
            "revenue": 854971
        },
        "2022-07": {
            "month": "2022-07",
            "price": "41.04",
            "revenue": 720211
        },
        "2022-08": {
            "month": "2022-08",
            "price": "43.93",
            "revenue": 685491
        },
        "2022-09": {
            "month": "2022-09",
            "price": "43.80",
            "revenue": 798394
        },
        "2022-10": {
            "month": "2022-10",
            "price": "41.04",
            "revenue": 726818
        },
        "2022-11": {
            "month": "2022-11",
            "price": "41.79",
            "revenue": 754502
        },
        "2022-12": {
            "month": "2022-12",
            "price": "42.87",
            "revenue": 998704
        },
        "2023-01": {
            "month": "2023-01",
            "price": "43.34",
            "revenue": 634031
        },
        "2023-02": {
            "month": "2023-02",
            "price": "44.59",
            "revenue": 627487
        },
        "2023-03": {
            "month": "2023-03",
            "price": "48.83",
            "revenue": 744991
        },
        "2023-04": {
            "month": "2023-04",
            "price": "52.89",
            "revenue": 724621
        },
        "2023-05": {
            "month": "2023-05",
            "price": "53.30",
            "revenue": 793274
        },
        "2023-06": {
            "month": "2023-06",
            "price": "54.54",
            "revenue": 972580
        },
        "2023-07": {
            "month": "2023-07",
            "price": "59.12",
            "revenue": 707519
        },
        "2023-08": {
            "month": "2023-08",
            "price": "54.89",
            "revenue": 746573
        }
    }
}
