{
    "summary": {
        "stock_name": "和大",
        "stock_id": "1536",
        "category": "汽車",
        "main_business": "汽、機車、農業機械等之齒輪、軸類製造及買賣。<br>各種機械及零件之製造加工與代理經銷買賣業務。<br>各種汽機車零件製造及代理經銷買賣。",
        "website_url": "http://www.hota.com.tw",
        "ceo": "陳俊智",
        "pe_ratio": 30,
        "report_year_from": 2001,
        "report_year_to": 2023,
        "age": 22,
        "eps_negative_percentage": 9,
        "eps_growth_avg": {
            "last_all": 16.87,
            "last_2y": 11.95,
            "last_4y": -2.08,
            "last_8y": 7.98,
            "last_12y": 18.53,
            "last_16y": 4.96,
            "last_20y": 16.87,
            "at_2006_last_3y": 30.75,
            "at_2007_last_3y": 17.95,
            "at_2008_last_3y": -13.02,
            "at_2009_last_3y": -49.29,
            "at_2010_last_3y": -62.4,
            "at_2011_last_3y": -9.59,
            "at_2012_last_3y": 57.08,
            "at_2013_last_3y": 50.17,
            "at_2014_last_3y": 44.82,
            "at_2015_last_3y": 37.07,
            "at_2016_last_3y": 29.55,
            "at_2017_last_3y": 20.56,
            "at_2018_last_3y": 13.69,
            "at_2019_last_3y": -10.66,
            "at_2020_last_3y": -25.49,
            "at_2021_last_3y": -23.13,
            "at_2022_last_3y": -2.92,
            "at_2023_last_3y": -2.92,
            "at_2006_last_all": 44.6,
            "at_2007_last_all": 33.03,
            "at_2008_last_all": 14.03,
            "at_2009_last_all": 14.03,
            "at_2010_last_all": 14.03,
            "at_2011_last_all": 22.38,
            "at_2012_last_all": 23.6,
            "at_2013_last_all": 24.87,
            "at_2014_last_all": 25.22,
            "at_2015_last_all": 27.28,
            "at_2016_last_all": 25.43,
            "at_2017_last_all": 23.64,
            "at_2018_last_all": 22.15,
            "at_2019_last_all": 17.79,
            "at_2020_last_all": 13.45,
            "at_2021_last_all": 13.25,
            "at_2022_last_all": 16.87,
            "at_2023_last_all": 16.87
        },
        "latest_eps": 2.43,
        "latest_price": 72,
        "latest_roe": 7.66,
        "latest_gross_margin": 19.34,
        "latest_equity": 9058623,
        "latest_revenue": 1713514,
        "latest_gross_profit": 331308,
        "latest_net_income": 83142,
        "latest_debt_ratio": 60.1,
        "latest_current_ratio": 120.67,
        "latest_account_receivable_turnover_ratio": 0.59,
        "latest_inventory_turnover_ratio": 0.39,
        "latest_reinvestment_rate": 259.14,
        "latest_research_to_sale_ratio": 1.42
    },
    "eps_dividends": {
        "1999": {
            "cash": 1.5,
            "stock": 1.5,
            "eps": 0
        },
        "2000": {
            "cash": 1,
            "stock": 1,
            "eps": 0
        },
        "2001": {
            "cash": 0,
            "stock": 1,
            "eps": 0.51
        },
        "2002": {
            "cash": 0,
            "stock": 0.5,
            "eps": 1.06
        },
        "2003": {
            "cash": 0,
            "stock": 0.8,
            "eps": 1.34
        },
        "2004": {
            "cash": 0.4,
            "stock": 0.8,
            "eps": 1.66
        },
        "2005": {
            "cash": 0,
            "stock": 1.01,
            "eps": 3.25
        },
        "2006": {
            "cash": 1,
            "stock": 1.35,
            "eps": 2.5
        },
        "2007": {
            "cash": 1,
            "stock": 1.5,
            "eps": 1.88
        },
        "2008": {
            "cash": 1.34,
            "stock": 0.85,
            "eps": -1.37
        },
        "2009": {
            "cash": 0,
            "stock": 0,
            "eps": -7.77
        },
        "2010": {
            "cash": 0,
            "stock": 0,
            "eps": 0.73
        },
        "2011": {
            "cash": 0,
            "stock": 0,
            "eps": 1.32
        },
        "2012": {
            "cash": 0,
            "stock": 0,
            "eps": 1.76
        },
        "2013": {
            "cash": 0.3,
            "stock": 0.7,
            "eps": 2.4
        },
        "2014": {
            "cash": 1.3,
            "stock": 0.3,
            "eps": 3.09
        },
        "2015": {
            "cash": 2.1,
            "stock": 0,
            "eps": 4.63
        },
        "2016": {
            "cash": 3.2,
            "stock": 0,
            "eps": 4.78
        },
        "2017": {
            "cash": 3.5,
            "stock": 0,
            "eps": 4.8
        },
        "2018": {
            "cash": 3.75,
            "stock": 0,
            "eps": 4.86
        },
        "2019": {
            "cash": 3.5,
            "stock": 0,
            "eps": 2.55
        },
        "2020": {
            "cash": 2,
            "stock": 0,
            "eps": 1.12
        },
        "2021": {
            "cash": 1.1,
            "stock": 0,
            "eps": 1.23
        },
        "2022": {
            "cash": 1.37,
            "stock": 0,
            "eps": 2.24
        },
        "2023": {
            "cash": 1.6,
            "stock": 0,
            "eps": 0.3
        }
    },
    "dividends": {
        "1999-06-16": {
            "cash": 1.5,
            "stock": 1.5
        },
        "2000-05-18": {
            "cash": 1,
            "stock": 1
        },
        "2001-05-11": {
            "cash": 0,
            "stock": 1
        },
        "2002-06-28": {
            "cash": 0,
            "stock": 0.5
        },
        "2003-04-24": {
            "cash": 0,
            "stock": 0.8
        },
        "2004-03-16": {
            "cash": 0.4,
            "stock": 0.8
        },
        "2005-04-27": {
            "cash": 0,
            "stock": 1.01
        },
        "2006-03-23": {
            "cash": 1,
            "stock": 1.35
        },
        "2007-04-12": {
            "cash": 1,
            "stock": 1.5
        },
        "2008-04-28": {
            "cash": 1.34,
            "stock": 0.85
        },
        "2013-07-31": {
            "cash": 0.3,
            "stock": 0.7
        },
        "2014-10-09": {
            "cash": 1.3,
            "stock": 0.3
        },
        "2015-07-31": {
            "cash": 2.1,
            "stock": 0
        },
        "2016-08-03": {
            "cash": 3.2,
            "stock": 0
        },
        "2017-07-25": {
            "cash": 3.5,
            "stock": 0
        },
        "2018-07-27": {
            "cash": 3.75,
            "stock": 0
        },
        "2019-07-30": {
            "cash": 3.5,
            "stock": 0
        },
        "2020-07-31": {
            "cash": 2,
            "stock": 0
        },
        "2021-08-30": {
            "cash": 1.1,
            "stock": 0
        },
        "2022-07-28": {
            "cash": 1.37,
            "stock": 0
        },
        "2023-03-16": {
            "cash": 1.6,
            "stock": 0
        }
    },
    "prices": {
        "200101": "無",
        "200102": "無",
        "200103": "無",
        "200104": "無",
        "200105": "無",
        "200106": "無",
        "200107": "無",
        "200108": "無",
        "200109": "8.15",
        "200110": "7.73",
        "200111": "6.78",
        "200112": "8.44",
        "200201": "9.57",
        "200202": "9.86",
        "200203": "12.09",
        "200204": "20.33",
        "200205": "21.45",
        "200206": "21.13",
        "200207": "20.20",
        "200208": "13.33",
        "200209": "13.96",
        "200210": "15.18",
        "200211": "17.33",
        "200212": "20.52",
        "200301": "23.43",
        "200302": "22.36",
        "200303": "22.87",
        "200304": "22.08",
        "200305": "21.76",
        "200306": "22.94",
        "200307": "21.60",
        "200308": "21.50",
        "200309": "19.72",
        "200310": "19.48",
        "200311": "20.41",
        "200312": "20.63",
        "200401": "21.61",
        "200402": "23.54",
        "200403": "23.99",
        "200404": "23.64",
        "200405": "23.04",
        "200406": "21.32",
        "200407": "19.15",
        "200408": "17.50",
        "200409": "21.02",
        "200410": "21.60",
        "200411": "21.15",
        "200412": "21.80",
        "200501": "22.33",
        "200502": "26.36",
        "200503": "30.63",
        "200504": "34.04",
        "200505": "32.70",
        "200506": "31.15",
        "200507": "30.85",
        "200508": "32.98",
        "200509": "35.87",
        "200510": "35.34",
        "200511": "34.59",
        "200512": "35.81",
        "200601": "40.34",
        "200602": "40.37",
        "200603": "40.27",
        "200604": "44.17",
        "200605": "45.36",
        "200606": "45.26",
        "200607": "46.04",
        "200608": "45.67",
        "200609": "45.00",
        "200610": "46.37",
        "200611": "50.02",
        "200612": "49.61",
        "200701": "48.78",
        "200702": "49.71",
        "200703": "46.90",
        "200704": "48.02",
        "200705": "47.28",
        "200706": "47.00",
        "200707": "47.73",
        "200708": "46.01",
        "200709": "44.14",
        "200710": "42.44",
        "200711": "38.61",
        "200712": "37.50",
        "200801": "37.83",
        "200802": "37.06",
        "200803": "38.15",
        "200804": "37.30",
        "200805": "37.76",
        "200806": "36.15",
        "200807": "32.28",
        "200808": "29.86",
        "200809": "24.57",
        "200810": "18.84",
        "200811": "14.05",
        "200812": "11.52",
        "200901": "9.10",
        "200902": "8.74",
        "200903": "10.06",
        "200904": "12.30",
        "200905": "10.72",
        "200906": "9.84",
        "200907": "9.36",
        "200908": "10.47",
        "200909": "9.28",
        "200910": "9.58",
        "200911": "11.87",
        "200912": "12.95",
        "201001": "14.74",
        "201002": "13.98",
        "201003": "14.82",
        "201004": "16.09",
        "201005": "14.56",
        "201006": "13.82",
        "201007": "14.15",
        "201008": "15.58",
        "201009": "14.16",
        "201010": "15.10",
        "201011": "15.06",
        "201012": "15.29",
        "201101": "15.86",
        "201102": "14.90",
        "201103": "15.68",
        "201104": "15.51",
        "201105": "15.13",
        "201106": "14.67",
        "201107": "13.82",
        "201108": "12.48",
        "201109": "12.50",
        "201110": "12.50",
        "201111": "11.91",
        "201112": "10.42",
        "201201": "11.43",
        "201202": "14.38",
        "201203": "16.77",
        "201204": "15.52",
        "201205": "15.47",
        "201206": "15.40",
        "201207": "15.53",
        "201208": "16.69",
        "201209": "18.53",
        "201210": "17.89",
        "201211": "16.71",
        "201212": "16.94",
        "201301": "18.98",
        "201302": "21.43",
        "201303": "21.58",
        "201304": "20.51",
        "201305": "22.16",
        "201306": "25.47",
        "201307": "31.94",
        "201308": "41.09",
        "201309": "45.46",
        "201310": "51.74",
        "201311": "44.79",
        "201312": "45.68",
        "201401": "45.66",
        "201402": "51.73",
        "201403": "54.23",
        "201404": "51.43",
        "201405": "48.03",
        "201406": "51.52",
        "201407": "51.15",
        "201408": "51.61",
        "201409": "55.28",
        "201410": "56.25",
        "201411": "55.84",
        "201412": "55.98",
        "201501": "56.05",
        "201502": "59.21",
        "201503": "61.48",
        "201504": "71.30",
        "201505": "79.46",
        "201506": "95.01",
        "201507": "96.50",
        "201508": "93.83",
        "201509": "102.95",
        "201510": "107.45",
        "201511": "122.21",
        "201512": "125.11",
        "201601": "123.50",
        "201602": "130.50",
        "201603": "127.80",
        "201604": "157.63",
        "201605": "146.05",
        "201606": "151.00",
        "201607": "144.48",
        "201608": "156.26",
        "201609": "156.82",
        "201610": "140.92",
        "201611": "121.45",
        "201612": "125.93",
        "201701": "126.41",
        "201702": "136.31",
        "201703": "133.30",
        "201704": "129.72",
        "201705": "142.72",
        "201706": "146.67",
        "201707": "138.29",
        "201708": "136.24",
        "201709": "139.98",
        "201710": "146.34",
        "201711": "132.34",
        "201712": "140.29",
        "201801": "131.66",
        "201802": "124.50",
        "201803": "129.80",
        "201804": "128.47",
        "201805": "136.70",
        "201806": "148.38",
        "201807": "138.93",
        "201808": "129.22",
        "201809": "127.82",
        "201810": "126.07",
        "201811": "126.66",
        "201812": "124.00",
        "201901": "120.64",
        "201902": "120.50",
        "201903": "116.15",
        "201904": "114.98",
        "201905": "95.30",
        "201906": "94.33",
        "201907": "110.41",
        "201908": "108.93",
        "201909": "112.97",
        "201910": "109.48",
        "201911": "112.24",
        "201912": "113.93",
        "202001": "121.87",
        "202002": "119.74",
        "202003": "91.62",
        "202004": "83.78",
        "202005": "95.14",
        "202006": "102.64",
        "202007": "101.21",
        "202008": "98.71",
        "202009": "99.20",
        "202010": "92.67",
        "202011": "94.71",
        "202012": "106.00",
        "202101": "119.35",
        "202102": "116.96",
        "202103": "111.30",
        "202104": "109.95",
        "202105": "92.46",
        "202106": "100.60",
        "202107": "103.12",
        "202108": "95.39",
        "202109": "94.29",
        "202110": "90.70",
        "202111": "94.30",
        "202112": "90.80",
        "202201": "87.52",
        "202202": "81.77",
        "202203": "77.78",
        "202204": "77.63",
        "202205": "72.94",
        "202206": "70.84",
        "202207": "69.54",
        "202208": "80.00",
        "202209": "90.59",
        "202210": "80.47",
        "202211": "73.89",
        "202212": "72.66",
        "202301": "68.12",
        "202302": "72.73",
        "202303": "72.20",
        "202304": "71.82",
        "202305": "70.95"
    },
    "quarters": {
        "20011": {
            "year_quarter": 20011,
            "year": 2001,
            "quarter": 1,
            "eps": 0.09,
            "eps_growth_year": -35.71,
            "eps_4q": 0.72,
            "eps_4q_growth_year": -10.68,
            "roe": 0.7,
            "roe_4q": 0.7,
            "gross_profit": 39230,
            "gross_margin": 26.6,
            "gross_margin_4q_avg": 26.6,
            "net_income": 4346,
            "revenue": 147501,
            "common_shares": 465179,
            "book_valuer_per_share": 12.3,
            "book_valuer_per_share_4q_avg": 12.3,
            "equity": 572053,
            "current_ratio": 99.86,
            "debt_ratio": 59.01,
            "inventory_turnover_ratio": 0.64,
            "account_receivable_turnover_ratio": null,
            "reinvestment_rate": null,
            "research_to_sale_ratio": null,
            "price_fair": 0,
            "eps_avg_yearly": 0,
            "eps_latest_yearly": 0,
            "eps_growth_yearly": 0
        },
        "20012": {
            "year_quarter": 20012,
            "year": 2001,
            "quarter": 2,
            "eps": 0.07,
            "eps_growth_year": -58.82,
            "eps_4q": 0.63,
            "eps_4q_growth_year": -25.69,
            "roe": 0.58,
            "roe_4q": 1.2799999999999998,
            "gross_profit": 39019,
            "gross_margin": 26.91,
            "gross_margin_4q_avg": 26.76,
            "net_income": 3353,
            "revenue": 145009,
            "common_shares": 465179,
            "book_valuer_per_share": 12.46,
            "book_valuer_per_share_4q_avg": 12.38,
            "equity": 579780,
            "current_ratio": 100.3,
            "debt_ratio": 58.19,
            "inventory_turnover_ratio": 0.84,
            "account_receivable_turnover_ratio": null,
            "reinvestment_rate": null,
            "research_to_sale_ratio": null,
            "price_fair": 0,
            "eps_avg_yearly": 0,
            "eps_latest_yearly": 0,
            "eps_growth_yearly": 0
        },
        "20013": {
            "year_quarter": 20013,
            "year": 2001,
            "quarter": 3,
            "eps": 0.1,
            "eps_growth_year": -9.09,
            "eps_4q": 0.58,
            "eps_4q_growth_year": -29.52,
            "roe": 0.9,
            "roe_4q": 2.1799999999999997,
            "gross_profit": 59240,
            "gross_margin": 33.68,
            "gross_margin_4q_avg": 29.06,
            "net_income": 5256,
            "revenue": 175914,
            "common_shares": 512667,
            "book_valuer_per_share": 11.42,
            "book_valuer_per_share_4q_avg": 12.06,
            "equity": 585363,
            "current_ratio": 98.74,
            "debt_ratio": 58.04,
            "inventory_turnover_ratio": 0.96,
            "account_receivable_turnover_ratio": null,
            "reinvestment_rate": null,
            "research_to_sale_ratio": null,
            "price_fair": 0,
            "eps_avg_yearly": 0,
            "eps_latest_yearly": 0,
            "eps_growth_yearly": 0
        },
        "20014": {
            "year_quarter": 20014,
            "year": 2001,
            "quarter": 4,
            "eps": 0.25,
            "eps_growth_year": -32.43,
            "eps_4q": 0.5,
            "eps_4q_growth_year": -34.48,
            "roe": 1.97,
            "roe_4q": 4.15,
            "gross_profit": 54966,
            "gross_margin": 34.09,
            "gross_margin_4q_avg": 30.32,
            "net_income": 12745,
            "revenue": 161244,
            "common_shares": 512667,
            "book_valuer_per_share": 11.73,
            "book_valuer_per_share_4q_avg": 11.98,
            "equity": 707820,
            "current_ratio": 101.07,
            "debt_ratio": 54.57,
            "inventory_turnover_ratio": 0.55,
            "account_receivable_turnover_ratio": null,
            "reinvestment_rate": null,
            "research_to_sale_ratio": null,
            "price_fair": 0,
            "eps_avg_yearly": 0,
            "eps_latest_yearly": 0,
            "eps_growth_yearly": 0
        },
        "20021": {
            "year_quarter": 20021,
            "year": 2002,
            "quarter": 1,
            "eps": 0.23,
            "eps_growth_year": 155.56,
            "eps_4q": 0.64,
            "eps_4q_growth_year": -10.53,
            "roe": 1.81,
            "roe_4q": 5.260000000000001,
            "gross_profit": 50500,
            "gross_margin": 34.13,
            "gross_margin_4q_avg": 32.2,
            "net_income": 11945,
            "revenue": 147983,
            "common_shares": 512667,
            "book_valuer_per_share": 12,
            "book_valuer_per_share_4q_avg": 11.9,
            "equity": 615008,
            "current_ratio": 97.18,
            "debt_ratio": 53.1,
            "inventory_turnover_ratio": 0.51,
            "account_receivable_turnover_ratio": null,
            "reinvestment_rate": null,
            "research_to_sale_ratio": null,
            "price_fair": 2.76,
            "eps_avg_yearly": 0.92,
            "eps_latest_yearly": 0.92,
            "eps_growth_yearly": -32
        },
        "20022": {
            "year_quarter": 20022,
            "year": 2002,
            "quarter": 2,
            "eps": 0.17,
            "eps_growth_year": 142.86,
            "eps_4q": 0.75,
            "eps_4q_growth_year": 19.74,
            "roe": 1.41,
            "roe_4q": 6.09,
            "gross_profit": 64319,
            "gross_margin": 31.94,
            "gross_margin_4q_avg": 33.46,
            "net_income": 8712,
            "revenue": 201355,
            "common_shares": 512667,
            "book_valuer_per_share": 12.08,
            "book_valuer_per_share_4q_avg": 11.81,
            "equity": 619168,
            "current_ratio": 94.94,
            "debt_ratio": 53.11,
            "inventory_turnover_ratio": 1.23,
            "account_receivable_turnover_ratio": null,
            "reinvestment_rate": null,
            "research_to_sale_ratio": null,
            "price_fair": 2.4,
            "eps_avg_yearly": 0.8,
            "eps_latest_yearly": 0.68,
            "eps_growth_yearly": -68.17
        },
        "20023": {
            "year_quarter": 20023,
            "year": 2002,
            "quarter": 3,
            "eps": 0.37,
            "eps_growth_year": 270,
            "eps_4q": 0.99,
            "eps_4q_growth_year": 72.25,
            "roe": 3.13,
            "roe_4q": 8.32,
            "gross_profit": 70375,
            "gross_margin": 34.06,
            "gross_margin_4q_avg": 33.56,
            "net_income": 19793,
            "revenue": 206605,
            "common_shares": 538300,
            "book_valuer_per_share": 11.97,
            "book_valuer_per_share_4q_avg": 11.95,
            "equity": 644212,
            "current_ratio": 98.92,
            "debt_ratio": 52.23,
            "inventory_turnover_ratio": 1.25,
            "account_receivable_turnover_ratio": null,
            "reinvestment_rate": null,
            "research_to_sale_ratio": null,
            "price_fair": 35.93,
            "eps_avg_yearly": 1.03,
            "eps_latest_yearly": 1.48,
            "eps_growth_yearly": 111.41
        },
        "20024": {
            "year_quarter": 20024,
            "year": 2002,
            "quarter": 4,
            "eps": 0.29,
            "eps_growth_year": 16,
            "eps_4q": 1.05,
            "eps_4q_growth_year": 108.49,
            "roe": 2.24,
            "roe_4q": 8.59,
            "gross_profit": 80776,
            "gross_margin": 33.63,
            "gross_margin_4q_avg": 33.44,
            "net_income": 15414,
            "revenue": 240218,
            "common_shares": 538300,
            "book_valuer_per_share": 12.31,
            "book_valuer_per_share_4q_avg": 12.09,
            "equity": 729787,
            "current_ratio": 103.49,
            "debt_ratio": 55.73,
            "inventory_turnover_ratio": 0.9,
            "account_receivable_turnover_ratio": null,
            "reinvestment_rate": 241.21,
            "research_to_sale_ratio": null,
            "price_fair": 37.1,
            "eps_avg_yearly": 1.06,
            "eps_latest_yearly": 1.16,
            "eps_growth_yearly": 61.94
        },
        "20031": {
            "year_quarter": 20031,
            "year": 2003,
            "quarter": 1,
            "eps": 0.35,
            "eps_growth_year": 52.17,
            "eps_4q": 1.17,
            "eps_4q_growth_year": 82.49,
            "roe": 2.66,
            "roe_4q": 9.440000000000001,
            "gross_profit": 73674,
            "gross_margin": 32.24,
            "gross_margin_4q_avg": 32.97,
            "net_income": 18744,
            "revenue": 228535,
            "common_shares": 538300,
            "book_valuer_per_share": 12.63,
            "book_valuer_per_share_4q_avg": 12.25,
            "equity": 679910,
            "current_ratio": 103.99,
            "debt_ratio": 53.19,
            "inventory_turnover_ratio": 0.89,
            "account_receivable_turnover_ratio": null,
            "reinvestment_rate": 65.46,
            "research_to_sale_ratio": null,
            "price_fair": 39.48,
            "eps_avg_yearly": 1.13,
            "eps_latest_yearly": 1.4,
            "eps_growth_yearly": 66.1
        },
        "20032": {
            "year_quarter": 20032,
            "year": 2003,
            "quarter": 2,
            "eps": 0.33,
            "eps_growth_year": 94.12,
            "eps_4q": 1.25,
            "eps_4q_growth_year": 65.78,
            "roe": 2.81,
            "roe_4q": 10.84,
            "gross_profit": 81792,
            "gross_margin": 33.35,
            "gross_margin_4q_avg": 33.32,
            "net_income": 19341,
            "revenue": 245270,
            "common_shares": 538300,
            "book_valuer_per_share": 12.95,
            "book_valuer_per_share_4q_avg": 12.47,
            "equity": 697328,
            "current_ratio": 89.9,
            "debt_ratio": 54.4,
            "inventory_turnover_ratio": 1.49,
            "account_receivable_turnover_ratio": null,
            "reinvestment_rate": 37.24,
            "research_to_sale_ratio": null,
            "price_fair": 40.6,
            "eps_avg_yearly": 1.16,
            "eps_latest_yearly": 1.32,
            "eps_growth_yearly": 51.28
        },
        "20033": {
            "year_quarter": 20033,
            "year": 2003,
            "quarter": 3,
            "eps": 0.3,
            "eps_growth_year": -18.92,
            "eps_4q": 1.21,
            "eps_4q_growth_year": 21.18,
            "roe": 2.52,
            "roe_4q": 10.23,
            "gross_profit": 77964,
            "gross_margin": 31.58,
            "gross_margin_4q_avg": 32.7,
            "net_income": 17734,
            "revenue": 246893,
            "common_shares": 583375,
            "book_valuer_per_share": 12.22,
            "book_valuer_per_share_4q_avg": 12.53,
            "equity": 712792,
            "current_ratio": 86.91,
            "debt_ratio": 53.42,
            "inventory_turnover_ratio": 1.5,
            "account_receivable_turnover_ratio": null,
            "reinvestment_rate": 35.13,
            "research_to_sale_ratio": null,
            "price_fair": 40.8,
            "eps_avg_yearly": 1.17,
            "eps_latest_yearly": 1.2,
            "eps_growth_yearly": 38.76
        },
        "20034": {
            "year_quarter": 20034,
            "year": 2003,
            "quarter": 4,
            "eps": 0.36,
            "eps_growth_year": 24.14,
            "eps_4q": 1.32,
            "eps_4q_growth_year": 25.17,
            "roe": 2.77,
            "roe_4q": 10.76,
            "gross_profit": 85043,
            "gross_margin": 31.87,
            "gross_margin_4q_avg": 32.26,
            "net_income": 21030,
            "revenue": 266811,
            "common_shares": 583375,
            "book_valuer_per_share": 12.59,
            "book_valuer_per_share_4q_avg": 12.6,
            "equity": 804226,
            "current_ratio": 178,
            "debt_ratio": 54.85,
            "inventory_turnover_ratio": 1,
            "account_receivable_turnover_ratio": null,
            "reinvestment_rate": 69.55,
            "research_to_sale_ratio": null,
            "price_fair": 42,
            "eps_avg_yearly": 1.2,
            "eps_latest_yearly": 1.44,
            "eps_growth_yearly": 43.91
        },
        "20041": {
            "year_quarter": 20041,
            "year": 2004,
            "quarter": 1,
            "eps": 0.25,
            "eps_growth_year": -28.57,
            "eps_4q": 1.25,
            "eps_4q_growth_year": 6.66,
            "roe": 1.88,
            "roe_4q": 9.98,
            "gross_profit": 81309,
            "gross_margin": 28.71,
            "gross_margin_4q_avg": 31.38,
            "net_income": 14556,
            "revenue": 283163,
            "common_shares": 583375,
            "book_valuer_per_share": 12.8,
            "book_valuer_per_share_4q_avg": 12.64,
            "equity": 746802,
            "current_ratio": 171.38,
            "debt_ratio": 56.77,
            "inventory_turnover_ratio": 1.03,
            "account_receivable_turnover_ratio": null,
            "reinvestment_rate": 51.15,
            "research_to_sale_ratio": null,
            "price_fair": 41.22,
            "eps_avg_yearly": 1.18,
            "eps_latest_yearly": 1,
            "eps_growth_yearly": 25.45
        },
        "20042": {
            "year_quarter": 20042,
            "year": 2004,
            "quarter": 2,
            "eps": 0.51,
            "eps_growth_year": 54.55,
            "eps_4q": 1.36,
            "eps_4q_growth_year": 8.48,
            "roe": 4.28,
            "roe_4q": 11.45,
            "gross_profit": 102162,
            "gross_margin": 28.99,
            "gross_margin_4q_avg": 30.29,
            "net_income": 32124,
            "revenue": 352410,
            "common_shares": 632812,
            "book_valuer_per_share": 11.92,
            "book_valuer_per_share_4q_avg": 12.38,
            "equity": 754226,
            "current_ratio": 189.8,
            "debt_ratio": 63.93,
            "inventory_turnover_ratio": 1.74,
            "account_receivable_turnover_ratio": null,
            "reinvestment_rate": 92.98,
            "research_to_sale_ratio": null,
            "price_fair": 44.24,
            "eps_avg_yearly": 1.26,
            "eps_latest_yearly": 2.04,
            "eps_growth_yearly": 64.51
        },
        "20043": {
            "year_quarter": 20043,
            "year": 2004,
            "quarter": 3,
            "eps": 0.66,
            "eps_growth_year": 120,
            "eps_4q": 1.73,
            "eps_4q_growth_year": 43.52,
            "roe": 5.39,
            "roe_4q": 14.32,
            "gross_profit": 148793,
            "gross_margin": 33.61,
            "gross_margin_4q_avg": 30.8,
            "net_income": 41786,
            "revenue": 442766,
            "common_shares": 632812,
            "book_valuer_per_share": 12.59,
            "book_valuer_per_share_4q_avg": 12.48,
            "equity": 796750,
            "current_ratio": 175.86,
            "debt_ratio": 65.28,
            "inventory_turnover_ratio": 2.16,
            "account_receivable_turnover_ratio": null,
            "reinvestment_rate": 129.78,
            "research_to_sale_ratio": null,
            "price_fair": 48.62,
            "eps_avg_yearly": 1.39,
            "eps_latest_yearly": 2.64,
            "eps_growth_yearly": 69.34
        },
        "20044": {
            "year_quarter": 20044,
            "year": 2004,
            "quarter": 4,
            "eps": 0.24,
            "eps_growth_year": -33.33,
            "eps_4q": 1.62,
            "eps_4q_growth_year": 23.09,
            "roe": 1.82,
            "roe_4q": 13.370000000000001,
            "gross_profit": 158552,
            "gross_margin": 34.01,
            "gross_margin_4q_avg": 31.33,
            "net_income": 15393,
            "revenue": 466139,
            "common_shares": 642230,
            "book_valuer_per_share": 12.68,
            "book_valuer_per_share_4q_avg": 12.5,
            "equity": 890342,
            "current_ratio": 123.83,
            "debt_ratio": 66.77,
            "inventory_turnover_ratio": 1.63,
            "account_receivable_turnover_ratio": null,
            "reinvestment_rate": 209.35,
            "research_to_sale_ratio": null,
            "price_fair": 47.37,
            "eps_avg_yearly": 1.35,
            "eps_latest_yearly": 0.96,
            "eps_growth_yearly": 42.35
        },
        "20051": {
            "year_quarter": 20051,
            "year": 2005,
            "quarter": 1,
            "eps": 0.9,
            "eps_growth_year": 260,
            "eps_4q": 2.25,
            "eps_4q_growth_year": 80.16,
            "roe": 6,
            "roe_4q": 17.490000000000002,
            "gross_profit": 159750,
            "gross_margin": 32.87,
            "gross_margin_4q_avg": 32.37,
            "net_income": 59612,
            "revenue": 486023,
            "common_shares": 748620,
            "book_valuer_per_share": 14.67,
            "book_valuer_per_share_4q_avg": 12.97,
            "equity": 1097975,
            "current_ratio": 126.96,
            "debt_ratio": 58.75,
            "inventory_turnover_ratio": 1.6,
            "account_receivable_turnover_ratio": null,
            "reinvestment_rate": 259.46,
            "research_to_sale_ratio": null,
            "price_fair": 53.42,
            "eps_avg_yearly": 1.53,
            "eps_latest_yearly": 3.6,
            "eps_growth_yearly": 123.71
        },
        "20052": {
            "year_quarter": 20052,
            "year": 2005,
            "quarter": 2,
            "eps": 0.62,
            "eps_growth_year": 21.57,
            "eps_4q": 2.11,
            "eps_4q_growth_year": 55.51,
            "roe": 4.26,
            "roe_4q": 17.47,
            "gross_profit": 149849,
            "gross_margin": 30.66,
            "gross_margin_4q_avg": 32.79,
            "net_income": 48613,
            "revenue": 488701,
            "common_shares": 767072,
            "book_valuer_per_share": 15.41,
            "book_valuer_per_share_4q_avg": 13.84,
            "equity": 1181793,
            "current_ratio": 110.37,
            "debt_ratio": 58.72,
            "inventory_turnover_ratio": 2.12,
            "account_receivable_turnover_ratio": null,
            "reinvestment_rate": 267.49,
            "research_to_sale_ratio": null,
            "price_fair": 55.8,
            "eps_avg_yearly": 1.59,
            "eps_latest_yearly": 2.48,
            "eps_growth_yearly": 105.98
        },
        "20053": {
            "year_quarter": 20053,
            "year": 2005,
            "quarter": 3,
            "eps": 0.95,
            "eps_growth_year": 43.94,
            "eps_4q": 2.49,
            "eps_4q_growth_year": 44.17,
            "roe": 6.18,
            "roe_4q": 18.259999999999998,
            "gross_profit": 170445,
            "gross_margin": 32.91,
            "gross_margin_4q_avg": 32.61,
            "net_income": 76090,
            "revenue": 517921,
            "common_shares": 859863,
            "book_valuer_per_share": 14.89,
            "book_valuer_per_share_4q_avg": 14.41,
            "equity": 1280142,
            "current_ratio": 108.13,
            "debt_ratio": 58.94,
            "inventory_turnover_ratio": 1.96,
            "account_receivable_turnover_ratio": null,
            "reinvestment_rate": 264.74,
            "research_to_sale_ratio": null,
            "price_fair": 60.95,
            "eps_avg_yearly": 1.74,
            "eps_latest_yearly": 3.8,
            "eps_growth_yearly": 113.11
        },
        "20054": {
            "year_quarter": 20054,
            "year": 2005,
            "quarter": 4,
            "eps": 0.78,
            "eps_growth_year": 225,
            "eps_4q": 3.04,
            "eps_4q_growth_year": 87.81,
            "roe": 4.78,
            "roe_4q": 21.22,
            "gross_profit": 187337,
            "gross_margin": 37.32,
            "gross_margin_4q_avg": 33.44,
            "net_income": 63578,
            "revenue": 502003,
            "common_shares": 860076,
            "book_valuer_per_share": 15.38,
            "book_valuer_per_share_4q_avg": 15.09,
            "equity": 1377697,
            "current_ratio": 136.7,
            "debt_ratio": 62.93,
            "inventory_turnover_ratio": 1.12,
            "account_receivable_turnover_ratio": null,
            "reinvestment_rate": 251.24,
            "research_to_sale_ratio": null,
            "price_fair": 63.96,
            "eps_avg_yearly": 1.83,
            "eps_latest_yearly": 3.12,
            "eps_growth_yearly": 101.57
        },
        "20061": {
            "year_quarter": 20061,
            "year": 2006,
            "quarter": 1,
            "eps": 0.65,
            "eps_growth_year": -27.78,
            "eps_4q": 2.83,
            "eps_4q_growth_year": 25.94,
            "roe": 4.03,
            "roe_4q": 19.25,
            "gross_profit": 176239,
            "gross_margin": 35.66,
            "gross_margin_4q_avg": 34.14,
            "net_income": 56099,
            "revenue": 494221,
            "common_shares": 860076,
            "book_valuer_per_share": 16.32,
            "book_valuer_per_share_4q_avg": 15.5,
            "equity": 1403501,
            "current_ratio": 121.84,
            "debt_ratio": 60.14,
            "inventory_turnover_ratio": 1.07,
            "account_receivable_turnover_ratio": null,
            "reinvestment_rate": 259.88,
            "research_to_sale_ratio": null,
            "price_fair": 67.64,
            "eps_avg_yearly": 1.93,
            "eps_latest_yearly": 2.6,
            "eps_growth_yearly": 99.4
        },
        "20062": {
            "year_quarter": 20062,
            "year": 2006,
            "quarter": 2,
            "eps": 0.27,
            "eps_growth_year": -56.45,
            "eps_4q": 2.24,
            "eps_4q_growth_year": 6.1,
            "roe": 1.93,
            "roe_4q": 16.92,
            "gross_profit": 153537,
            "gross_margin": 34.31,
            "gross_margin_4q_avg": 35.05,
            "net_income": 26854,
            "revenue": 447475,
            "common_shares": 860076,
            "book_valuer_per_share": 16.09,
            "book_valuer_per_share_4q_avg": 15.67,
            "equity": 1383624,
            "current_ratio": 108.45,
            "debt_ratio": 62.28,
            "inventory_turnover_ratio": 1.32,
            "account_receivable_turnover_ratio": null,
            "reinvestment_rate": 265.57,
            "research_to_sale_ratio": null,
            "price_fair": 68.51,
            "eps_avg_yearly": 1.96,
            "eps_latest_yearly": 1.08,
            "eps_growth_yearly": 91.31
        },
        "20063": {
            "year_quarter": 20063,
            "year": 2006,
            "quarter": 3,
            "eps": 0.95,
            "eps_growth_year": 0,
            "eps_4q": 2.44,
            "eps_4q_growth_year": -2.3,
            "roe": 6.23,
            "roe_4q": 16.970000000000002,
            "gross_profit": 189228,
            "gross_margin": 33.67,
            "gross_margin_4q_avg": 35.24,
            "net_income": 93670,
            "revenue": 562009,
            "common_shares": 987341,
            "book_valuer_per_share": 16.46,
            "book_valuer_per_share_4q_avg": 16.06,
            "equity": 1625224,
            "current_ratio": 117.1,
            "debt_ratio": 61.8,
            "inventory_turnover_ratio": 1.7,
            "account_receivable_turnover_ratio": null,
            "reinvestment_rate": 270.11,
            "research_to_sale_ratio": null,
            "price_fair": 73.59,
            "eps_avg_yearly": 2.1,
            "eps_latest_yearly": 3.8,
            "eps_growth_yearly": 124.86
        },
        "20064": {
            "year_quarter": 20064,
            "year": 2006,
            "quarter": 4,
            "eps": 0.63,
            "eps_growth_year": -19.23,
            "eps_4q": 2.43,
            "eps_4q_growth_year": -20.17,
            "roe": 3.57,
            "roe_4q": 15.760000000000002,
            "gross_profit": 175298,
            "gross_margin": 32.86,
            "gross_margin_4q_avg": 34.13,
            "net_income": 61888,
            "revenue": 533448,
            "common_shares": 1011862,
            "book_valuer_per_share": 17.7,
            "book_valuer_per_share_4q_avg": 16.64,
            "equity": 1837825,
            "current_ratio": 116.67,
            "debt_ratio": 63.05,
            "inventory_turnover_ratio": 1.14,
            "account_receivable_turnover_ratio": null,
            "reinvestment_rate": 286.9,
            "research_to_sale_ratio": null,
            "price_fair": 76.56,
            "eps_avg_yearly": 2.19,
            "eps_latest_yearly": 2.52,
            "eps_growth_yearly": 121.84
        },
        "20071": {
            "year_quarter": 20071,
            "year": 2007,
            "quarter": 1,
            "eps": 0.69,
            "eps_growth_year": 6.15,
            "eps_4q": 2.48,
            "eps_4q_growth_year": -12.49,
            "roe": 3.78,
            "roe_4q": 15.51,
            "gross_profit": 176735,
            "gross_margin": 31.63,
            "gross_margin_4q_avg": 33.12,
            "net_income": 70395,
            "revenue": 558744,
            "common_shares": 1019602,
            "book_valuer_per_share": 18.52,
            "book_valuer_per_share_4q_avg": 17.19,
            "equity": 1888284,
            "current_ratio": 108.83,
            "debt_ratio": 61.52,
            "inventory_turnover_ratio": 1.1,
            "account_receivable_turnover_ratio": null,
            "reinvestment_rate": 269.14,
            "research_to_sale_ratio": null,
            "price_fair": 79.54,
            "eps_avg_yearly": 2.27,
            "eps_latest_yearly": 2.76,
            "eps_growth_yearly": 119.05
        },
        "20072": {
            "year_quarter": 20072,
            "year": 2007,
            "quarter": 2,
            "eps": 0.61,
            "eps_growth_year": 125.93,
            "eps_4q": 2.53,
            "eps_4q_growth_year": 12.99,
            "roe": 3.84,
            "roe_4q": 17.42,
            "gross_profit": 180123,
            "gross_margin": 33.16,
            "gross_margin_4q_avg": 32.83,
            "net_income": 71821,
            "revenue": 543188,
            "common_shares": 1019602,
            "book_valuer_per_share": 18.17,
            "book_valuer_per_share_4q_avg": 17.71,
            "equity": 1852993,
            "current_ratio": 140.47,
            "debt_ratio": 64.11,
            "inventory_turnover_ratio": 1.19,
            "account_receivable_turnover_ratio": null,
            "reinvestment_rate": 259.87,
            "research_to_sale_ratio": null,
            "price_fair": 81.99,
            "eps_avg_yearly": 2.34,
            "eps_latest_yearly": 2.44,
            "eps_growth_yearly": 117.58
        },
        "20073": {
            "year_quarter": 20073,
            "year": 2007,
            "quarter": 3,
            "eps": 0.51,
            "eps_growth_year": -46.32,
            "eps_4q": 2.25,
            "eps_4q_growth_year": -7.76,
            "roe": 3.13,
            "roe_4q": 14.32,
            "gross_profit": 193312,
            "gross_margin": 32.04,
            "gross_margin_4q_avg": 32.42,
            "net_income": 59926,
            "revenue": 603306,
            "common_shares": 1199664,
            "book_valuer_per_share": 16.45,
            "book_valuer_per_share_4q_avg": 17.71,
            "equity": 1973691,
            "current_ratio": 122.23,
            "debt_ratio": 62.95,
            "inventory_turnover_ratio": 1.17,
            "account_receivable_turnover_ratio": null,
            "reinvestment_rate": 265.81,
            "research_to_sale_ratio": null,
            "price_fair": 83.83,
            "eps_avg_yearly": 2.4,
            "eps_latest_yearly": 2.04,
            "eps_growth_yearly": 115.75
        },
        "20074": {
            "year_quarter": 20074,
            "year": 2007,
            "quarter": 4,
            "eps": 0.07,
            "eps_growth_year": -88.89,
            "eps_4q": 1.83,
            "eps_4q_growth_year": -24.57,
            "roe": 0.4,
            "roe_4q": 11.149999999999999,
            "gross_profit": 223274,
            "gross_margin": 37.05,
            "gross_margin_4q_avg": 33.47,
            "net_income": 8033,
            "revenue": 602669,
            "common_shares": 1214237,
            "book_valuer_per_share": 16.59,
            "book_valuer_per_share_4q_avg": 17.43,
            "equity": 2060536,
            "current_ratio": 86.73,
            "debt_ratio": 64.37,
            "inventory_turnover_ratio": 0.74,
            "account_receivable_turnover_ratio": null,
            "reinvestment_rate": 302.66,
            "research_to_sale_ratio": null,
            "price_fair": 81.29,
            "eps_avg_yearly": 2.32,
            "eps_latest_yearly": 0.28,
            "eps_growth_yearly": 89.19
        },
        "20081": {
            "year_quarter": 20081,
            "year": 2008,
            "quarter": 1,
            "eps": 0.3,
            "eps_growth_year": -56.52,
            "eps_4q": 1.46,
            "eps_4q_growth_year": -41.02,
            "roe": 1.74,
            "roe_4q": 9.11,
            "gross_profit": 220213,
            "gross_margin": 32,
            "gross_margin_4q_avg": 33.56,
            "net_income": 36142,
            "revenue": 688226,
            "common_shares": 1216737,
            "book_valuer_per_share": 16.85,
            "book_valuer_per_share_4q_avg": 17.02,
            "equity": 2095517,
            "current_ratio": 94.56,
            "debt_ratio": 65.69,
            "inventory_turnover_ratio": 0.66,
            "account_receivable_turnover_ratio": null,
            "reinvestment_rate": 318.46,
            "research_to_sale_ratio": null,
            "price_fair": 81.73,
            "eps_avg_yearly": 2.34,
            "eps_latest_yearly": 1.2,
            "eps_growth_yearly": 178.97
        },
        "20082": {
            "year_quarter": 20082,
            "year": 2008,
            "quarter": 2,
            "eps": 0.63,
            "eps_growth_year": 3.28,
            "eps_4q": 1.49,
            "eps_4q_growth_year": -41.05,
            "roe": 3.74,
            "roe_4q": 9.010000000000002,
            "gross_profit": 207605,
            "gross_margin": 26.74,
            "gross_margin_4q_avg": 31.96,
            "net_income": 76265,
            "revenue": 776286,
            "common_shares": 1216765,
            "book_valuer_per_share": 15.9,
            "book_valuer_per_share_4q_avg": 16.45,
            "equity": 1979674,
            "current_ratio": 84.38,
            "debt_ratio": 67.9,
            "inventory_turnover_ratio": 0.75,
            "account_receivable_turnover_ratio": null,
            "reinvestment_rate": 297.74,
            "research_to_sale_ratio": null,
            "price_fair": 82.78,
            "eps_avg_yearly": 2.37,
            "eps_latest_yearly": 2.52,
            "eps_growth_yearly": 180.47
        },
        "20083": {
            "year_quarter": 20083,
            "year": 2008,
            "quarter": 3,
            "eps": 0.21,
            "eps_growth_year": -58.82,
            "eps_4q": 1.08,
            "eps_4q_growth_year": -51.91,
            "roe": 1.56,
            "roe_4q": 7.440000000000001,
            "gross_profit": 156985,
            "gross_margin": 23.27,
            "gross_margin_4q_avg": 29.77,
            "net_income": 28728,
            "revenue": 674714,
            "common_shares": 1319779,
            "book_valuer_per_share": 12.49,
            "book_valuer_per_share_4q_avg": 15.46,
            "equity": 1694365,
            "current_ratio": 89.93,
            "debt_ratio": 73.08,
            "inventory_turnover_ratio": 0.62,
            "account_receivable_turnover_ratio": null,
            "reinvestment_rate": 292.46,
            "research_to_sale_ratio": null,
            "price_fair": 78.84,
            "eps_avg_yearly": 2.25,
            "eps_latest_yearly": 0.84,
            "eps_growth_yearly": 156.45
        },
        "20084": {
            "year_quarter": 20084,
            "year": 2008,
            "quarter": 4,
            "eps": -2.51,
            "eps_growth_year": -3685.71,
            "eps_4q": -1.43,
            "eps_4q_growth_year": -177.91,
            "roe": -21.84,
            "roe_4q": -14.799999999999999,
            "gross_profit": 8191,
            "gross_margin": 2.1,
            "gross_margin_4q_avg": 21.03,
            "net_income": -325449,
            "revenue": 390249,
            "common_shares": 1240894,
            "book_valuer_per_share": 10,
            "book_valuer_per_share_4q_avg": 13.81,
            "equity": 1285507,
            "current_ratio": 98.87,
            "debt_ratio": 77.46,
            "inventory_turnover_ratio": 0.44,
            "account_receivable_turnover_ratio": 0.9,
            "reinvestment_rate": 348.72,
            "research_to_sale_ratio": null,
            "price_fair": 81.85,
            "eps_avg_yearly": 2.34,
            "eps_latest_yearly": 0.84,
            "eps_growth_yearly": 183.85
        },
        "20091": {
            "year_quarter": 20091,
            "year": 2009,
            "quarter": 1,
            "eps": -0.49,
            "eps_growth_year": -263.33,
            "eps_4q": -2.28,
            "eps_4q_growth_year": -255.71,
            "roe": -4.76,
            "roe_4q": -21.300000000000004,
            "gross_profit": 51802,
            "gross_margin": 16.22,
            "gross_margin_4q_avg": 17.08,
            "net_income": -61359,
            "revenue": 319388,
            "common_shares": 1235594,
            "book_valuer_per_share": 10.1,
            "book_valuer_per_share_4q_avg": 12.12,
            "equity": 1291874,
            "current_ratio": 99.14,
            "debt_ratio": 76.91,
            "inventory_turnover_ratio": 0.34,
            "account_receivable_turnover_ratio": 0.37,
            "reinvestment_rate": 440.56,
            "research_to_sale_ratio": null,
            "price_fair": 78.7,
            "eps_avg_yearly": 2.25,
            "eps_latest_yearly": 0.84,
            "eps_growth_yearly": 118.41
        },
        "20092": {
            "year_quarter": 20092,
            "year": 2009,
            "quarter": 2,
            "eps": -6.47,
            "eps_growth_year": -1126.98,
            "eps_4q": -7.32,
            "eps_4q_growth_year": -591.16,
            "roe": -58.23,
            "roe_4q": -83.27,
            "gross_profit": 8166,
            "gross_margin": 2.44,
            "gross_margin_4q_avg": 11.01,
            "net_income": -799262,
            "revenue": 334412,
            "common_shares": 1579914,
            "book_valuer_per_share": 8.92,
            "book_valuer_per_share_4q_avg": 10.38,
            "equity": 1453088,
            "current_ratio": 88.68,
            "debt_ratio": 71.43,
            "inventory_turnover_ratio": 0.46,
            "account_receivable_turnover_ratio": 0.4,
            "reinvestment_rate": null,
            "research_to_sale_ratio": null,
            "price_fair": 78.08,
            "eps_avg_yearly": 2.23,
            "eps_latest_yearly": 0.84,
            "eps_growth_yearly": 137.09
        },
        "20093": {
            "year_quarter": 20093,
            "year": 2009,
            "quarter": 3,
            "eps": -0.51,
            "eps_growth_year": -342.86,
            "eps_4q": -8,
            "eps_4q_growth_year": -839.95,
            "roe": -5.33,
            "roe_4q": -90.16,
            "gross_profit": 89034,
            "gross_margin": 28.13,
            "gross_margin_4q_avg": 12.22,
            "net_income": -78482,
            "revenue": 316516,
            "common_shares": 1579914,
            "book_valuer_per_share": 9.16,
            "book_valuer_per_share_4q_avg": 9.55,
            "equity": 1491914,
            "current_ratio": 90.76,
            "debt_ratio": 70.54,
            "inventory_turnover_ratio": 0.32,
            "account_receivable_turnover_ratio": 0.4,
            "reinvestment_rate": null,
            "research_to_sale_ratio": null,
            "price_fair": 73.5,
            "eps_avg_yearly": 2.1,
            "eps_latest_yearly": 0.84,
            "eps_growth_yearly": 130.77
        },
        "20094": {
            "year_quarter": 20094,
            "year": 2009,
            "quarter": 4,
            "eps": -0.3,
            "eps_growth_year": null,
            "eps_4q": -6.19,
            "eps_4q_growth_year": null,
            "roe": -2.74,
            "roe_4q": -71.06,
            "gross_profit": 63575,
            "gross_margin": 14.63,
            "gross_margin_4q_avg": 15.36,
            "net_income": -40659,
            "revenue": 434626,
            "common_shares": 1583003,
            "book_valuer_per_share": 8.25,
            "book_valuer_per_share_4q_avg": 9.11,
            "equity": 1479348,
            "current_ratio": 105.39,
            "debt_ratio": 70.47,
            "inventory_turnover_ratio": 0.52,
            "account_receivable_turnover_ratio": 1.19,
            "reinvestment_rate": null,
            "research_to_sale_ratio": null,
            "price_fair": 70.25,
            "eps_avg_yearly": 2.01,
            "eps_latest_yearly": 0.84,
            "eps_growth_yearly": 149.17
        },
        "20101": {
            "year_quarter": 20101,
            "year": 2010,
            "quarter": 1,
            "eps": 0.29,
            "eps_growth_year": null,
            "eps_4q": -4.78,
            "eps_4q_growth_year": null,
            "roe": 2.96,
            "roe_4q": -63.339999999999996,
            "gross_profit": 136706,
            "gross_margin": 24.55,
            "gross_margin_4q_avg": 17.44,
            "net_income": 48885,
            "revenue": 556828,
            "common_shares": 1583003,
            "book_valuer_per_share": 10.25,
            "book_valuer_per_share_4q_avg": 9.15,
            "equity": 1827855,
            "current_ratio": 125.11,
            "debt_ratio": 66.06,
            "inventory_turnover_ratio": 0.59,
            "account_receivable_turnover_ratio": 0.71,
            "reinvestment_rate": null,
            "research_to_sale_ratio": 2.23,
            "price_fair": 68.18,
            "eps_avg_yearly": 1.95,
            "eps_latest_yearly": 0.84,
            "eps_growth_yearly": 170.75
        },
        "20102": {
            "year_quarter": 20102,
            "year": 2010,
            "quarter": 2,
            "eps": 0.38,
            "eps_growth_year": null,
            "eps_4q": -0.06,
            "eps_4q_growth_year": null,
            "roe": 3.32,
            "roe_4q": -1.790000000000001,
            "gross_profit": 152761,
            "gross_margin": 25.07,
            "gross_margin_4q_avg": 23.1,
            "net_income": 60880,
            "revenue": 609423,
            "common_shares": 1583003,
            "book_valuer_per_share": 8.94,
            "book_valuer_per_share_4q_avg": 9.15,
            "equity": 1836145,
            "current_ratio": 117.02,
            "debt_ratio": 65.24,
            "inventory_turnover_ratio": 0.63,
            "account_receivable_turnover_ratio": 0.71,
            "reinvestment_rate": null,
            "research_to_sale_ratio": 2.83,
            "price_fair": 69.72,
            "eps_avg_yearly": 1.99,
            "eps_latest_yearly": 1.52,
            "eps_growth_yearly": 206.55
        },
        "20103": {
            "year_quarter": 20103,
            "year": 2010,
            "quarter": 3,
            "eps": 0.19,
            "eps_growth_year": null,
            "eps_4q": 0.62,
            "eps_4q_growth_year": null,
            "roe": 1.63,
            "roe_4q": 5.169999999999999,
            "gross_profit": 154759,
            "gross_margin": 22.44,
            "gross_margin_4q_avg": 21.67,
            "net_income": 30251,
            "revenue": 689621,
            "common_shares": 1583003,
            "book_valuer_per_share": 9.09,
            "book_valuer_per_share_4q_avg": 9.13,
            "equity": 1867041,
            "current_ratio": 106.84,
            "debt_ratio": 65.09,
            "inventory_turnover_ratio": 0.74,
            "account_receivable_turnover_ratio": 0.76,
            "reinvestment_rate": null,
            "research_to_sale_ratio": 2.76,
            "price_fair": 59.08,
            "eps_avg_yearly": 1.69,
            "eps_latest_yearly": 0.76,
            "eps_growth_yearly": 85.81
        },
        "20104": {
            "year_quarter": 20104,
            "year": 2010,
            "quarter": 4,
            "eps": -0.13,
            "eps_growth_year": null,
            "eps_4q": 0.74,
            "eps_4q_growth_year": null,
            "roe": -1.1,
            "roe_4q": 6.81,
            "gross_profit": 152777,
            "gross_margin": 21.95,
            "gross_margin_4q_avg": 23.5,
            "net_income": -20155,
            "revenue": 696039,
            "common_shares": 1583003,
            "book_valuer_per_share": 8.81,
            "book_valuer_per_share_4q_avg": 9.27,
            "equity": 1810895,
            "current_ratio": 126.35,
            "debt_ratio": 65.12,
            "inventory_turnover_ratio": 0.78,
            "account_receivable_turnover_ratio": 0.78,
            "reinvestment_rate": null,
            "research_to_sale_ratio": 2.48,
            "price_fair": 55.84,
            "eps_avg_yearly": 1.6,
            "eps_latest_yearly": 0.76,
            "eps_growth_yearly": 110.31
        },
        "20111": {
            "year_quarter": 20111,
            "year": 2011,
            "quarter": 1,
            "eps": 0.31,
            "eps_growth_year": 6.9,
            "eps_4q": 0.76,
            "eps_4q_growth_year": null,
            "roe": 2.83,
            "roe_4q": 6.68,
            "gross_profit": 142647,
            "gross_margin": 21.85,
            "gross_margin_4q_avg": 22.83,
            "net_income": 52047,
            "revenue": 652777,
            "common_shares": 1583003,
            "book_valuer_per_share": 9.12,
            "book_valuer_per_share_4q_avg": 8.99,
            "equity": 1873528,
            "current_ratio": 150.46,
            "debt_ratio": 64.58,
            "inventory_turnover_ratio": 0.76,
            "account_receivable_turnover_ratio": 0.78,
            "reinvestment_rate": null,
            "research_to_sale_ratio": 2.95,
            "price_fair": 50.75,
            "eps_avg_yearly": 1.45,
            "eps_latest_yearly": 0.76,
            "eps_growth_yearly": 119.34
        },
        "20112": {
            "year_quarter": 20112,
            "year": 2011,
            "quarter": 2,
            "eps": 0.21,
            "eps_growth_year": -45.63,
            "eps_4q": 0.58,
            "eps_4q_growth_year": null,
            "roe": 1.81,
            "roe_4q": 5.17,
            "gross_profit": 142657,
            "gross_margin": 21.26,
            "gross_margin_4q_avg": 21.88,
            "net_income": 33838,
            "revenue": 671056,
            "common_shares": 1583003,
            "book_valuer_per_share": 9.05,
            "book_valuer_per_share_4q_avg": 9.02,
            "equity": 1859775,
            "current_ratio": 138.12,
            "debt_ratio": 65.08,
            "inventory_turnover_ratio": 0.76,
            "account_receivable_turnover_ratio": 0.82,
            "reinvestment_rate": null,
            "research_to_sale_ratio": 3.11,
            "price_fair": 43.75,
            "eps_avg_yearly": 1.25,
            "eps_latest_yearly": 0.84,
            "eps_growth_yearly": 109.01
        },
        "20113": {
            "year_quarter": 20113,
            "year": 2011,
            "quarter": 3,
            "eps": 0.59,
            "eps_growth_year": 214.94,
            "eps_4q": 0.98,
            "eps_4q_growth_year": 58.08,
            "roe": 4.95,
            "roe_4q": 8.49,
            "gross_profit": 181977,
            "gross_margin": 22.79,
            "gross_margin_4q_avg": 21.96,
            "net_income": 94403,
            "revenue": 798367,
            "common_shares": 1583003,
            "book_valuer_per_share": 9.52,
            "book_valuer_per_share_4q_avg": 9.13,
            "equity": 1954976,
            "current_ratio": 136.5,
            "debt_ratio": 65.16,
            "inventory_turnover_ratio": 0.85,
            "account_receivable_turnover_ratio": 0.93,
            "reinvestment_rate": null,
            "research_to_sale_ratio": 3.05,
            "price_fair": 45.15,
            "eps_avg_yearly": 1.29,
            "eps_latest_yearly": 2.36,
            "eps_growth_yearly": 207.68
        },
        "20114": {
            "year_quarter": 20114,
            "year": 2011,
            "quarter": 4,
            "eps": 0.21,
            "eps_growth_year": null,
            "eps_4q": 1.32,
            "eps_4q_growth_year": 78.51,
            "roe": 1.74,
            "roe_4q": 11.33,
            "gross_profit": 166143,
            "gross_margin": 22.95,
            "gross_margin_4q_avg": 22.21,
            "net_income": 34134,
            "revenue": 723916,
            "common_shares": 1583003,
            "book_valuer_per_share": 9.54,
            "book_valuer_per_share_4q_avg": 9.31,
            "equity": 1961702,
            "current_ratio": 119.4,
            "debt_ratio": 66.7,
            "inventory_turnover_ratio": 0.7,
            "account_receivable_turnover_ratio": 0.86,
            "reinvestment_rate": null,
            "research_to_sale_ratio": 3.05,
            "price_fair": 47.6,
            "eps_avg_yearly": 1.36,
            "eps_latest_yearly": 0.84,
            "eps_growth_yearly": 218.61
        },
        "20121": {
            "year_quarter": 20121,
            "year": 2012,
            "quarter": 1,
            "eps": 0.48,
            "eps_growth_year": 54.84,
            "eps_4q": 1.52,
            "eps_4q_growth_year": 100.99,
            "roe": 4.2,
            "roe_4q": 12.700000000000001,
            "gross_profit": 233456,
            "gross_margin": 25.49,
            "gross_margin_4q_avg": 23.12,
            "net_income": 84446,
            "revenue": 915817,
            "common_shares": 1583003,
            "book_valuer_per_share": 10.01,
            "book_valuer_per_share_4q_avg": 9.53,
            "equity": 2056318,
            "current_ratio": 123.63,
            "debt_ratio": 65.06,
            "inventory_turnover_ratio": 0.77,
            "account_receivable_turnover_ratio": 1.1,
            "reinvestment_rate": null,
            "research_to_sale_ratio": 2.46,
            "price_fair": 50.75,
            "eps_avg_yearly": 1.45,
            "eps_latest_yearly": 1.92,
            "eps_growth_yearly": 118.61
        },
        "20122": {
            "year_quarter": 20122,
            "year": 2012,
            "quarter": 2,
            "eps": 0.49,
            "eps_growth_year": 137.93,
            "eps_4q": 1.81,
            "eps_4q_growth_year": 209.56,
            "roe": 3.78,
            "roe_4q": 14.670000000000002,
            "gross_profit": 214864,
            "gross_margin": 23.3,
            "gross_margin_4q_avg": 23.63,
            "net_income": 79131,
            "revenue": 922174,
            "common_shares": 1583003,
            "book_valuer_per_share": 10.37,
            "book_valuer_per_share_4q_avg": 9.86,
            "equity": 2128018,
            "current_ratio": 119.29,
            "debt_ratio": 64.44,
            "inventory_turnover_ratio": 0.76,
            "account_receivable_turnover_ratio": 1.03,
            "reinvestment_rate": null,
            "research_to_sale_ratio": 3.16,
            "price_fair": 48.3,
            "eps_avg_yearly": 1.38,
            "eps_latest_yearly": 1.96,
            "eps_growth_yearly": 64.66
        },
        "20123": {
            "year_quarter": 20123,
            "year": 2012,
            "quarter": 3,
            "eps": 0.41,
            "eps_growth_year": -30.75,
            "eps_4q": 1.63,
            "eps_4q_growth_year": 65.42,
            "roe": 3.05,
            "roe_4q": 12.770000000000001,
            "gross_profit": 227724,
            "gross_margin": 24.73,
            "gross_margin_4q_avg": 24.12,
            "net_income": 65932,
            "revenue": 920918,
            "common_shares": 1583003,
            "book_valuer_per_share": 10.72,
            "book_valuer_per_share_4q_avg": 10.16,
            "equity": 2200312,
            "current_ratio": 115.37,
            "debt_ratio": 63.69,
            "inventory_turnover_ratio": 0.71,
            "account_receivable_turnover_ratio": 1.02,
            "reinvestment_rate": null,
            "research_to_sale_ratio": 3.06,
            "price_fair": 51.8,
            "eps_avg_yearly": 1.48,
            "eps_latest_yearly": 1.64,
            "eps_growth_yearly": 89.83
        },
        "20124": {
            "year_quarter": 20124,
            "year": 2012,
            "quarter": 4,
            "eps": 0.38,
            "eps_growth_year": 82.55,
            "eps_4q": 1.8,
            "eps_4q_growth_year": 35.93,
            "roe": 2.58,
            "roe_4q": 13.61,
            "gross_profit": 177031,
            "gross_margin": 20.49,
            "gross_margin_4q_avg": 23.5,
            "net_income": 57304,
            "revenue": 863811,
            "common_shares": 1583003,
            "book_valuer_per_share": 10.96,
            "book_valuer_per_share_4q_avg": 10.52,
            "equity": 2244120,
            "current_ratio": 114.28,
            "debt_ratio": 63.71,
            "inventory_turnover_ratio": 0.66,
            "account_receivable_turnover_ratio": 0.98,
            "reinvestment_rate": null,
            "research_to_sale_ratio": 2.9,
            "price_fair": 51.96,
            "eps_avg_yearly": 1.48,
            "eps_latest_yearly": 1.52,
            "eps_growth_yearly": 76.59
        },
        "20131": {
            "year_quarter": 20131,
            "year": 2013,
            "quarter": 1,
            "eps": 0.65,
            "eps_growth_year": 35.42,
            "eps_4q": 1.96,
            "eps_4q_growth_year": 28.86,
            "roe": 4.81,
            "roe_4q": 14.219999999999999,
            "gross_profit": 230936,
            "gross_margin": 26.35,
            "gross_margin_4q_avg": 23.72,
            "net_income": 109448,
            "revenue": 876290,
            "common_shares": 1583003,
            "book_valuer_per_share": 11.28,
            "book_valuer_per_share_4q_avg": 10.83,
            "equity": 2309018,
            "current_ratio": 110.61,
            "debt_ratio": 63.85,
            "inventory_turnover_ratio": 0.6,
            "account_receivable_turnover_ratio": 1.06,
            "reinvestment_rate": null,
            "research_to_sale_ratio": 2.57,
            "price_fair": 55.86,
            "eps_avg_yearly": 1.6,
            "eps_latest_yearly": 2.6,
            "eps_growth_yearly": 97.35
        },
        "20132": {
            "year_quarter": 20132,
            "year": 2013,
            "quarter": 2,
            "eps": 0.45,
            "eps_growth_year": -8.42,
            "eps_4q": 1.93,
            "eps_4q_growth_year": 6.69,
            "roe": 3.2,
            "roe_4q": 13.64,
            "gross_profit": 200788,
            "gross_margin": 23.63,
            "gross_margin_4q_avg": 23.8,
            "net_income": 74307,
            "revenue": 849586,
            "common_shares": 1583003,
            "book_valuer_per_share": 11.87,
            "book_valuer_per_share_4q_avg": 11.21,
            "equity": 2336556,
            "current_ratio": 105.31,
            "debt_ratio": 62.61,
            "inventory_turnover_ratio": 0.59,
            "account_receivable_turnover_ratio": 1.09,
            "reinvestment_rate": 81.37,
            "research_to_sale_ratio": 3.03,
            "price_fair": 56.51,
            "eps_avg_yearly": 1.61,
            "eps_latest_yearly": 1.8,
            "eps_growth_yearly": 77.32
        },
        "20133": {
            "year_quarter": 20133,
            "year": 2013,
            "quarter": 3,
            "eps": 0.7,
            "eps_growth_year": 72.7,
            "eps_4q": 1.61,
            "eps_4q_growth_year": -1.08,
            "roe": 4.63,
            "roe_4q": 15.22,
            "gross_profit": 253817,
            "gross_margin": 26.28,
            "gross_margin_4q_avg": 24.19,
            "net_income": 115753,
            "revenue": 965742,
            "common_shares": 2099813,
            "book_valuer_per_share": 12.42,
            "book_valuer_per_share_4q_avg": 11.63,
            "equity": 2661193,
            "current_ratio": 150.54,
            "debt_ratio": 57.59,
            "inventory_turnover_ratio": 0.65,
            "account_receivable_turnover_ratio": 1.26,
            "reinvestment_rate": 85.84,
            "research_to_sale_ratio": 4.58,
            "price_fair": 59.97,
            "eps_avg_yearly": 1.71,
            "eps_latest_yearly": 2.8,
            "eps_growth_yearly": 89.39
        },
        "20134": {
            "year_quarter": 20134,
            "year": 2013,
            "quarter": 4,
            "eps": 0.6,
            "eps_growth_year": 59.03,
            "eps_4q": 1.92,
            "eps_4q_growth_year": 6.86,
            "roe": 4.92,
            "roe_4q": 17.56,
            "gross_profit": 275009,
            "gross_margin": 26.65,
            "gross_margin_4q_avg": 25.73,
            "net_income": 135899,
            "revenue": 1031935,
            "common_shares": 2242330,
            "book_valuer_per_share": 12.53,
            "book_valuer_per_share_4q_avg": 12.03,
            "equity": 2863353,
            "current_ratio": 149.53,
            "debt_ratio": 56.56,
            "inventory_turnover_ratio": 0.71,
            "account_receivable_turnover_ratio": 1.27,
            "reinvestment_rate": 77.64,
            "research_to_sale_ratio": 2.68,
            "price_fair": 61.82,
            "eps_avg_yearly": 1.77,
            "eps_latest_yearly": 2.4,
            "eps_growth_yearly": 78.12
        },
        "20141": {
            "year_quarter": 20141,
            "year": 2014,
            "quarter": 1,
            "eps": 0.68,
            "eps_growth_year": 4.62,
            "eps_4q": 2.11,
            "eps_4q_growth_year": 7.87,
            "roe": 5.23,
            "roe_4q": 17.98,
            "gross_profit": 289947,
            "gross_margin": 29.58,
            "gross_margin_4q_avg": 26.54,
            "net_income": 154445,
            "revenue": 980105,
            "common_shares": 2252971,
            "book_valuer_per_share": 13.28,
            "book_valuer_per_share_4q_avg": 12.53,
            "equity": 3045543,
            "current_ratio": 163.53,
            "debt_ratio": 54.37,
            "inventory_turnover_ratio": 0.64,
            "account_receivable_turnover_ratio": 1.19,
            "reinvestment_rate": 83.55,
            "research_to_sale_ratio": 2.7,
            "price_fair": 64.2,
            "eps_avg_yearly": 1.83,
            "eps_latest_yearly": 2.72,
            "eps_growth_yearly": 76.35
        },
        "20142": {
            "year_quarter": 20142,
            "year": 2014,
            "quarter": 2,
            "eps": 0.68,
            "eps_growth_year": 51.11,
            "eps_4q": 2.4,
            "eps_4q_growth_year": 24.62,
            "roe": 5.16,
            "roe_4q": 19.94,
            "gross_profit": 293187,
            "gross_margin": 29.05,
            "gross_margin_4q_avg": 27.89,
            "net_income": 153106,
            "revenue": 1009415,
            "common_shares": 2252971,
            "book_valuer_per_share": 12.6,
            "book_valuer_per_share_4q_avg": 12.71,
            "equity": 2888771,
            "current_ratio": 142.16,
            "debt_ratio": 57.72,
            "inventory_turnover_ratio": 0.64,
            "account_receivable_turnover_ratio": 1.22,
            "reinvestment_rate": 78.46,
            "research_to_sale_ratio": 2.75,
            "price_fair": 67.2,
            "eps_avg_yearly": 1.92,
            "eps_latest_yearly": 2.72,
            "eps_growth_yearly": 67.48
        },
        "20143": {
            "year_quarter": 20143,
            "year": 2014,
            "quarter": 3,
            "eps": 0.78,
            "eps_growth_year": 11.43,
            "eps_4q": 2.69,
            "eps_4q_growth_year": 67.09,
            "roe": 6.13,
            "roe_4q": 21.439999999999998,
            "gross_profit": 343755,
            "gross_margin": 31.48,
            "gross_margin_4q_avg": 29.19,
            "net_income": 183104,
            "revenue": 1092154,
            "common_shares": 2322403,
            "book_valuer_per_share": 13.05,
            "book_valuer_per_share_4q_avg": 12.87,
            "equity": 3082202,
            "current_ratio": 141.65,
            "debt_ratio": 57.43,
            "inventory_turnover_ratio": 0.65,
            "account_receivable_turnover_ratio": 1.21,
            "reinvestment_rate": 69.81,
            "research_to_sale_ratio": 2.79,
            "price_fair": 73.1,
            "eps_avg_yearly": 2.09,
            "eps_latest_yearly": 3.12,
            "eps_growth_yearly": 85.97
        },
        "20144": {
            "year_quarter": 20144,
            "year": 2014,
            "quarter": 4,
            "eps": 0.95,
            "eps_growth_year": 57.44,
            "eps_4q": 3.03,
            "eps_4q_growth_year": 57.75,
            "roe": 6.94,
            "roe_4q": 23.46,
            "gross_profit": 349386,
            "gross_margin": 30.72,
            "gross_margin_4q_avg": 30.21,
            "net_income": 221091,
            "revenue": 1137252,
            "common_shares": 2349565,
            "book_valuer_per_share": 13.8,
            "book_valuer_per_share_4q_avg": 13.18,
            "equity": 3293698,
            "current_ratio": 158.69,
            "debt_ratio": 55.17,
            "inventory_turnover_ratio": 0.67,
            "account_receivable_turnover_ratio": 1.21,
            "reinvestment_rate": 67.18,
            "research_to_sale_ratio": 2.57,
            "price_fair": 77.09,
            "eps_avg_yearly": 2.2,
            "eps_latest_yearly": 3.8,
            "eps_growth_yearly": 86.05
        },
        "20151": {
            "year_quarter": 20151,
            "year": 2015,
            "quarter": 1,
            "eps": 0.87,
            "eps_growth_year": 27.94,
            "eps_4q": 3.24,
            "eps_4q_growth_year": 53.41,
            "roe": 6.01,
            "roe_4q": 24.24,
            "gross_profit": 416682,
            "gross_margin": 34.58,
            "gross_margin_4q_avg": 31.46,
            "net_income": 204269,
            "revenue": 1204902,
            "common_shares": 2349565,
            "book_valuer_per_share": 14.68,
            "book_valuer_per_share_4q_avg": 13.53,
            "equity": 3499601,
            "current_ratio": 171.73,
            "debt_ratio": 57.45,
            "inventory_turnover_ratio": 0.66,
            "account_receivable_turnover_ratio": 1.16,
            "reinvestment_rate": 80.8,
            "research_to_sale_ratio": 2.37,
            "price_fair": 79.89,
            "eps_avg_yearly": 2.28,
            "eps_latest_yearly": 3.48,
            "eps_growth_yearly": 78.57
        },
        "20152": {
            "year_quarter": 20152,
            "year": 2015,
            "quarter": 2,
            "eps": 1.01,
            "eps_growth_year": 48.53,
            "eps_4q": 3.6,
            "eps_4q_growth_year": 50.14,
            "roe": 7.1,
            "roe_4q": 26.18,
            "gross_profit": 474043,
            "gross_margin": 35.73,
            "gross_margin_4q_avg": 33.13,
            "net_income": 239492,
            "revenue": 1326838,
            "common_shares": 2349565,
            "book_valuer_per_share": 13.6,
            "book_valuer_per_share_4q_avg": 13.78,
            "equity": 3247912,
            "current_ratio": 145.22,
            "debt_ratio": 62.64,
            "inventory_turnover_ratio": 0.69,
            "account_receivable_turnover_ratio": 1.14,
            "reinvestment_rate": 73.06,
            "research_to_sale_ratio": 2.12,
            "price_fair": 86.89,
            "eps_avg_yearly": 2.48,
            "eps_latest_yearly": 4.04,
            "eps_growth_yearly": 90.65
        },
        "20153": {
            "year_quarter": 20153,
            "year": 2015,
            "quarter": 3,
            "eps": 1.49,
            "eps_growth_year": 91.03,
            "eps_4q": 4.31,
            "eps_4q_growth_year": 60.56,
            "roe": 10.17,
            "roe_4q": 30.220000000000002,
            "gross_profit": 475051,
            "gross_margin": 35.76,
            "gross_margin_4q_avg": 34.2,
            "net_income": 348472,
            "revenue": 1328433,
            "common_shares": 2349565,
            "book_valuer_per_share": 15.13,
            "book_valuer_per_share_4q_avg": 14.3,
            "equity": 3607829,
            "current_ratio": 156.31,
            "debt_ratio": 58.44,
            "inventory_turnover_ratio": 0.66,
            "account_receivable_turnover_ratio": 1.08,
            "reinvestment_rate": 67.7,
            "research_to_sale_ratio": 2.27,
            "price_fair": 94.76,
            "eps_avg_yearly": 2.71,
            "eps_latest_yearly": 5.96,
            "eps_growth_yearly": 57.3
        },
        "20154": {
            "year_quarter": 20154,
            "year": 2015,
            "quarter": 4,
            "eps": 1.26,
            "eps_growth_year": 32.73,
            "eps_4q": 4.62,
            "eps_4q_growth_year": 52.66,
            "roe": 7.9,
            "roe_4q": 31.18,
            "gross_profit": 565444,
            "gross_margin": 39.3,
            "gross_margin_4q_avg": 36.34,
            "net_income": 295419,
            "revenue": 1438898,
            "common_shares": 2349565,
            "book_valuer_per_share": 16.25,
            "book_valuer_per_share_4q_avg": 14.92,
            "equity": 3868494,
            "current_ratio": 159.97,
            "debt_ratio": 56.77,
            "inventory_turnover_ratio": 0.68,
            "account_receivable_turnover_ratio": 1.16,
            "reinvestment_rate": 65.16,
            "research_to_sale_ratio": 2.04,
            "price_fair": 103.95,
            "eps_avg_yearly": 2.97,
            "eps_latest_yearly": 5.04,
            "eps_growth_yearly": 69.54
        },
        "20161": {
            "year_quarter": 20161,
            "year": 2016,
            "quarter": 1,
            "eps": 1.1,
            "eps_growth_year": 26.44,
            "eps_4q": 4.86,
            "eps_4q_growth_year": 49.85,
            "roe": 6.46,
            "roe_4q": 31.630000000000003,
            "gross_profit": 549829,
            "gross_margin": 38.5,
            "gross_margin_4q_avg": 37.32,
            "net_income": 258972,
            "revenue": 1428267,
            "common_shares": 2349565,
            "book_valuer_per_share": 17.46,
            "book_valuer_per_share_4q_avg": 15.61,
            "equity": 4153222,
            "current_ratio": 167.11,
            "debt_ratio": 57.52,
            "inventory_turnover_ratio": 0.7,
            "account_receivable_turnover_ratio": 1.21,
            "reinvestment_rate": 71.53,
            "research_to_sale_ratio": 1.96,
            "price_fair": 109.38,
            "eps_avg_yearly": 3.13,
            "eps_latest_yearly": 4.4,
            "eps_growth_yearly": 34.22
        },
        "20162": {
            "year_quarter": 20162,
            "year": 2016,
            "quarter": 2,
            "eps": 1.3,
            "eps_growth_year": 28.71,
            "eps_4q": 5.14,
            "eps_4q_growth_year": 42.67,
            "roe": 7.77,
            "roe_4q": 32.300000000000004,
            "gross_profit": 568024,
            "gross_margin": 39.16,
            "gross_margin_4q_avg": 38.18,
            "net_income": 305237,
            "revenue": 1450544,
            "common_shares": 2349565,
            "book_valuer_per_share": 15.55,
            "book_valuer_per_share_4q_avg": 16.1,
            "equity": 3701532,
            "current_ratio": 137.08,
            "debt_ratio": 62.77,
            "inventory_turnover_ratio": 0.73,
            "account_receivable_turnover_ratio": 1.29,
            "reinvestment_rate": 70.12,
            "research_to_sale_ratio": 2.05,
            "price_fair": 116.46,
            "eps_avg_yearly": 3.33,
            "eps_latest_yearly": 5.2,
            "eps_growth_yearly": 38.25
        },
        "20163": {
            "year_quarter": 20163,
            "year": 2016,
            "quarter": 3,
            "eps": 0.96,
            "eps_growth_year": -35.57,
            "eps_4q": 4.62,
            "eps_4q_growth_year": 7.13,
            "roe": 5.94,
            "roe_4q": 28.07,
            "gross_profit": 490218,
            "gross_margin": 35.16,
            "gross_margin_4q_avg": 38.03,
            "net_income": 226153,
            "revenue": 1394350,
            "common_shares": 2349565,
            "book_valuer_per_share": 16.47,
            "book_valuer_per_share_4q_avg": 16.43,
            "equity": 3918032,
            "current_ratio": 166.36,
            "debt_ratio": 59.85,
            "inventory_turnover_ratio": 0.75,
            "account_receivable_turnover_ratio": 1.4,
            "reinvestment_rate": 69.75,
            "research_to_sale_ratio": 2.12,
            "price_fair": 121.28,
            "eps_avg_yearly": 3.47,
            "eps_latest_yearly": 3.84,
            "eps_growth_yearly": 35.79
        },
        "20164": {
            "year_quarter": 20164,
            "year": 2016,
            "quarter": 4,
            "eps": 1.42,
            "eps_growth_year": 12.64,
            "eps_4q": 4.78,
            "eps_4q_growth_year": 3.38,
            "roe": 8.2,
            "roe_4q": 28.37,
            "gross_profit": 529640,
            "gross_margin": 35.12,
            "gross_margin_4q_avg": 36.99,
            "net_income": 332656,
            "revenue": 1508042,
            "common_shares": 2349565,
            "book_valuer_per_share": 17.67,
            "book_valuer_per_share_4q_avg": 16.79,
            "equity": 4200051,
            "current_ratio": 145.99,
            "debt_ratio": 61.73,
            "inventory_turnover_ratio": 0.79,
            "account_receivable_turnover_ratio": 1.42,
            "reinvestment_rate": 71.74,
            "research_to_sale_ratio": 3.95,
            "price_fair": 130.38,
            "eps_avg_yearly": 3.73,
            "eps_latest_yearly": 5.68,
            "eps_growth_yearly": 49.6
        },
        "20171": {
            "year_quarter": 20171,
            "year": 2017,
            "quarter": 1,
            "eps": 1.08,
            "eps_growth_year": -1.82,
            "eps_4q": 4.39,
            "eps_4q_growth_year": -9.64,
            "roe": 4.75,
            "roe_4q": 26.66,
            "gross_profit": 591539,
            "gross_margin": 34.8,
            "gross_margin_4q_avg": 36.06,
            "net_income": 254973,
            "revenue": 1699741,
            "common_shares": 2549565,
            "book_valuer_per_share": 25.47,
            "book_valuer_per_share_4q_avg": 18.79,
            "equity": 6541049,
            "current_ratio": 224.76,
            "debt_ratio": 47.87,
            "inventory_turnover_ratio": 0.89,
            "account_receivable_turnover_ratio": 1.3,
            "reinvestment_rate": 91.87,
            "research_to_sale_ratio": 1.58,
            "price_fair": 134.14,
            "eps_avg_yearly": 3.83,
            "eps_latest_yearly": 4.32,
            "eps_growth_yearly": 25.85
        },
        "20172": {
            "year_quarter": 20172,
            "year": 2017,
            "quarter": 2,
            "eps": 1.34,
            "eps_growth_year": 3.08,
            "eps_4q": 4.53,
            "eps_4q_growth_year": -11.86,
            "roe": 5.43,
            "roe_4q": 24.32,
            "gross_profit": 560889,
            "gross_margin": 34.13,
            "gross_margin_4q_avg": 34.8,
            "net_income": 341107,
            "revenue": 1643293,
            "common_shares": 2549565,
            "book_valuer_per_share": 23.4,
            "book_valuer_per_share_4q_avg": 20.75,
            "equity": 6015436,
            "current_ratio": 126.16,
            "debt_ratio": 50.03,
            "inventory_turnover_ratio": 0.82,
            "account_receivable_turnover_ratio": 1.15,
            "reinvestment_rate": 95.55,
            "research_to_sale_ratio": 2.32,
            "price_fair": 141.93,
            "eps_avg_yearly": 4.06,
            "eps_latest_yearly": 5.36,
            "eps_growth_yearly": 39.56
        },
        "20173": {
            "year_quarter": 20173,
            "year": 2017,
            "quarter": 3,
            "eps": 1.23,
            "eps_growth_year": 28.12,
            "eps_4q": 4.88,
            "eps_4q_growth_year": 5.59,
            "roe": 5.12,
            "roe_4q": 23.5,
            "gross_profit": 579058,
            "gross_margin": 33.73,
            "gross_margin_4q_avg": 34.45,
            "net_income": 316085,
            "revenue": 1716500,
            "common_shares": 2549565,
            "book_valuer_per_share": 24.63,
            "book_valuer_per_share_4q_avg": 22.79,
            "equity": 6328751,
            "current_ratio": 120.28,
            "debt_ratio": 51.69,
            "inventory_turnover_ratio": 0.75,
            "account_receivable_turnover_ratio": 1.08,
            "reinvestment_rate": 100.13,
            "research_to_sale_ratio": 2.23,
            "price_fair": 140.78,
            "eps_avg_yearly": 4.19,
            "eps_latest_yearly": 4.92,
            "eps_growth_yearly": 23.62
        },
        "20174": {
            "year_quarter": 20174,
            "year": 2017,
            "quarter": 4,
            "eps": 1.15,
            "eps_growth_year": -18.93,
            "eps_4q": 4.72,
            "eps_4q_growth_year": -1.21,
            "roe": 4.51,
            "roe_4q": 19.81,
            "gross_profit": 538333,
            "gross_margin": 32.44,
            "gross_margin_4q_avg": 33.78,
            "net_income": 292264,
            "revenue": 1659598,
            "common_shares": 2549565,
            "book_valuer_per_share": 25.77,
            "book_valuer_per_share_4q_avg": 24.82,
            "equity": 6619799,
            "current_ratio": 126.54,
            "debt_ratio": 53.46,
            "inventory_turnover_ratio": 0.69,
            "account_receivable_turnover_ratio": 0.97,
            "reinvestment_rate": 115.32,
            "research_to_sale_ratio": 1.4,
            "price_fair": 151.38,
            "eps_avg_yearly": 4.33,
            "eps_latest_yearly": 4.6,
            "eps_growth_yearly": 25.56
        },
        "20181": {
            "year_quarter": 20181,
            "year": 2018,
            "quarter": 1,
            "eps": 1.1,
            "eps_growth_year": 1.85,
            "eps_4q": 4.81,
            "eps_4q_growth_year": 9.65,
            "roe": 4.14,
            "roe_4q": 19.2,
            "gross_profit": 586937,
            "gross_margin": 33.2,
            "gross_margin_4q_avg": 33.38,
            "net_income": 280184,
            "revenue": 1768117,
            "common_shares": 2549565,
            "book_valuer_per_share": 26.89,
            "book_valuer_per_share_4q_avg": 25.17,
            "equity": 6909062,
            "current_ratio": 125.85,
            "debt_ratio": 52.67,
            "inventory_turnover_ratio": 0.71,
            "account_receivable_turnover_ratio": 0.92,
            "reinvestment_rate": 112.38,
            "research_to_sale_ratio": 1.59,
            "price_fair": 137.97,
            "eps_avg_yearly": 4.43,
            "eps_latest_yearly": 4.4,
            "eps_growth_yearly": 21.14
        },
        "20182": {
            "year_quarter": 20182,
            "year": 2018,
            "quarter": 2,
            "eps": 1.41,
            "eps_growth_year": 5.22,
            "eps_4q": 4.88,
            "eps_4q_growth_year": 7.66,
            "roe": 5.4,
            "roe_4q": 19.169999999999998,
            "gross_profit": 555317,
            "gross_margin": 30.79,
            "gross_margin_4q_avg": 32.54,
            "net_income": 358028,
            "revenue": 1803580,
            "common_shares": 2549565,
            "book_valuer_per_share": 24.66,
            "book_valuer_per_share_4q_avg": 25.49,
            "equity": 6341024,
            "current_ratio": 113.73,
            "debt_ratio": 57.82,
            "inventory_turnover_ratio": 0.75,
            "account_receivable_turnover_ratio": 0.81,
            "reinvestment_rate": 109.76,
            "research_to_sale_ratio": 1.88,
            "price_fair": 161.44,
            "eps_avg_yearly": 4.61,
            "eps_latest_yearly": 5.64,
            "eps_growth_yearly": 28.19
        },
        "20183": {
            "year_quarter": 20183,
            "year": 2018,
            "quarter": 3,
            "eps": 1.33,
            "eps_growth_year": 8.13,
            "eps_4q": 4.98,
            "eps_4q_growth_year": 2.04,
            "roe": 5.29,
            "roe_4q": 19.340000000000003,
            "gross_profit": 605660,
            "gross_margin": 32.23,
            "gross_margin_4q_avg": 32.17,
            "net_income": 342875,
            "revenue": 1879244,
            "common_shares": 2549565,
            "book_valuer_per_share": 25.72,
            "book_valuer_per_share_4q_avg": 25.76,
            "equity": 6613714,
            "current_ratio": 138.28,
            "debt_ratio": 57.04,
            "inventory_turnover_ratio": 0.77,
            "account_receivable_turnover_ratio": 0.8,
            "reinvestment_rate": 112.55,
            "research_to_sale_ratio": 1.58,
            "price_fair": 157.2,
            "eps_avg_yearly": 4.75,
            "eps_latest_yearly": 5.32,
            "eps_growth_yearly": 23.09
        },
        "20184": {
            "year_quarter": 20184,
            "year": 2018,
            "quarter": 4,
            "eps": 1.02,
            "eps_growth_year": -11.12,
            "eps_4q": 4.85,
            "eps_4q_growth_year": 2.73,
            "roe": 3.85,
            "roe_4q": 18.68,
            "gross_profit": 505003,
            "gross_margin": 29.67,
            "gross_margin_4q_avg": 31.47,
            "net_income": 259324,
            "revenue": 1702095,
            "common_shares": 2549565,
            "book_valuer_per_share": 26.74,
            "book_valuer_per_share_4q_avg": 26,
            "equity": 6870794,
            "current_ratio": 129.37,
            "debt_ratio": 55.89,
            "inventory_turnover_ratio": 0.7,
            "account_receivable_turnover_ratio": 0.77,
            "reinvestment_rate": 113.36,
            "research_to_sale_ratio": 1.86,
            "price_fair": 104.02,
            "eps_avg_yearly": 4.77,
            "eps_latest_yearly": 4.08,
            "eps_growth_yearly": 11.82
        },
        "20191": {
            "year_quarter": 20191,
            "year": 2019,
            "quarter": 1,
            "eps": 0.75,
            "eps_growth_year": -31.82,
            "eps_4q": 4.51,
            "eps_4q_growth_year": -6.3,
            "roe": 2.77,
            "roe_4q": 17.310000000000002,
            "gross_profit": 432397,
            "gross_margin": 29.22,
            "gross_margin_4q_avg": 30.48,
            "net_income": 192946,
            "revenue": 1479919,
            "common_shares": 2549565,
            "book_valuer_per_share": 27.49,
            "book_valuer_per_share_4q_avg": 26.15,
            "equity": 7064095,
            "current_ratio": 118.62,
            "debt_ratio": 55.98,
            "inventory_turnover_ratio": 0.57,
            "account_receivable_turnover_ratio": 0.69,
            "reinvestment_rate": 110.22,
            "research_to_sale_ratio": 2.31,
            "price_fair": 81.99,
            "eps_avg_yearly": 4.74,
            "eps_latest_yearly": 3,
            "eps_growth_yearly": 7.31
        },
        "20192": {
            "year_quarter": 20192,
            "year": 2019,
            "quarter": 2,
            "eps": 0.75,
            "eps_growth_year": -46.81,
            "eps_4q": 3.86,
            "eps_4q_growth_year": -20.97,
            "roe": 2.86,
            "roe_4q": 14.77,
            "gross_profit": 405665,
            "gross_margin": 26.95,
            "gross_margin_4q_avg": 29.52,
            "net_income": 191738,
            "revenue": 1505289,
            "common_shares": 2549565,
            "book_valuer_per_share": 24.69,
            "book_valuer_per_share_4q_avg": 26.16,
            "equity": 6349715,
            "current_ratio": 112.12,
            "debt_ratio": 61.65,
            "inventory_turnover_ratio": 0.58,
            "account_receivable_turnover_ratio": 0.65,
            "reinvestment_rate": 122.77,
            "research_to_sale_ratio": 2.62,
            "price_fair": 62.07,
            "eps_avg_yearly": 4.67,
            "eps_latest_yearly": 3,
            "eps_growth_yearly": 3.28
        },
        "20193": {
            "year_quarter": 20193,
            "year": 2019,
            "quarter": 3,
            "eps": 0.71,
            "eps_growth_year": -46.62,
            "eps_4q": 3.23,
            "eps_4q_growth_year": -35.11,
            "roe": 2.84,
            "roe_4q": 12.319999999999999,
            "gross_profit": 436052,
            "gross_margin": 28.49,
            "gross_margin_4q_avg": 28.58,
            "net_income": 183061,
            "revenue": 1530593,
            "common_shares": 2549565,
            "book_valuer_per_share": 25.4,
            "book_valuer_per_share_4q_avg": 26.08,
            "equity": 6532493,
            "current_ratio": 114.04,
            "debt_ratio": 61.54,
            "inventory_turnover_ratio": 0.58,
            "account_receivable_turnover_ratio": 0.63,
            "reinvestment_rate": 131.22,
            "research_to_sale_ratio": 2.45,
            "price_fair": 13.43,
            "eps_avg_yearly": 4.48,
            "eps_latest_yearly": 2.84,
            "eps_growth_yearly": -9.93
        },
        "20194": {
            "year_quarter": 20194,
            "year": 2019,
            "quarter": 4,
            "eps": 0.34,
            "eps_growth_year": -67.08,
            "eps_4q": 2.55,
            "eps_4q_growth_year": -47.52,
            "roe": 1.3,
            "roe_4q": 9.77,
            "gross_profit": 398246,
            "gross_margin": 27.42,
            "gross_margin_4q_avg": 28.02,
            "net_income": 85304,
            "revenue": 1452546,
            "common_shares": 2549565,
            "book_valuer_per_share": 25.76,
            "book_valuer_per_share_4q_avg": 25.84,
            "equity": 6624928,
            "current_ratio": 106.19,
            "debt_ratio": 61.38,
            "inventory_turnover_ratio": 0.56,
            "account_receivable_turnover_ratio": 0.61,
            "reinvestment_rate": 146.28,
            "research_to_sale_ratio": 2.3,
            "price_fair": 12.74,
            "eps_avg_yearly": 4.25,
            "eps_latest_yearly": 1.36,
            "eps_growth_yearly": -19.1
        },
        "20201": {
            "year_quarter": 20201,
            "year": 2020,
            "quarter": 1,
            "eps": 0.56,
            "eps_growth_year": -25.33,
            "eps_4q": 2.36,
            "eps_4q_growth_year": -47.72,
            "roe": 2.16,
            "roe_4q": 9.16,
            "gross_profit": 372638,
            "gross_margin": 26.42,
            "gross_margin_4q_avg": 27.32,
            "net_income": 143825,
            "revenue": 1410655,
            "common_shares": 2549565,
            "book_valuer_per_share": 26.1,
            "book_valuer_per_share_4q_avg": 25.49,
            "equity": 6702913,
            "current_ratio": 116.04,
            "debt_ratio": 61.69,
            "inventory_turnover_ratio": 0.55,
            "account_receivable_turnover_ratio": 0.61,
            "reinvestment_rate": 153.29,
            "research_to_sale_ratio": 2.07,
            "price_fair": 41.13,
            "eps_avg_yearly": 4.11,
            "eps_latest_yearly": 2.24,
            "eps_growth_yearly": 0.25
        },
        "20202": {
            "year_quarter": 20202,
            "year": 2020,
            "quarter": 2,
            "eps": -0.09,
            "eps_growth_year": -112,
            "eps_4q": 1.52,
            "eps_4q_growth_year": -60.53,
            "roe": -0.38,
            "roe_4q": 5.92,
            "gross_profit": 129790,
            "gross_margin": 16.69,
            "gross_margin_4q_avg": 24.76,
            "net_income": -24362,
            "revenue": 777656,
            "common_shares": 2549565,
            "book_valuer_per_share": 24.3,
            "book_valuer_per_share_4q_avg": 25.39,
            "equity": 6239727,
            "current_ratio": 94.62,
            "debt_ratio": 64.05,
            "inventory_turnover_ratio": 0.32,
            "account_receivable_turnover_ratio": 0.37,
            "reinvestment_rate": 164.07,
            "research_to_sale_ratio": 3.01,
            "price_fair": 12.12,
            "eps_avg_yearly": 4.04,
            "eps_latest_yearly": 2.24,
            "eps_growth_yearly": -4.58
        },
        "20203": {
            "year_quarter": 20203,
            "year": 2020,
            "quarter": 3,
            "eps": 0.17,
            "eps_growth_year": -76.06,
            "eps_4q": 0.98,
            "eps_4q_growth_year": -69.75,
            "roe": 0.68,
            "roe_4q": 3.76,
            "gross_profit": 270263,
            "gross_margin": 20.8,
            "gross_margin_4q_avg": 22.83,
            "net_income": 42255,
            "revenue": 1299163,
            "common_shares": 2545175,
            "book_valuer_per_share": 24.34,
            "book_valuer_per_share_4q_avg": 25.13,
            "equity": 6247626,
            "current_ratio": 87.1,
            "debt_ratio": 65.08,
            "inventory_turnover_ratio": 0.5,
            "account_receivable_turnover_ratio": 0.64,
            "reinvestment_rate": 170.95,
            "research_to_sale_ratio": 1.72,
            "price_fair": 50.94,
            "eps_avg_yearly": 4.05,
            "eps_latest_yearly": 2.24,
            "eps_growth_yearly": 2.56
        },
        "20204": {
            "year_quarter": 20204,
            "year": 2020,
            "quarter": 4,
            "eps": 0.48,
            "eps_growth_year": 43.76,
            "eps_4q": 1.12,
            "eps_4q_growth_year": -55.85,
            "roe": 1.96,
            "roe_4q": 4.42,
            "gross_profit": 400127,
            "gross_margin": 23.22,
            "gross_margin_4q_avg": 21.78,
            "net_income": 123842,
            "revenue": 1723568,
            "common_shares": 2545175,
            "book_valuer_per_share": 24.96,
            "book_valuer_per_share_4q_avg": 24.93,
            "equity": 6407043,
            "current_ratio": 84.18,
            "debt_ratio": 65.09,
            "inventory_turnover_ratio": 0.67,
            "account_receivable_turnover_ratio": 0.77,
            "reinvestment_rate": 179.47,
            "research_to_sale_ratio": 1.95,
            "price_fair": 132.5,
            "eps_avg_yearly": 3.79,
            "eps_latest_yearly": 1.92,
            "eps_growth_yearly": 40.97
        },
        "20211": {
            "year_quarter": 20211,
            "year": 2021,
            "quarter": 1,
            "eps": 0.2,
            "eps_growth_year": -64.29,
            "eps_4q": 0.71,
            "eps_4q_growth_year": -70.08,
            "roe": 0.72,
            "roe_4q": 2.98,
            "gross_profit": 361746,
            "gross_margin": 23,
            "gross_margin_4q_avg": 20.93,
            "net_income": 54313,
            "revenue": 1572673,
            "common_shares": 2795175,
            "book_valuer_per_share": 31.05,
            "book_valuer_per_share_4q_avg": 26.16,
            "equity": 8731775,
            "current_ratio": 143.64,
            "debt_ratio": 52.46,
            "inventory_turnover_ratio": 0.64,
            "account_receivable_turnover_ratio": 0.7,
            "reinvestment_rate": 162.3,
            "research_to_sale_ratio": 2.03,
            "price_fair": 123.7,
            "eps_avg_yearly": 3.53,
            "eps_latest_yearly": 0.8,
            "eps_growth_yearly": 31.15
        },
        "20212": {
            "year_quarter": 20212,
            "year": 2021,
            "quarter": 2,
            "eps": 0.32,
            "eps_growth_year": null,
            "eps_4q": 1.11,
            "eps_4q_growth_year": -27.31,
            "roe": 1,
            "roe_4q": 4.359999999999999,
            "gross_profit": 390132,
            "gross_margin": 23.27,
            "gross_margin_4q_avg": 22.57,
            "net_income": 87919,
            "revenue": 1676251,
            "common_shares": 2795175,
            "book_valuer_per_share": 31.36,
            "book_valuer_per_share_4q_avg": 27.93,
            "equity": 8819328,
            "current_ratio": 138.28,
            "debt_ratio": 53.21,
            "inventory_turnover_ratio": 0.64,
            "account_receivable_turnover_ratio": 0.72,
            "reinvestment_rate": 167.21,
            "research_to_sale_ratio": 1.52,
            "price_fair": 113.5,
            "eps_avg_yearly": 3.24,
            "eps_latest_yearly": 1.28,
            "eps_growth_yearly": 41.41
        },
        "20213": {
            "year_quarter": 20213,
            "year": 2021,
            "quarter": 3,
            "eps": 0.65,
            "eps_growth_year": 282.35,
            "eps_4q": 1.61,
            "eps_4q_growth_year": 64.5,
            "roe": 2.09,
            "roe_4q": 5.77,
            "gross_profit": 529630,
            "gross_margin": 30.13,
            "gross_margin_4q_avg": 24.91,
            "net_income": 182492,
            "revenue": 1758091,
            "common_shares": 2795175,
            "book_valuer_per_share": 30.79,
            "book_valuer_per_share_4q_avg": 29.54,
            "equity": 8662499,
            "current_ratio": 114.42,
            "debt_ratio": 56.93,
            "inventory_turnover_ratio": 0.53,
            "account_receivable_turnover_ratio": 0.72,
            "reinvestment_rate": 167.1,
            "research_to_sale_ratio": 1.62,
            "price_fair": 107.7,
            "eps_avg_yearly": 3.08,
            "eps_latest_yearly": 2.6,
            "eps_growth_yearly": 73.22
        },
        "20214": {
            "year_quarter": 20214,
            "year": 2021,
            "quarter": 4,
            "eps": 0.06,
            "eps_growth_year": -88.61,
            "eps_4q": 1.22,
            "eps_4q_growth_year": 8.79,
            "roe": 0.18,
            "roe_4q": 3.99,
            "gross_profit": 400155,
            "gross_margin": 23.83,
            "gross_margin_4q_avg": 25.06,
            "net_income": 15919,
            "revenue": 1679349,
            "common_shares": 2795175,
            "book_valuer_per_share": 30.85,
            "book_valuer_per_share_4q_avg": 31.01,
            "equity": 8744128,
            "current_ratio": 107.58,
            "debt_ratio": 58.57,
            "inventory_turnover_ratio": 0.45,
            "account_receivable_turnover_ratio": 0.65,
            "reinvestment_rate": 182.01,
            "research_to_sale_ratio": 1.66,
            "price_fair": 96.8,
            "eps_avg_yearly": 2.77,
            "eps_latest_yearly": 0.24,
            "eps_growth_yearly": 49.15
        },
        "20221": {
            "year_quarter": 20221,
            "year": 2022,
            "quarter": 1,
            "eps": 0.1,
            "eps_growth_year": -50,
            "eps_4q": 1.12,
            "eps_4q_growth_year": 59.25,
            "roe": 0.32,
            "roe_4q": 3.59,
            "gross_profit": 287561,
            "gross_margin": 18.14,
            "gross_margin_4q_avg": 23.84,
            "net_income": 28404,
            "revenue": 1584839,
            "common_shares": 2795175,
            "book_valuer_per_share": 31,
            "book_valuer_per_share_4q_avg": 31,
            "equity": 8786393,
            "current_ratio": 116.6,
            "debt_ratio": 58.18,
            "inventory_turnover_ratio": 0.4,
            "account_receivable_turnover_ratio": 0.6,
            "reinvestment_rate": 200.8,
            "research_to_sale_ratio": 1.66,
            "price_fair": 86.8,
            "eps_avg_yearly": 2.48,
            "eps_latest_yearly": 0.4,
            "eps_growth_yearly": 69.44
        },
        "20222": {
            "year_quarter": 20222,
            "year": 2022,
            "quarter": 2,
            "eps": 0.67,
            "eps_growth_year": 109.38,
            "eps_4q": 1.47,
            "eps_4q_growth_year": 33.04,
            "roe": 2.17,
            "roe_4q": 4.76,
            "gross_profit": 473015,
            "gross_margin": 24.5,
            "gross_margin_4q_avg": 24.15,
            "net_income": 188353,
            "revenue": 1930317,
            "common_shares": 2795175,
            "book_valuer_per_share": 30.16,
            "book_valuer_per_share_4q_avg": 30.7,
            "equity": 8554547,
            "current_ratio": 117.07,
            "debt_ratio": 60.69,
            "inventory_turnover_ratio": 0.42,
            "account_receivable_turnover_ratio": 0.69,
            "reinvestment_rate": 229.76,
            "research_to_sale_ratio": 1.32,
            "price_fair": 79.4,
            "eps_avg_yearly": 2.27,
            "eps_latest_yearly": 2.68,
            "eps_growth_yearly": 224.24
        },
        "20223": {
            "year_quarter": 20223,
            "year": 2022,
            "quarter": 3,
            "eps": 1.17,
            "eps_growth_year": 80,
            "eps_4q": 1.98,
            "eps_4q_growth_year": 23.41,
            "roe": 3.75,
            "roe_4q": 6.42,
            "gross_profit": 538075,
            "gross_margin": 26.65,
            "gross_margin_4q_avg": 23.28,
            "net_income": 328105,
            "revenue": 2018838,
            "common_shares": 2795175,
            "book_valuer_per_share": 31.47,
            "book_valuer_per_share_4q_avg": 30.87,
            "equity": 8921349,
            "current_ratio": 115.22,
            "debt_ratio": 60.29,
            "inventory_turnover_ratio": 0.42,
            "account_receivable_turnover_ratio": 0.64,
            "reinvestment_rate": 234.24,
            "research_to_sale_ratio": 1.37,
            "price_fair": 77.8,
            "eps_avg_yearly": 2.22,
            "eps_latest_yearly": 4.68,
            "eps_growth_yearly": 247.19
        },
        "20224": {
            "year_quarter": 20224,
            "year": 2022,
            "quarter": 4,
            "eps": 0.3,
            "eps_growth_year": 450.41,
            "eps_4q": 2.23,
            "eps_4q_growth_year": 82.54,
            "roe": 0.94,
            "roe_4q": 7.18,
            "gross_profit": 396910,
            "gross_margin": 21.99,
            "gross_margin_4q_avg": 22.82,
            "net_income": 84211,
            "revenue": 1805171,
            "common_shares": 2795175,
            "book_valuer_per_share": 31.66,
            "book_valuer_per_share_4q_avg": 31.07,
            "equity": 8975660,
            "current_ratio": 121.67,
            "debt_ratio": 60.85,
            "inventory_turnover_ratio": 0.41,
            "account_receivable_turnover_ratio": 0.58,
            "reinvestment_rate": 253.04,
            "research_to_sale_ratio": 1.46,
            "price_fair": 70.6,
            "eps_avg_yearly": 2.02,
            "eps_latest_yearly": 1.2,
            "eps_growth_yearly": 232.6
        },
        "20231": {
            "year_quarter": 20231,
            "year": 2023,
            "quarter": 1,
            "eps": 0.3,
            "eps_growth_year": 200,
            "eps_4q": 2.43,
            "eps_4q_growth_year": 116.32,
            "roe": 0.92,
            "roe_4q": 7.779999999999999,
            "gross_profit": 331308,
            "gross_margin": 19.34,
            "gross_margin_4q_avg": 23.12,
            "net_income": 83142,
            "revenue": 1713514,
            "common_shares": 2795175,
            "book_valuer_per_share": 31.96,
            "book_valuer_per_share_4q_avg": 31.31,
            "equity": 9058623,
            "current_ratio": 120.67,
            "debt_ratio": 60.1,
            "inventory_turnover_ratio": 0.39,
            "account_receivable_turnover_ratio": 0.59,
            "reinvestment_rate": 259.14,
            "research_to_sale_ratio": 1.42,
            "price_fair": 66.1,
            "eps_avg_yearly": 1.89,
            "eps_latest_yearly": 1.2,
            "eps_growth_yearly": 240.16
        }
    },
    "months": {
        "2001-09": {
            "month": "2001-09",
            "price": "8.15",
            "revenue": 70677
        },
        "2001-10": {
            "month": "2001-10",
            "price": "7.73",
            "revenue": 61458
        },
        "2001-11": {
            "month": "2001-11",
            "price": "6.78",
            "revenue": 53860
        },
        "2001-12": {
            "month": "2001-12",
            "price": "8.44",
            "revenue": 41944
        },
        "2002-01": {
            "month": "2002-01",
            "price": "9.57",
            "revenue": 46270
        },
        "2002-02": {
            "month": "2002-02",
            "price": "9.86",
            "revenue": 42375
        },
        "2002-03": {
            "month": "2002-03",
            "price": "12.09",
            "revenue": 61135
        },
        "2002-04": {
            "month": "2002-04",
            "price": "20.33",
            "revenue": 60660
        },
        "2002-05": {
            "month": "2002-05",
            "price": "21.45",
            "revenue": 61346
        },
        "2002-06": {
            "month": "2002-06",
            "price": "21.13",
            "revenue": 58079
        },
        "2002-07": {
            "month": "2002-07",
            "price": "20.20",
            "revenue": 61264
        },
        "2002-08": {
            "month": "2002-08",
            "price": "13.33",
            "revenue": 70632
        },
        "2002-09": {
            "month": "2002-09",
            "price": "13.96",
            "revenue": 75181
        },
        "2002-10": {
            "month": "2002-10",
            "price": "15.18",
            "revenue": 80367
        },
        "2002-11": {
            "month": "2002-11",
            "price": "17.33",
            "revenue": 82446
        },
        "2002-12": {
            "month": "2002-12",
            "price": "20.52",
            "revenue": 81761
        },
        "2003-01": {
            "month": "2003-01",
            "price": "23.43",
            "revenue": 81152
        },
        "2003-02": {
            "month": "2003-02",
            "price": "22.36",
            "revenue": 59967
        },
        "2003-03": {
            "month": "2003-03",
            "price": "22.87",
            "revenue": 84171
        },
        "2003-04": {
            "month": "2003-04",
            "price": "22.08",
            "revenue": 80616
        },
        "2003-05": {
            "month": "2003-05",
            "price": "21.76",
            "revenue": 85465
        },
        "2003-06": {
            "month": "2003-06",
            "price": "22.94",
            "revenue": 81329
        },
        "2003-07": {
            "month": "2003-07",
            "price": "21.60",
            "revenue": 86820
        },
        "2003-08": {
            "month": "2003-08",
            "price": "21.50",
            "revenue": 80246
        },
        "2003-09": {
            "month": "2003-09",
            "price": "19.72",
            "revenue": 80375
        },
        "2003-10": {
            "month": "2003-10",
            "price": "19.48",
            "revenue": 80608
        },
        "2003-11": {
            "month": "2003-11",
            "price": "20.41",
            "revenue": 89731
        },
        "2003-12": {
            "month": "2003-12",
            "price": "20.63",
            "revenue": 91861
        },
        "2004-01": {
            "month": "2004-01",
            "price": "21.61",
            "revenue": 84440
        },
        "2004-02": {
            "month": "2004-02",
            "price": "23.54",
            "revenue": 91687
        },
        "2004-03": {
            "month": "2004-03",
            "price": "23.99",
            "revenue": 106625
        },
        "2004-04": {
            "month": "2004-04",
            "price": "23.64",
            "revenue": 121909
        },
        "2004-05": {
            "month": "2004-05",
            "price": "23.04",
            "revenue": 121684
        },
        "2004-06": {
            "month": "2004-06",
            "price": "21.32",
            "revenue": 108620
        },
        "2004-07": {
            "month": "2004-07",
            "price": "19.15",
            "revenue": 140718
        },
        "2004-08": {
            "month": "2004-08",
            "price": "17.50",
            "revenue": 147453
        },
        "2004-09": {
            "month": "2004-09",
            "price": "21.02",
            "revenue": 154595
        },
        "2004-10": {
            "month": "2004-10",
            "price": "21.60",
            "revenue": 157780
        },
        "2004-11": {
            "month": "2004-11",
            "price": "21.15",
            "revenue": 159174
        },
        "2004-12": {
            "month": "2004-12",
            "price": "21.80",
            "revenue": 149184
        },
        "2005-01": {
            "month": "2005-01",
            "price": "22.33",
            "revenue": 176836
        },
        "2005-02": {
            "month": "2005-02",
            "price": "26.36",
            "revenue": 128705
        },
        "2005-03": {
            "month": "2005-03",
            "price": "30.63",
            "revenue": 180482
        },
        "2005-04": {
            "month": "2005-04",
            "price": "34.04",
            "revenue": 173130
        },
        "2005-05": {
            "month": "2005-05",
            "price": "32.70",
            "revenue": 184151
        },
        "2005-06": {
            "month": "2005-06",
            "price": "31.15",
            "revenue": 131420
        },
        "2005-07": {
            "month": "2005-07",
            "price": "30.85",
            "revenue": 165555
        },
        "2005-08": {
            "month": "2005-08",
            "price": "32.98",
            "revenue": 171805
        },
        "2005-09": {
            "month": "2005-09",
            "price": "35.87",
            "revenue": 180562
        },
        "2005-10": {
            "month": "2005-10",
            "price": "35.34",
            "revenue": 172092
        },
        "2005-11": {
            "month": "2005-11",
            "price": "34.59",
            "revenue": 175322
        },
        "2005-12": {
            "month": "2005-12",
            "price": "35.81",
            "revenue": 154588
        },
        "2006-01": {
            "month": "2006-01",
            "price": "40.34",
            "revenue": 156039
        },
        "2006-02": {
            "month": "2006-02",
            "price": "40.37",
            "revenue": 150985
        },
        "2006-03": {
            "month": "2006-03",
            "price": "40.27",
            "revenue": 187197
        },
        "2006-04": {
            "month": "2006-04",
            "price": "44.17",
            "revenue": 151415
        },
        "2006-05": {
            "month": "2006-05",
            "price": "45.36",
            "revenue": 154236
        },
        "2006-06": {
            "month": "2006-06",
            "price": "45.26",
            "revenue": 141823
        },
        "2006-07": {
            "month": "2006-07",
            "price": "46.04",
            "revenue": 191187
        },
        "2006-08": {
            "month": "2006-08",
            "price": "45.67",
            "revenue": 200240
        },
        "2006-09": {
            "month": "2006-09",
            "price": "45.00",
            "revenue": 170581
        },
        "2006-10": {
            "month": "2006-10",
            "price": "46.37",
            "revenue": 181458
        },
        "2006-11": {
            "month": "2006-11",
            "price": "50.02",
            "revenue": 200838
        },
        "2006-12": {
            "month": "2006-12",
            "price": "49.61",
            "revenue": 151152
        },
        "2007-01": {
            "month": "2007-01",
            "price": "48.78",
            "revenue": 210824
        },
        "2007-02": {
            "month": "2007-02",
            "price": "49.71",
            "revenue": 144460
        },
        "2007-03": {
            "month": "2007-03",
            "price": "46.90",
            "revenue": 203460
        },
        "2007-04": {
            "month": "2007-04",
            "price": "48.02",
            "revenue": 186771
        },
        "2007-05": {
            "month": "2007-05",
            "price": "47.28",
            "revenue": 193901
        },
        "2007-06": {
            "month": "2007-06",
            "price": "47.00",
            "revenue": 162517
        },
        "2007-07": {
            "month": "2007-07",
            "price": "47.73",
            "revenue": 220204
        },
        "2007-08": {
            "month": "2007-08",
            "price": "46.01",
            "revenue": 221633
        },
        "2007-09": {
            "month": "2007-09",
            "price": "44.14",
            "revenue": 161469
        },
        "2007-10": {
            "month": "2007-10",
            "price": "42.44",
            "revenue": 218262
        },
        "2007-11": {
            "month": "2007-11",
            "price": "38.61",
            "revenue": 205469
        },
        "2007-12": {
            "month": "2007-12",
            "price": "37.50",
            "revenue": 178937
        },
        "2008-01": {
            "month": "2008-01",
            "price": "37.83",
            "revenue": 180571
        },
        "2008-02": {
            "month": "2008-02",
            "price": "37.06",
            "revenue": 181447
        },
        "2008-03": {
            "month": "2008-03",
            "price": "38.15",
            "revenue": 254448
        },
        "2008-04": {
            "month": "2008-04",
            "price": "37.30",
            "revenue": 220783
        },
        "2008-05": {
            "month": "2008-05",
            "price": "37.76",
            "revenue": 260597
        },
        "2008-06": {
            "month": "2008-06",
            "price": "36.15",
            "revenue": 211266
        },
        "2008-07": {
            "month": "2008-07",
            "price": "32.28",
            "revenue": 219315
        },
        "2008-08": {
            "month": "2008-08",
            "price": "29.86",
            "revenue": 206203
        },
        "2008-09": {
            "month": "2008-09",
            "price": "24.57",
            "revenue": 157787
        },
        "2008-10": {
            "month": "2008-10",
            "price": "18.84",
            "revenue": 165552
        },
        "2008-11": {
            "month": "2008-11",
            "price": "14.05",
            "revenue": 122082
        },
        "2008-12": {
            "month": "2008-12",
            "price": "11.52",
            "revenue": 109790
        },
        "2009-01": {
            "month": "2009-01",
            "price": "9.10",
            "revenue": 90892
        },
        "2009-02": {
            "month": "2009-02",
            "price": "8.74",
            "revenue": 103641
        },
        "2009-03": {
            "month": "2009-03",
            "price": "10.06",
            "revenue": 86717
        },
        "2009-04": {
            "month": "2009-04",
            "price": "12.30",
            "revenue": 106210
        },
        "2009-05": {
            "month": "2009-05",
            "price": "10.72",
            "revenue": 95667
        },
        "2009-06": {
            "month": "2009-06",
            "price": "9.84",
            "revenue": 93021
        },
        "2009-07": {
            "month": "2009-07",
            "price": "9.36",
            "revenue": 79518
        },
        "2009-08": {
            "month": "2009-08",
            "price": "10.47",
            "revenue": 91880
        },
        "2009-09": {
            "month": "2009-09",
            "price": "9.28",
            "revenue": 105453
        },
        "2009-10": {
            "month": "2009-10",
            "price": "9.58",
            "revenue": 109607
        },
        "2009-11": {
            "month": "2009-11",
            "price": "11.87",
            "revenue": 124467
        },
        "2009-12": {
            "month": "2009-12",
            "price": "12.95",
            "revenue": 157454
        },
        "2010-01": {
            "month": "2010-01",
            "price": "14.74",
            "revenue": 182626
        },
        "2010-02": {
            "month": "2010-02",
            "price": "13.98",
            "revenue": 133791
        },
        "2010-03": {
            "month": "2010-03",
            "price": "14.82",
            "revenue": 190571
        },
        "2010-04": {
            "month": "2010-04",
            "price": "16.09",
            "revenue": 169346
        },
        "2010-05": {
            "month": "2010-05",
            "price": "14.56",
            "revenue": 178268
        },
        "2010-06": {
            "month": "2010-06",
            "price": "13.82",
            "revenue": 213500
        },
        "2010-07": {
            "month": "2010-07",
            "price": "14.15",
            "revenue": 217404
        },
        "2010-08": {
            "month": "2010-08",
            "price": "15.58",
            "revenue": 230440
        },
        "2010-09": {
            "month": "2010-09",
            "price": "14.16",
            "revenue": 199825
        },
        "2010-10": {
            "month": "2010-10",
            "price": "15.10",
            "revenue": 204474
        },
        "2010-11": {
            "month": "2010-11",
            "price": "15.06",
            "revenue": 220564
        },
        "2010-12": {
            "month": "2010-12",
            "price": "15.29",
            "revenue": 216286
        },
        "2011-01": {
            "month": "2011-01",
            "price": "15.86",
            "revenue": 200022
        },
        "2011-02": {
            "month": "2011-02",
            "price": "14.90",
            "revenue": 165160
        },
        "2011-03": {
            "month": "2011-03",
            "price": "15.68",
            "revenue": 237085
        },
        "2011-04": {
            "month": "2011-04",
            "price": "15.51",
            "revenue": 217498
        },
        "2011-05": {
            "month": "2011-05",
            "price": "15.13",
            "revenue": 207568
        },
        "2011-06": {
            "month": "2011-06",
            "price": "14.67",
            "revenue": 212780
        },
        "2011-07": {
            "month": "2011-07",
            "price": "13.82",
            "revenue": 232226
        },
        "2011-08": {
            "month": "2011-08",
            "price": "12.48",
            "revenue": 285352
        },
        "2011-09": {
            "month": "2011-09",
            "price": "12.50",
            "revenue": 226826
        },
        "2011-10": {
            "month": "2011-10",
            "price": "12.50",
            "revenue": 202591
        },
        "2011-11": {
            "month": "2011-11",
            "price": "11.91",
            "revenue": 222164
        },
        "2011-12": {
            "month": "2011-12",
            "price": "10.42",
            "revenue": 245303
        },
        "2012-01": {
            "month": "2012-01",
            "price": "11.43",
            "revenue": 272146
        },
        "2012-02": {
            "month": "2012-02",
            "price": "14.38",
            "revenue": 287112
        },
        "2012-03": {
            "month": "2012-03",
            "price": "16.77",
            "revenue": 292070
        },
        "2012-04": {
            "month": "2012-04",
            "price": "15.52",
            "revenue": 280903
        },
        "2012-05": {
            "month": "2012-05",
            "price": "15.47",
            "revenue": 287359
        },
        "2012-06": {
            "month": "2012-06",
            "price": "15.40",
            "revenue": 275660
        },
        "2012-07": {
            "month": "2012-07",
            "price": "15.53",
            "revenue": 277662
        },
        "2012-08": {
            "month": "2012-08",
            "price": "16.69",
            "revenue": 283805
        },
        "2012-09": {
            "month": "2012-09",
            "price": "18.53",
            "revenue": 284053
        },
        "2012-10": {
            "month": "2012-10",
            "price": "17.89",
            "revenue": 270748
        },
        "2012-11": {
            "month": "2012-11",
            "price": "16.71",
            "revenue": 260418
        },
        "2012-12": {
            "month": "2012-12",
            "price": "16.94",
            "revenue": 312687
        },
        "2013-01": {
            "month": "2013-01",
            "price": "18.98",
            "revenue": 326849
        },
        "2013-02": {
            "month": "2013-02",
            "price": "21.43",
            "revenue": 251564
        },
        "2013-03": {
            "month": "2013-03",
            "price": "21.58",
            "revenue": 298155
        },
        "2013-04": {
            "month": "2013-04",
            "price": "20.51",
            "revenue": 316336
        },
        "2013-05": {
            "month": "2013-05",
            "price": "22.16",
            "revenue": 249568
        },
        "2013-06": {
            "month": "2013-06",
            "price": "25.47",
            "revenue": 285418
        },
        "2013-07": {
            "month": "2013-07",
            "price": "31.94",
            "revenue": 319140
        },
        "2013-08": {
            "month": "2013-08",
            "price": "41.09",
            "revenue": 342899
        },
        "2013-09": {
            "month": "2013-09",
            "price": "45.46",
            "revenue": 302298
        },
        "2013-10": {
            "month": "2013-10",
            "price": "51.74",
            "revenue": 360191
        },
        "2013-11": {
            "month": "2013-11",
            "price": "44.79",
            "revenue": 315985
        },
        "2013-12": {
            "month": "2013-12",
            "price": "45.68",
            "revenue": 363250
        },
        "2014-01": {
            "month": "2014-01",
            "price": "45.66",
            "revenue": 330409
        },
        "2014-02": {
            "month": "2014-02",
            "price": "51.73",
            "revenue": 302940
        },
        "2014-03": {
            "month": "2014-03",
            "price": "54.23",
            "revenue": 344287
        },
        "2014-04": {
            "month": "2014-04",
            "price": "51.43",
            "revenue": 351197
        },
        "2014-05": {
            "month": "2014-05",
            "price": "48.03",
            "revenue": 364768
        },
        "2014-06": {
            "month": "2014-06",
            "price": "51.52",
            "revenue": 315699
        },
        "2014-07": {
            "month": "2014-07",
            "price": "51.15",
            "revenue": 345940
        },
        "2014-08": {
            "month": "2014-08",
            "price": "51.61",
            "revenue": 373578
        },
        "2014-09": {
            "month": "2014-09",
            "price": "55.28",
            "revenue": 372494
        },
        "2014-10": {
            "month": "2014-10",
            "price": "56.25",
            "revenue": 382177
        },
        "2014-11": {
            "month": "2014-11",
            "price": "55.84",
            "revenue": 379304
        },
        "2014-12": {
            "month": "2014-12",
            "price": "55.98",
            "revenue": 375396
        },
        "2015-01": {
            "month": "2015-01",
            "price": "56.05",
            "revenue": 431928
        },
        "2015-02": {
            "month": "2015-02",
            "price": "59.21",
            "revenue": 320765
        },
        "2015-03": {
            "month": "2015-03",
            "price": "61.48",
            "revenue": 452176
        },
        "2015-04": {
            "month": "2015-04",
            "price": "71.30",
            "revenue": 450838
        },
        "2015-05": {
            "month": "2015-05",
            "price": "79.46",
            "revenue": 462809
        },
        "2015-06": {
            "month": "2015-06",
            "price": "95.01",
            "revenue": 412913
        },
        "2015-07": {
            "month": "2015-07",
            "price": "96.50",
            "revenue": 468171
        },
        "2015-08": {
            "month": "2015-08",
            "price": "93.83",
            "revenue": 453604
        },
        "2015-09": {
            "month": "2015-09",
            "price": "102.95",
            "revenue": 406474
        },
        "2015-10": {
            "month": "2015-10",
            "price": "107.45",
            "revenue": 469289
        },
        "2015-11": {
            "month": "2015-11",
            "price": "122.21",
            "revenue": 483027
        },
        "2015-12": {
            "month": "2015-12",
            "price": "125.11",
            "revenue": 483322
        },
        "2016-01": {
            "month": "2016-01",
            "price": "123.50",
            "revenue": 502998
        },
        "2016-02": {
            "month": "2016-02",
            "price": "130.50",
            "revenue": 404023
        },
        "2016-03": {
            "month": "2016-03",
            "price": "127.80",
            "revenue": 520620
        },
        "2016-04": {
            "month": "2016-04",
            "price": "157.63",
            "revenue": 472019
        },
        "2016-05": {
            "month": "2016-05",
            "price": "146.05",
            "revenue": 511596
        },
        "2016-06": {
            "month": "2016-06",
            "price": "151.00",
            "revenue": 465872
        },
        "2016-07": {
            "month": "2016-07",
            "price": "144.48",
            "revenue": 461306
        },
        "2016-08": {
            "month": "2016-08",
            "price": "156.26",
            "revenue": 468745
        },
        "2016-09": {
            "month": "2016-09",
            "price": "156.82",
            "revenue": 459754
        },
        "2016-10": {
            "month": "2016-10",
            "price": "140.92",
            "revenue": 507835
        },
        "2016-11": {
            "month": "2016-11",
            "price": "121.45",
            "revenue": 552026
        },
        "2016-12": {
            "month": "2016-12",
            "price": "125.93",
            "revenue": 451523
        },
        "2017-01": {
            "month": "2017-01",
            "price": "126.41",
            "revenue": 537041
        },
        "2017-02": {
            "month": "2017-02",
            "price": "136.31",
            "revenue": 553696
        },
        "2017-03": {
            "month": "2017-03",
            "price": "133.30",
            "revenue": 608963
        },
        "2017-04": {
            "month": "2017-04",
            "price": "129.72",
            "revenue": 565643
        },
        "2017-05": {
            "month": "2017-05",
            "price": "142.72",
            "revenue": 574833
        },
        "2017-06": {
            "month": "2017-06",
            "price": "146.67",
            "revenue": 505248
        },
        "2017-07": {
            "month": "2017-07",
            "price": "138.29",
            "revenue": 556531
        },
        "2017-08": {
            "month": "2017-08",
            "price": "136.24",
            "revenue": 575283
        },
        "2017-09": {
            "month": "2017-09",
            "price": "139.98",
            "revenue": 588156
        },
        "2017-10": {
            "month": "2017-10",
            "price": "146.34",
            "revenue": 568853
        },
        "2017-11": {
            "month": "2017-11",
            "price": "132.34",
            "revenue": 611703
        },
        "2017-12": {
            "month": "2017-12",
            "price": "140.29",
            "revenue": 470820
        },
        "2018-01": {
            "month": "2018-01",
            "price": "131.66",
            "revenue": 629429
        },
        "2018-02": {
            "month": "2018-02",
            "price": "124.50",
            "revenue": 507990
        },
        "2018-03": {
            "month": "2018-03",
            "price": "129.80",
            "revenue": 630624
        },
        "2018-04": {
            "month": "2018-04",
            "price": "128.47",
            "revenue": 604302
        },
        "2018-05": {
            "month": "2018-05",
            "price": "136.70",
            "revenue": 635217
        },
        "2018-06": {
            "month": "2018-06",
            "price": "148.38",
            "revenue": 564096
        },
        "2018-07": {
            "month": "2018-07",
            "price": "138.93",
            "revenue": 641182
        },
        "2018-08": {
            "month": "2018-08",
            "price": "129.22",
            "revenue": 646881
        },
        "2018-09": {
            "month": "2018-09",
            "price": "127.82",
            "revenue": 591936
        },
        "2018-10": {
            "month": "2018-10",
            "price": "126.07",
            "revenue": 651029
        },
        "2018-11": {
            "month": "2018-11",
            "price": "126.66",
            "revenue": 559693
        },
        "2018-12": {
            "month": "2018-12",
            "price": "124.00",
            "revenue": 484367
        },
        "2019-01": {
            "month": "2019-01",
            "price": "120.64",
            "revenue": 559963
        },
        "2019-02": {
            "month": "2019-02",
            "price": "120.50",
            "revenue": 417342
        },
        "2019-03": {
            "month": "2019-03",
            "price": "116.15",
            "revenue": 502632
        },
        "2019-04": {
            "month": "2019-04",
            "price": "114.98",
            "revenue": 509843
        },
        "2019-05": {
            "month": "2019-05",
            "price": "95.30",
            "revenue": 494408
        },
        "2019-06": {
            "month": "2019-06",
            "price": "94.33",
            "revenue": 500942
        },
        "2019-07": {
            "month": "2019-07",
            "price": "110.41",
            "revenue": 506523
        },
        "2019-08": {
            "month": "2019-08",
            "price": "108.93",
            "revenue": 517645
        },
        "2019-09": {
            "month": "2019-09",
            "price": "112.97",
            "revenue": 505658
        },
        "2019-10": {
            "month": "2019-10",
            "price": "109.48",
            "revenue": 521274
        },
        "2019-11": {
            "month": "2019-11",
            "price": "112.24",
            "revenue": 501377
        },
        "2019-12": {
            "month": "2019-12",
            "price": "113.93",
            "revenue": 428372
        },
        "2020-01": {
            "month": "2020-01",
            "price": "121.87",
            "revenue": 516966
        },
        "2020-02": {
            "month": "2020-02",
            "price": "119.74",
            "revenue": 450968
        },
        "2020-03": {
            "month": "2020-03",
            "price": "91.62",
            "revenue": 439959
        },
        "2020-04": {
            "month": "2020-04",
            "price": "83.78",
            "revenue": 168505
        },
        "2020-05": {
            "month": "2020-05",
            "price": "95.14",
            "revenue": 255959
        },
        "2020-06": {
            "month": "2020-06",
            "price": "102.64",
            "revenue": 352638
        },
        "2020-07": {
            "month": "2020-07",
            "price": "101.21",
            "revenue": 368145
        },
        "2020-08": {
            "month": "2020-08",
            "price": "98.71",
            "revenue": 420769
        },
        "2020-09": {
            "month": "2020-09",
            "price": "99.20",
            "revenue": 510362
        },
        "2020-10": {
            "month": "2020-10",
            "price": "92.67",
            "revenue": 559302
        },
        "2020-11": {
            "month": "2020-11",
            "price": "94.71",
            "revenue": 602414
        },
        "2020-12": {
            "month": "2020-12",
            "price": "106.00",
            "revenue": 558952
        },
        "2021-01": {
            "month": "2021-01",
            "price": "119.35",
            "revenue": 609771
        },
        "2021-02": {
            "month": "2021-02",
            "price": "116.96",
            "revenue": 421180
        },
        "2021-03": {
            "month": "2021-03",
            "price": "111.30",
            "revenue": 542003
        },
        "2021-04": {
            "month": "2021-04",
            "price": "109.95",
            "revenue": 558067
        },
        "2021-05": {
            "month": "2021-05",
            "price": "92.46",
            "revenue": 601926
        },
        "2021-06": {
            "month": "2021-06",
            "price": "100.60",
            "revenue": 515758
        },
        "2021-07": {
            "month": "2021-07",
            "price": "103.12",
            "revenue": 526374
        },
        "2021-08": {
            "month": "2021-08",
            "price": "95.39",
            "revenue": 625075
        },
        "2021-09": {
            "month": "2021-09",
            "price": "94.29",
            "revenue": 606815
        },
        "2021-10": {
            "month": "2021-10",
            "price": "90.70",
            "revenue": 542724
        },
        "2021-11": {
            "month": "2021-11",
            "price": "94.30",
            "revenue": 608985
        },
        "2021-12": {
            "month": "2021-12",
            "price": "90.80",
            "revenue": 535469
        },
        "2022-01": {
            "month": "2022-01",
            "price": "87.52",
            "revenue": 522610
        },
        "2022-02": {
            "month": "2022-02",
            "price": "81.77",
            "revenue": 435008
        },
        "2022-03": {
            "month": "2022-03",
            "price": "77.78",
            "revenue": 627338
        },
        "2022-04": {
            "month": "2022-04",
            "price": "77.63",
            "revenue": 634368
        },
        "2022-05": {
            "month": "2022-05",
            "price": "72.94",
            "revenue": 612615
        },
        "2022-06": {
            "month": "2022-06",
            "price": "70.84",
            "revenue": 683281
        },
        "2022-07": {
            "month": "2022-07",
            "price": "69.54",
            "revenue": 669456
        },
        "2022-08": {
            "month": "2022-08",
            "price": "80.00",
            "revenue": 701619
        },
        "2022-09": {
            "month": "2022-09",
            "price": "90.59",
            "revenue": 647576
        },
        "2022-10": {
            "month": "2022-10",
            "price": "80.47",
            "revenue": 575987
        },
        "2022-11": {
            "month": "2022-11",
            "price": "73.89",
            "revenue": 615077
        },
        "2022-12": {
            "month": "2022-12",
            "price": "72.66",
            "revenue": 614907
        },
        "2023-01": {
            "month": "2023-01",
            "price": "68.12",
            "revenue": 497837
        },
        "2023-02": {
            "month": "2023-02",
            "price": "72.73",
            "revenue": 578132
        },
        "2023-03": {
            "month": "2023-03",
            "price": "72.20",
            "revenue": 637545
        },
        "2023-04": {
            "month": "2023-04",
            "price": "71.82",
            "revenue": 637886
        }
    }
}
