{
    "summary": {
        "stock_name": "廣隆",
        "stock_id": "1537",
        "category": "電機機械",
        "main_business": "各種蓄電池極板製造、買賣、內外銷<br>汽、機車蓄電池、密閉式照明電池製造、裝配、加工、買賣<br>前項原料之買賣",
        "website_url": "http://www.klb.com.tw",
        "ceo": "楊瑞祥",
        "pe_ratio": 19,
        "report_year_from": 2001,
        "report_year_to": 2023,
        "age": 23,
        "eps_negative_percentage": 0,
        "eps_growth_avg": {
            "last_all": 8.42,
            "last_2y": -11.37,
            "last_4y": -8.9,
            "last_8y": -0.13,
            "last_12y": 4.57,
            "last_16y": 12.11,
            "last_20y": 9.24,
            "at_2006_last_3y": -2.93,
            "at_2007_last_3y": 32.59,
            "at_2008_last_3y": 31.26,
            "at_2009_last_3y": 53.7,
            "at_2010_last_3y": 36.61,
            "at_2011_last_3y": 1,
            "at_2012_last_3y": 46.14,
            "at_2013_last_3y": 19.33,
            "at_2014_last_3y": 15.15,
            "at_2015_last_3y": 29.88,
            "at_2016_last_3y": 11.06,
            "at_2017_last_3y": 12.27,
            "at_2018_last_3y": 10.83,
            "at_2019_last_3y": 7.29,
            "at_2020_last_3y": -0.91,
            "at_2021_last_3y": -7.69,
            "at_2022_last_3y": 0.51,
            "at_2023_last_3y": -11.71,
            "at_2024_last_3y": -11.71,
            "at_2006_last_all": -4.14,
            "at_2007_last_all": 13.22,
            "at_2008_last_all": -0.84,
            "at_2009_last_all": 11.76,
            "at_2010_last_all": 13.97,
            "at_2011_last_all": 8.33,
            "at_2012_last_all": 16.24,
            "at_2013_last_all": 14.28,
            "at_2014_last_all": 14.33,
            "at_2015_last_all": 14.49,
            "at_2016_last_all": 14.86,
            "at_2017_last_all": 13.78,
            "at_2018_last_all": 13.51,
            "at_2019_last_all": 12.89,
            "at_2020_last_all": 11.54,
            "at_2021_last_all": 9.49,
            "at_2022_last_all": 11.03,
            "at_2023_last_all": 8.42,
            "at_2024_last_all": 8.42
        },
        "latest_eps": 7.03,
        "latest_price": 135,
        "latest_roe": 13.66,
        "latest_gross_margin": 19.68,
        "latest_equity": 4134534,
        "latest_revenue": 1624981,
        "latest_gross_profit": 319849,
        "latest_net_income": 181136,
        "latest_debt_ratio": 27.07,
        "latest_current_ratio": 418.08,
        "latest_account_receivable_turnover_ratio": 1.93,
        "latest_inventory_turnover_ratio": 0.66,
        "latest_reinvestment_rate": -10.93,
        "latest_research_to_sale_ratio": 0.77
    },
    "eps_dividends": {
        "2001": {
            "cash": 0,
            "stock": 0,
            "eps": 3.68
        },
        "2002": {
            "cash": 0,
            "stock": 0,
            "eps": 3.35
        },
        "2003": {
            "cash": 1.5,
            "stock": 1,
            "eps": 1.94
        },
        "2004": {
            "cash": 1.5,
            "stock": 0,
            "eps": 0.39
        },
        "2005": {
            "cash": 0.25,
            "stock": 0.26,
            "eps": 0.43
        },
        "2006": {
            "cash": 0.5,
            "stock": 0,
            "eps": 1.34
        },
        "2007": {
            "cash": 1,
            "stock": 0,
            "eps": 3.38
        },
        "2008": {
            "cash": 2.23,
            "stock": 0,
            "eps": 0.5
        },
        "2009": {
            "cash": 0.36,
            "stock": 0,
            "eps": 5.12
        },
        "2010": {
            "cash": 3.47,
            "stock": 0,
            "eps": 6.74
        },
        "2011": {
            "cash": 6.7,
            "stock": 0,
            "eps": 3.88
        },
        "2012": {
            "cash": 0,
            "stock": 0,
            "eps": 7.58
        },
        "2013": {
            "cash": 4.5,
            "stock": 0,
            "eps": 7.03
        },
        "2014": {
            "cash": 5.5,
            "stock": 0,
            "eps": 8.08
        },
        "2015": {
            "cash": 6.5,
            "stock": 0,
            "eps": 9.41
        },
        "2016": {
            "cash": 7.5,
            "stock": 0,
            "eps": 11.3
        },
        "2017": {
            "cash": 9,
            "stock": 0,
            "eps": 11.03
        },
        "2018": {
            "cash": 9.5,
            "stock": 0,
            "eps": 12.04
        },
        "2019": {
            "cash": 10,
            "stock": 0,
            "eps": 12.32
        },
        "2020": {
            "cash": 10,
            "stock": 0,
            "eps": 10.75
        },
        "2021": {
            "cash": 10,
            "stock": 0,
            "eps": 7.58
        },
        "2022": {
            "cash": 7,
            "stock": 0,
            "eps": 10.76
        },
        "2023": {
            "cash": 10,
            "stock": 0,
            "eps": 5.75
        }
    },
    "dividends": {
        "2003-03-25": {
            "cash": 1.5,
            "stock": 1
        },
        "2004-06-15": {
            "cash": 1.5,
            "stock": 0
        },
        "2005-03-07": {
            "cash": 0.25,
            "stock": 0.26
        },
        "2006-03-14": {
            "cash": 0.5,
            "stock": 0
        },
        "2007-03-28": {
            "cash": 1,
            "stock": 0
        },
        "2008-04-29": {
            "cash": 2.23,
            "stock": 0
        },
        "2009-04-29": {
            "cash": 0.36,
            "stock": 0
        },
        "2010-04-22": {
            "cash": 3.47,
            "stock": 0
        },
        "2011-01-01": {
            "cash": 2.5,
            "stock": 0
        },
        "2011-04-26": {
            "cash": 4.2,
            "stock": 0
        },
        "2013-03-22": {
            "cash": 4.5,
            "stock": 0
        },
        "2014-09-19": {
            "cash": 5.5,
            "stock": 0
        },
        "2015-09-11": {
            "cash": 6.5,
            "stock": 0
        },
        "2016-09-08": {
            "cash": 7.5,
            "stock": 0
        },
        "2017-08-17": {
            "cash": 9,
            "stock": 0
        },
        "2018-09-18": {
            "cash": 9.5,
            "stock": 0
        },
        "2019-09-10": {
            "cash": 10,
            "stock": 0
        },
        "2020-09-11": {
            "cash": 10,
            "stock": 0
        },
        "2021-09-14": {
            "cash": 10,
            "stock": 0
        },
        "2022-09-12": {
            "cash": 7,
            "stock": 0
        },
        "2023-08-23": {
            "cash": 10,
            "stock": 0
        }
    },
    "prices": {
        "200101": "無",
        "200102": "無",
        "200103": "無",
        "200104": "無",
        "200105": "無",
        "200106": "無",
        "200107": "無",
        "200108": "無",
        "200109": "無",
        "200110": "無",
        "200111": "無",
        "200112": "無",
        "200201": "56.15",
        "200202": "62.12",
        "200203": "64.17",
        "200204": "60.21",
        "200205": "55.48",
        "200206": "58.08",
        "200207": "49.90",
        "200208": "47.04",
        "200209": "44.50",
        "200210": "43.41",
        "200211": "43.03",
        "200212": "40.49",
        "200301": "39.45",
        "200302": "38.66",
        "200303": "33.80",
        "200304": "31.86",
        "200305": "32.90",
        "200306": "33.43",
        "200307": "33.56",
        "200308": "30.73",
        "200309": "25.49",
        "200310": "25.61",
        "200311": "27.02",
        "200312": "27.59",
        "200401": "26.79",
        "200402": "27.70",
        "200403": "26.92",
        "200404": "26.24",
        "200405": "23.67",
        "200406": "23.58",
        "200407": "22.26",
        "200408": "20.54",
        "200409": "19.62",
        "200410": "20.29",
        "200411": "17.70",
        "200412": "17.65",
        "200501": "17.55",
        "200502": "17.55",
        "200503": "17.35",
        "200504": "16.60",
        "200505": "13.62",
        "200506": "14.09",
        "200507": "13.91",
        "200508": "14.19",
        "200509": "12.97",
        "200510": "13.64",
        "200511": "14.39",
        "200512": "13.35",
        "200601": "13.66",
        "200602": "13.44",
        "200603": "16.02",
        "200604": "23.03",
        "200605": "23.59",
        "200606": "22.56",
        "200607": "22.28",
        "200608": "22.62",
        "200609": "21.57",
        "200610": "22.85",
        "200611": "28.03",
        "200612": "32.78",
        "200701": "37.78",
        "200702": "37.34",
        "200703": "36.95",
        "200704": "38.24",
        "200705": "39.33",
        "200706": "38.53",
        "200707": "38.94",
        "200708": "32.59",
        "200709": "32.08",
        "200710": "37.92",
        "200711": "35.99",
        "200712": "36.57",
        "200801": "37.36",
        "200802": "37.81",
        "200803": "41.17",
        "200804": "42.89",
        "200805": "41.83",
        "200806": "37.64",
        "200807": "32.64",
        "200808": "31.74",
        "200809": "23.20",
        "200810": "18.61",
        "200811": "16.16",
        "200812": "15.26",
        "200901": "14.15",
        "200902": "14.19",
        "200903": "16.55",
        "200904": "18.08",
        "200905": "19.39",
        "200906": "21.42",
        "200907": "21.06",
        "200908": "25.42",
        "200909": "31.38",
        "200910": "38.88",
        "200911": "41.47",
        "200912": "40.78",
        "201001": "39.19",
        "201002": "35.98",
        "201003": "39.77",
        "201004": "46.50",
        "201005": "54.20",
        "201006": "54.63",
        "201007": "53.78",
        "201008": "55.60",
        "201009": "53.86",
        "201010": "60.98",
        "201011": "60.95",
        "201012": "59.06",
        "201101": "59.12",
        "201102": "61.19",
        "201103": "60.74",
        "201104": "59.18",
        "201105": "54.07",
        "201106": "51.60",
        "201107": "52.06",
        "201108": "52.68",
        "201109": "47.61",
        "201110": "42.95",
        "201111": "39.81",
        "201112": "39.07",
        "201201": "40.74",
        "201202": "45.52",
        "201203": "51.54",
        "201204": "49.46",
        "201205": "47.72",
        "201206": "47.14",
        "201207": "50.45",
        "201208": "54.48",
        "201209": "55.31",
        "201210": "59.78",
        "201211": "56.11",
        "201212": "56.72",
        "201301": "61.92",
        "201302": "67.24",
        "201303": "66.01",
        "201304": "64.36",
        "201305": "69.50",
        "201306": "73.69",
        "201307": "78.04",
        "201308": "82.43",
        "201309": "79.50",
        "201310": "81.27",
        "201311": "77.38",
        "201312": "75.86",
        "201401": "75.95",
        "201402": "83.25",
        "201403": "94.47",
        "201404": "99.03",
        "201405": "95.62",
        "201406": "99.39",
        "201407": "102.01",
        "201408": "103.64",
        "201409": "102.93",
        "201410": "102.90",
        "201411": "102.30",
        "201412": "98.75",
        "201501": "94.62",
        "201502": "95.18",
        "201503": "104.99",
        "201504": "126.32",
        "201505": "141.62",
        "201506": "153.21",
        "201507": "132.61",
        "201508": "121.93",
        "201509": "123.32",
        "201510": "123.55",
        "201511": "125.90",
        "201512": "127.48",
        "201601": "130.12",
        "201602": "131.69",
        "201603": "136.98",
        "201604": "137.16",
        "201605": "133.21",
        "201606": "137.98",
        "201607": "149.65",
        "201608": "154.83",
        "201609": "150.68",
        "201610": "151.60",
        "201611": "140.89",
        "201612": "150.91",
        "201701": "158.69",
        "201702": "157.28",
        "201703": "158.96",
        "201704": "154.42",
        "201705": "154.62",
        "201706": "159.37",
        "201707": "159.43",
        "201708": "153.22",
        "201709": "151.57",
        "201710": "147.92",
        "201711": "144.98",
        "201712": "143.48",
        "201801": "144.59",
        "201802": "140.58",
        "201803": "145.33",
        "201804": "145.39",
        "201805": "144.34",
        "201806": "146.80",
        "201807": "148.82",
        "201808": "151.30",
        "201809": "142.37",
        "201810": "142.68",
        "201811": "145.09",
        "201812": "145.19",
        "201901": "154.07",
        "201902": "155.96",
        "201903": "162.32",
        "201904": "163.68",
        "201905": "163.61",
        "201906": "163.34",
        "201907": "165.46",
        "201908": "153.83",
        "201909": "147.79",
        "201910": "144.93",
        "201911": "145.88",
        "201912": "147.70",
        "202001": "149.87",
        "202002": "148.66",
        "202003": "135.77",
        "202004": "138.95",
        "202005": "143.15",
        "202006": "146.45",
        "202007": "150.09",
        "202008": "143.95",
        "202009": "138.14",
        "202010": "138.37",
        "202011": "139.02",
        "202012": "142.28",
        "202101": "139.20",
        "202102": "140.19",
        "202103": "145.30",
        "202104": "150.03",
        "202105": "145.55",
        "202106": "148.07",
        "202107": "154.16",
        "202108": "144.98",
        "202109": "138.32",
        "202110": "139.18",
        "202111": "138.77",
        "202112": "138.34",
        "202201": "137.89",
        "202202": "137.57",
        "202203": "137.65",
        "202204": "137.68",
        "202205": "136.76",
        "202206": "136.71",
        "202207": "137.52",
        "202208": "142.26",
        "202209": "140.24",
        "202210": "136.08",
        "202211": "136.27",
        "202212": "136.95",
        "202301": "137.69",
        "202302": "140.14",
        "202303": "141.78",
        "202304": "143.09",
        "202305": "140.59",
        "202306": "141.32",
        "202307": "142.83",
        "202308": "140.09",
        "202309": "131.75",
        "202310": "131.75",
        "202311": "132.70",
        "202312": "131.67"
    },
    "quarters": {
        "20011": {
            "year_quarter": 20011,
            "year": 2001,
            "quarter": 1,
            "eps": 1.55,
            "eps_growth_year": null,
            "eps_4q": null,
            "eps_4q_growth_year": null,
            "roe": 10.5,
            "roe_4q": 10.5,
            "gross_profit": 110860,
            "gross_margin": 44.12,
            "gross_margin_4q_avg": 44.12,
            "net_income": 62900,
            "net_income_4q": null,
            "revenue": 251244,
            "revenue_4q": null,
            "common_shares": 406800,
            "book_valuer_per_share": 15.49,
            "book_valuer_per_share_4q_avg": 15.49,
            "equity": 629959,
            "current_ratio": 145.26,
            "debt_ratio": 45.74,
            "inventory_turnover_ratio": 0.9,
            "account_receivable_turnover_ratio": null,
            "reinvestment_rate": null,
            "research_to_sale_ratio": null,
            "price_fair": 0,
            "eps_avg_yearly": 0,
            "eps_latest_yearly": 0,
            "eps_growth_yearly": 0
        },
        "20012": {
            "year_quarter": 20012,
            "year": 2001,
            "quarter": 2,
            "eps": 0.05,
            "eps_growth_year": null,
            "eps_4q": null,
            "eps_4q_growth_year": null,
            "roe": 0.4,
            "roe_4q": 10.9,
            "gross_profit": 71329,
            "gross_margin": 29.66,
            "gross_margin_4q_avg": 36.89,
            "net_income": 2498,
            "net_income_4q": null,
            "revenue": 240459,
            "revenue_4q": null,
            "common_shares": 463000,
            "book_valuer_per_share": 13.58,
            "book_valuer_per_share_4q_avg": 14.54,
            "equity": 628764,
            "current_ratio": 122.26,
            "debt_ratio": 49.9,
            "inventory_turnover_ratio": 0.89,
            "account_receivable_turnover_ratio": null,
            "reinvestment_rate": null,
            "research_to_sale_ratio": null,
            "price_fair": 0,
            "eps_avg_yearly": 0,
            "eps_latest_yearly": 0,
            "eps_growth_yearly": 0
        },
        "20013": {
            "year_quarter": 20013,
            "year": 2001,
            "quarter": 3,
            "eps": 0.87,
            "eps_growth_year": null,
            "eps_4q": null,
            "eps_4q_growth_year": null,
            "roe": 6.23,
            "roe_4q": 17.130000000000003,
            "gross_profit": 128635,
            "gross_margin": 36.99,
            "gross_margin_4q_avg": 36.92,
            "net_income": 40293,
            "net_income_4q": null,
            "revenue": 347754,
            "revenue_4q": null,
            "common_shares": 463000,
            "book_valuer_per_share": 14.34,
            "book_valuer_per_share_4q_avg": 14.47,
            "equity": 663952,
            "current_ratio": 140.35,
            "debt_ratio": 47.47,
            "inventory_turnover_ratio": 1.06,
            "account_receivable_turnover_ratio": null,
            "reinvestment_rate": null,
            "research_to_sale_ratio": null,
            "price_fair": 0,
            "eps_avg_yearly": 0,
            "eps_latest_yearly": 0,
            "eps_growth_yearly": 0
        },
        "20014": {
            "year_quarter": 20014,
            "year": 2001,
            "quarter": 4,
            "eps": 1.21,
            "eps_growth_year": null,
            "eps_4q": 3.49,
            "eps_4q_growth_year": null,
            "roe": 8.12,
            "roe_4q": 25.25,
            "gross_profit": 96513,
            "gross_margin": 31.99,
            "gross_margin_4q_avg": 35.69,
            "net_income": 56122,
            "net_income_4q": null,
            "revenue": 301675,
            "revenue_4q": null,
            "common_shares": 463000,
            "book_valuer_per_share": 15.53,
            "book_valuer_per_share_4q_avg": 14.74,
            "equity": 719101,
            "current_ratio": 136.1,
            "debt_ratio": 49.09,
            "inventory_turnover_ratio": 0.83,
            "account_receivable_turnover_ratio": null,
            "reinvestment_rate": null,
            "research_to_sale_ratio": null,
            "price_fair": 0,
            "eps_avg_yearly": 0,
            "eps_latest_yearly": 0,
            "eps_growth_yearly": 0
        },
        "20021": {
            "year_quarter": 20021,
            "year": 2002,
            "quarter": 1,
            "eps": 0.76,
            "eps_growth_year": -50.97,
            "eps_4q": 2.9,
            "eps_4q_growth_year": null,
            "roe": 4.76,
            "roe_4q": 19.509999999999998,
            "gross_profit": 67943,
            "gross_margin": 19.84,
            "gross_margin_4q_avg": 29.62,
            "net_income": 35168,
            "net_income_4q": null,
            "revenue": 342538,
            "revenue_4q": null,
            "common_shares": 463000,
            "book_valuer_per_share": 16.39,
            "book_valuer_per_share_4q_avg": 14.96,
            "equity": 759017,
            "current_ratio": 157.34,
            "debt_ratio": 45.11,
            "inventory_turnover_ratio": 0.88,
            "account_receivable_turnover_ratio": null,
            "reinvestment_rate": null,
            "research_to_sale_ratio": null,
            "price_fair": 9.12,
            "eps_avg_yearly": 3.04,
            "eps_latest_yearly": 3.04,
            "eps_growth_yearly": -148.76
        },
        "20022": {
            "year_quarter": 20022,
            "year": 2002,
            "quarter": 2,
            "eps": 0.86,
            "eps_growth_year": 1620,
            "eps_4q": 3.43,
            "eps_4q_growth_year": null,
            "roe": 5.96,
            "roe_4q": 25.069999999999997,
            "gross_profit": 55741,
            "gross_margin": 17.26,
            "gross_margin_4q_avg": 26.52,
            "net_income": 43976,
            "net_income_4q": null,
            "revenue": 322979,
            "revenue_4q": null,
            "common_shares": 463000,
            "book_valuer_per_share": 15.49,
            "book_valuer_per_share_4q_avg": 15.44,
            "equity": 717345,
            "current_ratio": 137.65,
            "debt_ratio": 46.23,
            "inventory_turnover_ratio": 0.88,
            "account_receivable_turnover_ratio": null,
            "reinvestment_rate": null,
            "research_to_sale_ratio": null,
            "price_fair": 9.72,
            "eps_avg_yearly": 3.24,
            "eps_latest_yearly": 3.44,
            "eps_growth_yearly": -48.06
        },
        "20023": {
            "year_quarter": 20023,
            "year": 2002,
            "quarter": 3,
            "eps": 0.87,
            "eps_growth_year": 0,
            "eps_4q": 3.43,
            "eps_4q_growth_year": null,
            "roe": 5.09,
            "roe_4q": 23.93,
            "gross_profit": 75308,
            "gross_margin": 23.58,
            "gross_margin_4q_avg": 23.17,
            "net_income": 45987,
            "net_income_4q": null,
            "revenue": 319414,
            "revenue_4q": null,
            "common_shares": 582300,
            "book_valuer_per_share": 18.7,
            "book_valuer_per_share_4q_avg": 16.53,
            "equity": 1088847,
            "current_ratio": 241.31,
            "debt_ratio": 26.73,
            "inventory_turnover_ratio": 0.88,
            "account_receivable_turnover_ratio": null,
            "reinvestment_rate": null,
            "research_to_sale_ratio": null,
            "price_fair": 9.96,
            "eps_avg_yearly": 3.32,
            "eps_latest_yearly": 3.48,
            "eps_growth_yearly": -30.49
        },
        "20024": {
            "year_quarter": 20024,
            "year": 2002,
            "quarter": 4,
            "eps": 0.86,
            "eps_growth_year": -28.93,
            "eps_4q": 3.17,
            "eps_4q_growth_year": -9.17,
            "roe": 4.19,
            "roe_4q": 20,
            "gross_profit": 90915,
            "gross_margin": 24.54,
            "gross_margin_4q_avg": 21.31,
            "net_income": 46607,
            "net_income_4q": null,
            "revenue": 370488,
            "revenue_4q": null,
            "common_shares": 582300,
            "book_valuer_per_share": 19.47,
            "book_valuer_per_share_4q_avg": 17.51,
            "equity": 1133753,
            "current_ratio": 237.16,
            "debt_ratio": 30.55,
            "inventory_turnover_ratio": 0.94,
            "account_receivable_turnover_ratio": null,
            "reinvestment_rate": null,
            "research_to_sale_ratio": null,
            "price_fair": 10.05,
            "eps_avg_yearly": 3.35,
            "eps_latest_yearly": 3.44,
            "eps_growth_yearly": -24.02
        },
        "20031": {
            "year_quarter": 20031,
            "year": 2003,
            "quarter": 1,
            "eps": 0.69,
            "eps_growth_year": -9.21,
            "eps_4q": 3.02,
            "eps_4q_growth_year": 4.27,
            "roe": 3.5,
            "roe_4q": 18.740000000000002,
            "gross_profit": 74431,
            "gross_margin": 24.77,
            "gross_margin_4q_avg": 22.54,
            "net_income": 40421,
            "net_income_4q": null,
            "revenue": 300459,
            "revenue_4q": null,
            "common_shares": 582300,
            "book_valuer_per_share": 20.16,
            "book_valuer_per_share_4q_avg": 18.46,
            "equity": 1174174,
            "current_ratio": 265.24,
            "debt_ratio": 23.41,
            "inventory_turnover_ratio": 0.75,
            "account_receivable_turnover_ratio": null,
            "reinvestment_rate": null,
            "research_to_sale_ratio": null,
            "price_fair": 9.7,
            "eps_avg_yearly": 3.23,
            "eps_latest_yearly": 2.76,
            "eps_growth_yearly": -35.03
        },
        "20032": {
            "year_quarter": 20032,
            "year": 2003,
            "quarter": 2,
            "eps": 0.44,
            "eps_growth_year": -48.84,
            "eps_4q": 2.71,
            "eps_4q_growth_year": -21.08,
            "roe": 2.27,
            "roe_4q": 15.05,
            "gross_profit": 46558,
            "gross_margin": 17.98,
            "gross_margin_4q_avg": 22.72,
            "net_income": 25789,
            "net_income_4q": null,
            "revenue": 258925,
            "revenue_4q": null,
            "common_shares": 582300,
            "book_valuer_per_share": 18.86,
            "book_valuer_per_share_4q_avg": 19.3,
            "equity": 1097946,
            "current_ratio": 221.34,
            "debt_ratio": 26.79,
            "inventory_turnover_ratio": 0.81,
            "account_receivable_turnover_ratio": null,
            "reinvestment_rate": null,
            "research_to_sale_ratio": null,
            "price_fair": 8.96,
            "eps_avg_yearly": 2.99,
            "eps_latest_yearly": 1.76,
            "eps_growth_yearly": -53.35
        },
        "20033": {
            "year_quarter": 20033,
            "year": 2003,
            "quarter": 3,
            "eps": 0.37,
            "eps_growth_year": -57.47,
            "eps_4q": 2.12,
            "eps_4q_growth_year": -38.32,
            "roe": 2.17,
            "roe_4q": 12.129999999999999,
            "gross_profit": 42213,
            "gross_margin": 16.57,
            "gross_margin_4q_avg": 20.97,
            "net_income": 23919,
            "net_income_4q": null,
            "revenue": 254791,
            "revenue_4q": null,
            "common_shares": 643530,
            "book_valuer_per_share": 17.26,
            "book_valuer_per_share_4q_avg": 18.94,
            "equity": 1110776,
            "current_ratio": 235.95,
            "debt_ratio": 25.52,
            "inventory_turnover_ratio": 0.91,
            "account_receivable_turnover_ratio": null,
            "reinvestment_rate": null,
            "research_to_sale_ratio": null,
            "price_fair": 8.31,
            "eps_avg_yearly": 2.77,
            "eps_latest_yearly": 1.48,
            "eps_growth_yearly": -54.82
        },
        "20034": {
            "year_quarter": 20034,
            "year": 2003,
            "quarter": 4,
            "eps": 0.44,
            "eps_growth_year": -48.84,
            "eps_4q": 1.85,
            "eps_4q_growth_year": -41.53,
            "roe": 2.49,
            "roe_4q": 10.43,
            "gross_profit": 39668,
            "gross_margin": 13.19,
            "gross_margin_4q_avg": 18.13,
            "net_income": 28071,
            "net_income_4q": null,
            "revenue": 300704,
            "revenue_4q": null,
            "common_shares": 643530,
            "book_valuer_per_share": 17.8,
            "book_valuer_per_share_4q_avg": 18.52,
            "equity": 1145390,
            "current_ratio": 284.27,
            "debt_ratio": 27.12,
            "inventory_turnover_ratio": 0.99,
            "account_receivable_turnover_ratio": null,
            "reinvestment_rate": null,
            "research_to_sale_ratio": null,
            "price_fair": 7.94,
            "eps_avg_yearly": 2.65,
            "eps_latest_yearly": 1.76,
            "eps_growth_yearly": -38.5
        },
        "20041": {
            "year_quarter": 20041,
            "year": 2004,
            "quarter": 1,
            "eps": 0.37,
            "eps_growth_year": -46.38,
            "eps_4q": 1.58,
            "eps_4q_growth_year": -47.57,
            "roe": 2.06,
            "roe_4q": 8.99,
            "gross_profit": 53800,
            "gross_margin": 15.62,
            "gross_margin_4q_avg": 15.84,
            "net_income": 23704,
            "net_income_4q": null,
            "revenue": 344478,
            "revenue_4q": null,
            "common_shares": 643530,
            "book_valuer_per_share": 18.05,
            "book_valuer_per_share_4q_avg": 17.99,
            "equity": 1161310,
            "current_ratio": 186.67,
            "debt_ratio": 33.52,
            "inventory_turnover_ratio": 1.1,
            "account_receivable_turnover_ratio": null,
            "reinvestment_rate": null,
            "research_to_sale_ratio": null,
            "price_fair": 7.55,
            "eps_avg_yearly": 2.52,
            "eps_latest_yearly": 1.48,
            "eps_growth_yearly": -41.3
        },
        "20042": {
            "year_quarter": 20042,
            "year": 2004,
            "quarter": 2,
            "eps": 0.22,
            "eps_growth_year": -50,
            "eps_4q": 1.4,
            "eps_4q_growth_year": -48.27,
            "roe": 1.26,
            "roe_4q": 7.98,
            "gross_profit": 43920,
            "gross_margin": 13.3,
            "gross_margin_4q_avg": 14.67,
            "net_income": 14093,
            "net_income_4q": null,
            "revenue": 330312,
            "revenue_4q": null,
            "common_shares": 643530,
            "book_valuer_per_share": 16.7,
            "book_valuer_per_share_4q_avg": 17.45,
            "equity": 1074792,
            "current_ratio": 160.95,
            "debt_ratio": 37.45,
            "inventory_turnover_ratio": 1.2,
            "account_receivable_turnover_ratio": null,
            "reinvestment_rate": null,
            "research_to_sale_ratio": null,
            "price_fair": 7.06,
            "eps_avg_yearly": 2.35,
            "eps_latest_yearly": 0.88,
            "eps_growth_yearly": -53.38
        },
        "20043": {
            "year_quarter": 20043,
            "year": 2004,
            "quarter": 3,
            "eps": 0.05,
            "eps_growth_year": -86.49,
            "eps_4q": 1.16,
            "eps_4q_growth_year": -45.17,
            "roe": 0.28,
            "roe_4q": 6.09,
            "gross_profit": 33146,
            "gross_margin": 9.93,
            "gross_margin_4q_avg": 13.01,
            "net_income": 2968,
            "net_income_4q": null,
            "revenue": 333839,
            "revenue_4q": null,
            "common_shares": 643530,
            "book_valuer_per_share": 16.79,
            "book_valuer_per_share_4q_avg": 17.34,
            "equity": 1080805,
            "current_ratio": 170.47,
            "debt_ratio": 34.2,
            "inventory_turnover_ratio": 1.12,
            "account_receivable_turnover_ratio": null,
            "reinvestment_rate": null,
            "research_to_sale_ratio": null,
            "price_fair": 6.47,
            "eps_avg_yearly": 2.16,
            "eps_latest_yearly": 0.2,
            "eps_growth_yearly": -76.63
        },
        "20044": {
            "year_quarter": 20044,
            "year": 2004,
            "quarter": 4,
            "eps": -0.25,
            "eps_growth_year": -156.82,
            "eps_4q": 0.38,
            "eps_4q_growth_year": -79.49,
            "roe": -1.54,
            "roe_4q": 2.06,
            "gross_profit": 12546,
            "gross_margin": 4.31,
            "gross_margin_4q_avg": 10.79,
            "net_income": -16232,
            "net_income_4q": null,
            "revenue": 291343,
            "revenue_4q": null,
            "common_shares": 643530,
            "book_valuer_per_share": 16.04,
            "book_valuer_per_share_4q_avg": 16.9,
            "equity": 1032055,
            "current_ratio": 342.1,
            "debt_ratio": 23.45,
            "inventory_turnover_ratio": 0.87,
            "account_receivable_turnover_ratio": null,
            "reinvestment_rate": -18.91,
            "research_to_sale_ratio": null,
            "price_fair": 6.47,
            "eps_avg_yearly": 2.16,
            "eps_latest_yearly": 0.2,
            "eps_growth_yearly": -76.63
        },
        "20051": {
            "year_quarter": 20051,
            "year": 2005,
            "quarter": 1,
            "eps": -0.17,
            "eps_growth_year": -145.95,
            "eps_4q": -0.16,
            "eps_4q_growth_year": -109.93,
            "roe": -1.08,
            "roe_4q": -1.0799999999999998,
            "gross_profit": 27290,
            "gross_margin": 11.86,
            "gross_margin_4q_avg": 9.85,
            "net_income": -11050,
            "net_income_4q": null,
            "revenue": 230016,
            "revenue_4q": null,
            "common_shares": 643530,
            "book_valuer_per_share": 15.84,
            "book_valuer_per_share_4q_avg": 16.34,
            "equity": 1019220,
            "current_ratio": 204.99,
            "debt_ratio": 23.87,
            "inventory_turnover_ratio": 0.74,
            "account_receivable_turnover_ratio": null,
            "reinvestment_rate": -14.79,
            "research_to_sale_ratio": null,
            "price_fair": 6.47,
            "eps_avg_yearly": 2.16,
            "eps_latest_yearly": 0.2,
            "eps_growth_yearly": -76.63
        },
        "20052": {
            "year_quarter": 20052,
            "year": 2005,
            "quarter": 2,
            "eps": 0.21,
            "eps_growth_year": -4.55,
            "eps_4q": -0.17,
            "eps_4q_growth_year": -112.07,
            "roe": 1.32,
            "roe_4q": -1.02,
            "gross_profit": 68322,
            "gross_margin": 21.04,
            "gross_margin_4q_avg": 11.79,
            "net_income": 13466,
            "net_income_4q": null,
            "revenue": 324716,
            "revenue_4q": null,
            "common_shares": 643530,
            "book_valuer_per_share": 15.8,
            "book_valuer_per_share_4q_avg": 16.12,
            "equity": 1016878,
            "current_ratio": 172.94,
            "debt_ratio": 31.17,
            "inventory_turnover_ratio": 1.25,
            "account_receivable_turnover_ratio": null,
            "reinvestment_rate": -12.02,
            "research_to_sale_ratio": null,
            "price_fair": 6.47,
            "eps_avg_yearly": 2.16,
            "eps_latest_yearly": 0.2,
            "eps_growth_yearly": -76.63
        },
        "20053": {
            "year_quarter": 20053,
            "year": 2005,
            "quarter": 3,
            "eps": 0.25,
            "eps_growth_year": 400,
            "eps_4q": 0.04,
            "eps_4q_growth_year": -96.45,
            "roe": 1.6,
            "roe_4q": 0.2999999999999998,
            "gross_profit": 66306,
            "gross_margin": 22.34,
            "gross_margin_4q_avg": 14.89,
            "net_income": 16541,
            "net_income_4q": null,
            "revenue": 296853,
            "revenue_4q": null,
            "common_shares": 660000,
            "book_valuer_per_share": 15.99,
            "book_valuer_per_share_4q_avg": 15.92,
            "equity": 1055541,
            "current_ratio": 191.73,
            "debt_ratio": 28.09,
            "inventory_turnover_ratio": 1.08,
            "account_receivable_turnover_ratio": null,
            "reinvestment_rate": -12.72,
            "research_to_sale_ratio": null,
            "price_fair": 6.18,
            "eps_avg_yearly": 2.06,
            "eps_latest_yearly": 1,
            "eps_growth_yearly": -63.89
        },
        "20054": {
            "year_quarter": 20054,
            "year": 2005,
            "quarter": 4,
            "eps": 0.14,
            "eps_growth_year": null,
            "eps_4q": 0.44,
            "eps_4q_growth_year": 14.98,
            "roe": 0.84,
            "roe_4q": 2.6799999999999997,
            "gross_profit": 35179,
            "gross_margin": 10.42,
            "gross_margin_4q_avg": 16.42,
            "net_income": 8938,
            "net_income_4q": null,
            "revenue": 337614,
            "revenue_4q": null,
            "common_shares": 660000,
            "book_valuer_per_share": 16.08,
            "book_valuer_per_share_4q_avg": 15.93,
            "equity": 1061059,
            "current_ratio": 333.54,
            "debt_ratio": 22.59,
            "inventory_turnover_ratio": 1.17,
            "account_receivable_turnover_ratio": null,
            "reinvestment_rate": -26.83,
            "research_to_sale_ratio": null,
            "price_fair": 5.83,
            "eps_avg_yearly": 1.94,
            "eps_latest_yearly": 0.56,
            "eps_growth_yearly": -72.52
        },
        "20061": {
            "year_quarter": 20061,
            "year": 2006,
            "quarter": 1,
            "eps": 0.3,
            "eps_growth_year": null,
            "eps_4q": 0.88,
            "eps_4q_growth_year": null,
            "roe": 1.88,
            "roe_4q": 5.640000000000001,
            "gross_profit": 23270,
            "gross_margin": 8.42,
            "gross_margin_4q_avg": 15.56,
            "net_income": 20036,
            "net_income_4q": null,
            "revenue": 276381,
            "revenue_4q": null,
            "common_shares": 660000,
            "book_valuer_per_share": 16.3,
            "book_valuer_per_share_4q_avg": 16.04,
            "equity": 1075525,
            "current_ratio": 219.89,
            "debt_ratio": 24.14,
            "inventory_turnover_ratio": 0.98,
            "account_receivable_turnover_ratio": null,
            "reinvestment_rate": -13.16,
            "research_to_sale_ratio": null,
            "price_fair": 5.41,
            "eps_avg_yearly": 1.8,
            "eps_latest_yearly": 1.2,
            "eps_growth_yearly": -25.91
        },
        "20062": {
            "year_quarter": 20062,
            "year": 2006,
            "quarter": 2,
            "eps": 0.42,
            "eps_growth_year": 100,
            "eps_4q": 1.11,
            "eps_4q_growth_year": null,
            "roe": 2.58,
            "roe_4q": 6.9,
            "gross_profit": 39204,
            "gross_margin": 11.97,
            "gross_margin_4q_avg": 13.29,
            "net_income": 27558,
            "net_income_4q": null,
            "revenue": 327561,
            "revenue_4q": null,
            "common_shares": 660000,
            "book_valuer_per_share": 16.11,
            "book_valuer_per_share_4q_avg": 16.12,
            "equity": 1063467,
            "current_ratio": 203.47,
            "debt_ratio": 25.44,
            "inventory_turnover_ratio": 1.43,
            "account_receivable_turnover_ratio": null,
            "reinvestment_rate": -12.89,
            "research_to_sale_ratio": null,
            "price_fair": 5,
            "eps_avg_yearly": 1.67,
            "eps_latest_yearly": 1.68,
            "eps_growth_yearly": -17.65
        },
        "20063": {
            "year_quarter": 20063,
            "year": 2006,
            "quarter": 3,
            "eps": 0.28,
            "eps_growth_year": 12,
            "eps_4q": 1.13,
            "eps_4q_growth_year": 2634.53,
            "roe": 1.73,
            "roe_4q": 7.03,
            "gross_profit": 38782,
            "gross_margin": 11.6,
            "gross_margin_4q_avg": 10.6,
            "net_income": 18705,
            "net_income_4q": null,
            "revenue": 334459,
            "revenue_4q": null,
            "common_shares": 660000,
            "book_valuer_per_share": 16.61,
            "book_valuer_per_share_4q_avg": 16.28,
            "equity": 1096444,
            "current_ratio": 178.58,
            "debt_ratio": 29.4,
            "inventory_turnover_ratio": 1.55,
            "account_receivable_turnover_ratio": null,
            "reinvestment_rate": -12.8,
            "research_to_sale_ratio": null,
            "price_fair": 4.46,
            "eps_avg_yearly": 1.49,
            "eps_latest_yearly": 1.12,
            "eps_growth_yearly": -28.27
        },
        "20064": {
            "year_quarter": 20064,
            "year": 2006,
            "quarter": 4,
            "eps": 0.34,
            "eps_growth_year": 142.86,
            "eps_4q": 1.34,
            "eps_4q_growth_year": 207.04,
            "roe": 2.04,
            "roe_4q": 8.23,
            "gross_profit": 55528,
            "gross_margin": 14.22,
            "gross_margin_4q_avg": 11.55,
            "net_income": 22507,
            "net_income_4q": null,
            "revenue": 390544,
            "revenue_4q": null,
            "common_shares": 660000,
            "book_valuer_per_share": 16.82,
            "book_valuer_per_share_4q_avg": 16.46,
            "equity": 1109899,
            "current_ratio": 230.75,
            "debt_ratio": 32.41,
            "inventory_turnover_ratio": 1.1,
            "account_receivable_turnover_ratio": null,
            "reinvestment_rate": 5.04,
            "research_to_sale_ratio": null,
            "price_fair": 3.98,
            "eps_avg_yearly": 1.33,
            "eps_latest_yearly": 1.36,
            "eps_growth_yearly": -21.32
        },
        "20071": {
            "year_quarter": 20071,
            "year": 2007,
            "quarter": 1,
            "eps": 0.42,
            "eps_growth_year": 40,
            "eps_4q": 1.46,
            "eps_4q_growth_year": 65.25,
            "roe": 2.46,
            "roe_4q": 8.81,
            "gross_profit": 77357,
            "gross_margin": 18.41,
            "gross_margin_4q_avg": 14.05,
            "net_income": 27790,
            "net_income_4q": null,
            "revenue": 420128,
            "revenue_4q": null,
            "common_shares": 660000,
            "book_valuer_per_share": 17.37,
            "book_valuer_per_share_4q_avg": 16.73,
            "equity": 1146640,
            "current_ratio": 223.57,
            "debt_ratio": 24.08,
            "inventory_turnover_ratio": 1.18,
            "account_receivable_turnover_ratio": null,
            "reinvestment_rate": -11.34,
            "research_to_sale_ratio": null,
            "price_fair": 3.73,
            "eps_avg_yearly": 1.24,
            "eps_latest_yearly": 1.68,
            "eps_growth_yearly": -8
        },
        "20072": {
            "year_quarter": 20072,
            "year": 2007,
            "quarter": 2,
            "eps": 0.18,
            "eps_growth_year": -57.14,
            "eps_4q": 1.2,
            "eps_4q_growth_year": 8.03,
            "roe": 1.09,
            "roe_4q": 7.32,
            "gross_profit": 47954,
            "gross_margin": 10.43,
            "gross_margin_4q_avg": 13.67,
            "net_income": 12140,
            "net_income_4q": null,
            "revenue": 459845,
            "revenue_4q": null,
            "common_shares": 660000,
            "book_valuer_per_share": 16.42,
            "book_valuer_per_share_4q_avg": 16.81,
            "equity": 1083977,
            "current_ratio": 165.22,
            "debt_ratio": 32.18,
            "inventory_turnover_ratio": 2.35,
            "account_receivable_turnover_ratio": null,
            "reinvestment_rate": -11.06,
            "research_to_sale_ratio": null,
            "price_fair": 3.49,
            "eps_avg_yearly": 1.16,
            "eps_latest_yearly": 0.72,
            "eps_growth_yearly": -14.43
        },
        "20073": {
            "year_quarter": 20073,
            "year": 2007,
            "quarter": 3,
            "eps": 0.88,
            "eps_growth_year": 214.29,
            "eps_4q": 1.83,
            "eps_4q_growth_year": 62.11,
            "roe": 5.23,
            "roe_4q": 10.82,
            "gross_profit": 93652,
            "gross_margin": 14.36,
            "gross_margin_4q_avg": 14.36,
            "net_income": 58097,
            "net_income_4q": null,
            "revenue": 652217,
            "revenue_4q": null,
            "common_shares": 660000,
            "book_valuer_per_share": 17.26,
            "book_valuer_per_share_4q_avg": 16.97,
            "equity": 1139082,
            "current_ratio": 145.65,
            "debt_ratio": 40.74,
            "inventory_turnover_ratio": 2.32,
            "account_receivable_turnover_ratio": null,
            "reinvestment_rate": -9.25,
            "research_to_sale_ratio": null,
            "price_fair": 46.2,
            "eps_avg_yearly": 1.32,
            "eps_latest_yearly": 3.52,
            "eps_growth_yearly": 110.12
        },
        "20074": {
            "year_quarter": 20074,
            "year": 2007,
            "quarter": 4,
            "eps": 1.9,
            "eps_growth_year": 458.82,
            "eps_4q": 3.39,
            "eps_4q_growth_year": 152.44,
            "roe": 10.17,
            "roe_4q": 18.950000000000003,
            "gross_profit": 156922,
            "gross_margin": 18.86,
            "gross_margin_4q_avg": 15.52,
            "net_income": 125285,
            "net_income_4q": null,
            "revenue": 832242,
            "revenue_4q": null,
            "common_shares": 660000,
            "book_valuer_per_share": 20.08,
            "book_valuer_per_share_4q_avg": 17.78,
            "equity": 1325541,
            "current_ratio": 168.81,
            "debt_ratio": 61.4,
            "inventory_turnover_ratio": 0.95,
            "account_receivable_turnover_ratio": null,
            "reinvestment_rate": 96.76,
            "research_to_sale_ratio": null,
            "price_fair": 61.92,
            "eps_avg_yearly": 1.77,
            "eps_latest_yearly": 7.6,
            "eps_growth_yearly": 139.97
        },
        "20081": {
            "year_quarter": 20081,
            "year": 2008,
            "quarter": 1,
            "eps": 1.05,
            "eps_growth_year": 150,
            "eps_4q": 4,
            "eps_4q_growth_year": 174.31,
            "roe": 5.07,
            "roe_4q": 21.56,
            "gross_profit": 173320,
            "gross_margin": 17.44,
            "gross_margin_4q_avg": 15.27,
            "net_income": 69481,
            "net_income_4q": null,
            "revenue": 993681,
            "revenue_4q": null,
            "common_shares": 666639,
            "book_valuer_per_share": 20.55,
            "book_valuer_per_share_4q_avg": 18.58,
            "equity": 1414012,
            "current_ratio": 180.83,
            "debt_ratio": 58.45,
            "inventory_turnover_ratio": 0.69,
            "account_receivable_turnover_ratio": null,
            "reinvestment_rate": 137.1,
            "research_to_sale_ratio": null,
            "price_fair": 69.25,
            "eps_avg_yearly": 1.98,
            "eps_latest_yearly": 4.2,
            "eps_growth_yearly": 131.1
        },
        "20082": {
            "year_quarter": 20082,
            "year": 2008,
            "quarter": 2,
            "eps": -0.19,
            "eps_growth_year": -205.56,
            "eps_4q": 3.58,
            "eps_4q_growth_year": 197.58,
            "roe": -0.88,
            "roe_4q": 19.59,
            "gross_profit": 111397,
            "gross_margin": 11.67,
            "gross_margin_4q_avg": 15.58,
            "net_income": -11664,
            "net_income_4q": null,
            "revenue": 954747,
            "revenue_4q": null,
            "common_shares": 671389,
            "book_valuer_per_share": 17.98,
            "book_valuer_per_share_4q_avg": 18.97,
            "equity": 1250114,
            "current_ratio": 166.85,
            "debt_ratio": 62.59,
            "inventory_turnover_ratio": 0.73,
            "account_receivable_turnover_ratio": null,
            "reinvestment_rate": 148.53,
            "research_to_sale_ratio": null,
            "price_fair": 72.45,
            "eps_avg_yearly": 2.07,
            "eps_latest_yearly": 4.2,
            "eps_growth_yearly": 155.53
        },
        "20083": {
            "year_quarter": 20083,
            "year": 2008,
            "quarter": 3,
            "eps": 0.75,
            "eps_growth_year": -14.77,
            "eps_4q": 3.43,
            "eps_4q_growth_year": 87.86,
            "roe": 3.89,
            "roe_4q": 18.25,
            "gross_profit": 111614,
            "gross_margin": 10.99,
            "gross_margin_4q_avg": 14.74,
            "net_income": 50786,
            "net_income_4q": null,
            "revenue": 1015978,
            "revenue_4q": null,
            "common_shares": 671389,
            "book_valuer_per_share": 19.56,
            "book_valuer_per_share_4q_avg": 19.54,
            "equity": 1359846,
            "current_ratio": 184.57,
            "debt_ratio": 58.27,
            "inventory_turnover_ratio": 0.87,
            "account_receivable_turnover_ratio": null,
            "reinvestment_rate": 137.43,
            "research_to_sale_ratio": null,
            "price_fair": 78.4,
            "eps_avg_yearly": 2.24,
            "eps_latest_yearly": 4.2,
            "eps_growth_yearly": 197.77
        },
        "20084": {
            "year_quarter": 20084,
            "year": 2008,
            "quarter": 4,
            "eps": -1.11,
            "eps_growth_year": -158.42,
            "eps_4q": 0.5,
            "eps_4q_growth_year": -85.25,
            "roe": -5.67,
            "roe_4q": 2.4100000000000006,
            "gross_profit": 65297,
            "gross_margin": 7.67,
            "gross_margin_4q_avg": 11.94,
            "net_income": -75468,
            "net_income_4q": null,
            "revenue": 851389,
            "revenue_4q": null,
            "common_shares": 671389,
            "book_valuer_per_share": 18.76,
            "book_valuer_per_share_4q_avg": 19.21,
            "equity": 1301476,
            "current_ratio": 126.2,
            "debt_ratio": 54.51,
            "inventory_turnover_ratio": 0.84,
            "account_receivable_turnover_ratio": 3.86,
            "reinvestment_rate": 156.64,
            "research_to_sale_ratio": null,
            "price_fair": 78.4,
            "eps_avg_yearly": 2.24,
            "eps_latest_yearly": 4.2,
            "eps_growth_yearly": 197.77
        },
        "20091": {
            "year_quarter": 20091,
            "year": 2009,
            "quarter": 1,
            "eps": -0.12,
            "eps_growth_year": -111.43,
            "eps_4q": -0.67,
            "eps_4q_growth_year": -116.62,
            "roe": -0.83,
            "roe_4q": -3.4899999999999998,
            "gross_profit": 65103,
            "gross_margin": 8.35,
            "gross_margin_4q_avg": 9.67,
            "net_income": -10961,
            "net_income_4q": null,
            "revenue": 779223,
            "revenue_4q": null,
            "common_shares": 671389,
            "book_valuer_per_share": 19.43,
            "book_valuer_per_share_4q_avg": 18.93,
            "equity": 1349888,
            "current_ratio": 134.88,
            "debt_ratio": 51.76,
            "inventory_turnover_ratio": 0.95,
            "account_receivable_turnover_ratio": 1.8,
            "reinvestment_rate": 205.37,
            "research_to_sale_ratio": null,
            "price_fair": 78.4,
            "eps_avg_yearly": 2.24,
            "eps_latest_yearly": 4.2,
            "eps_growth_yearly": 197.77
        },
        "20092": {
            "year_quarter": 20092,
            "year": 2009,
            "quarter": 2,
            "eps": 0.76,
            "eps_growth_year": null,
            "eps_4q": 0.28,
            "eps_4q_growth_year": -92.08,
            "roe": 3.8,
            "roe_4q": 1.19,
            "gross_profit": 173155,
            "gross_margin": 20.43,
            "gross_margin_4q_avg": 11.86,
            "net_income": 50937,
            "net_income_4q": null,
            "revenue": 847524,
            "revenue_4q": null,
            "common_shares": 671389,
            "book_valuer_per_share": 19.24,
            "book_valuer_per_share_4q_avg": 19.25,
            "equity": 1333178,
            "current_ratio": 131.93,
            "debt_ratio": 54.36,
            "inventory_turnover_ratio": 1.09,
            "account_receivable_turnover_ratio": 2,
            "reinvestment_rate": 179.34,
            "research_to_sale_ratio": null,
            "price_fair": 78.4,
            "eps_avg_yearly": 2.24,
            "eps_latest_yearly": 4.2,
            "eps_growth_yearly": 197.77
        },
        "20093": {
            "year_quarter": 20093,
            "year": 2009,
            "quarter": 3,
            "eps": 2.52,
            "eps_growth_year": 236,
            "eps_4q": 2.08,
            "eps_4q_growth_year": -39.44,
            "roe": 11.88,
            "roe_4q": 9.18,
            "gross_profit": 285154,
            "gross_margin": 27.23,
            "gross_margin_4q_avg": 15.92,
            "net_income": 167675,
            "net_income_4q": null,
            "revenue": 1047097,
            "revenue_4q": null,
            "common_shares": 671389,
            "book_valuer_per_share": 21.6,
            "book_valuer_per_share_4q_avg": 19.76,
            "equity": 1489893,
            "current_ratio": 140.89,
            "debt_ratio": 55.34,
            "inventory_turnover_ratio": 1.03,
            "account_receivable_turnover_ratio": 2.31,
            "reinvestment_rate": 127.94,
            "research_to_sale_ratio": null,
            "price_fair": 107.29,
            "eps_avg_yearly": 3.07,
            "eps_latest_yearly": 10.08,
            "eps_growth_yearly": 275.06
        },
        "20094": {
            "year_quarter": 20094,
            "year": 2009,
            "quarter": 4,
            "eps": 1.96,
            "eps_growth_year": null,
            "eps_4q": 4.67,
            "eps_4q_growth_year": 835.78,
            "roe": 8.2,
            "roe_4q": 23.05,
            "gross_profit": 289305,
            "gross_margin": 25.16,
            "gross_margin_4q_avg": 20.29,
            "net_income": 134133,
            "net_income_4q": null,
            "revenue": 1149841,
            "revenue_4q": null,
            "common_shares": 738273,
            "book_valuer_per_share": 23.62,
            "book_valuer_per_share_4q_avg": 20.97,
            "equity": 1783117,
            "current_ratio": 155.83,
            "debt_ratio": 47.5,
            "inventory_turnover_ratio": 0.91,
            "account_receivable_turnover_ratio": 4.93,
            "reinvestment_rate": 242.82,
            "research_to_sale_ratio": null,
            "price_fair": 130.45,
            "eps_avg_yearly": 3.73,
            "eps_latest_yearly": 7.84,
            "eps_growth_yearly": 282.98
        },
        "20101": {
            "year_quarter": 20101,
            "year": 2010,
            "quarter": 1,
            "eps": 1.78,
            "eps_growth_year": null,
            "eps_4q": 6.55,
            "eps_4q_growth_year": null,
            "roe": 7.11,
            "roe_4q": 30.99,
            "gross_profit": 253917,
            "gross_margin": 24.08,
            "gross_margin_4q_avg": 24.23,
            "net_income": 131211,
            "net_income_4q": null,
            "revenue": 1054273,
            "revenue_4q": null,
            "common_shares": 739715,
            "book_valuer_per_share": 25.28,
            "book_valuer_per_share_4q_avg": 22.44,
            "equity": 1907560,
            "current_ratio": 183.72,
            "debt_ratio": 40.24,
            "inventory_turnover_ratio": 0.82,
            "account_receivable_turnover_ratio": 2.28,
            "reinvestment_rate": 242.87,
            "research_to_sale_ratio": 0.19,
            "price_fair": 149.29,
            "eps_avg_yearly": 4.27,
            "eps_latest_yearly": 7.12,
            "eps_growth_yearly": 238.08
        },
        "20102": {
            "year_quarter": 20102,
            "year": 2010,
            "quarter": 2,
            "eps": 1.3,
            "eps_growth_year": 71.14,
            "eps_4q": 7.1,
            "eps_4q_growth_year": 2404.82,
            "roe": 5.32,
            "roe_4q": 32.51,
            "gross_profit": 219036,
            "gross_margin": 20.75,
            "gross_margin_4q_avg": 24.31,
            "net_income": 98339,
            "net_income_4q": null,
            "revenue": 1055358,
            "revenue_4q": null,
            "common_shares": 746830,
            "book_valuer_per_share": 23.4,
            "book_valuer_per_share_4q_avg": 23.48,
            "equity": 1786830,
            "current_ratio": 157.26,
            "debt_ratio": 45.91,
            "inventory_turnover_ratio": 0.9,
            "account_receivable_turnover_ratio": 2.09,
            "reinvestment_rate": 234.47,
            "research_to_sale_ratio": 0.18,
            "price_fair": 160.49,
            "eps_avg_yearly": 4.59,
            "eps_latest_yearly": 5.2,
            "eps_growth_yearly": 213.73
        },
        "20103": {
            "year_quarter": 20103,
            "year": 2010,
            "quarter": 3,
            "eps": 1.86,
            "eps_growth_year": -26.1,
            "eps_4q": 6.62,
            "eps_4q_growth_year": 218.78,
            "roe": 7.67,
            "roe_4q": 28.3,
            "gross_profit": 309409,
            "gross_margin": 29.08,
            "gross_margin_4q_avg": 24.77,
            "net_income": 142073,
            "net_income_4q": null,
            "revenue": 1064055,
            "revenue_4q": null,
            "common_shares": 759373,
            "book_valuer_per_share": 24.78,
            "book_valuer_per_share_4q_avg": 24.27,
            "equity": 1920024,
            "current_ratio": 190.73,
            "debt_ratio": 39.9,
            "inventory_turnover_ratio": 0.78,
            "account_receivable_turnover_ratio": 2.01,
            "reinvestment_rate": 222.29,
            "research_to_sale_ratio": 0.18,
            "price_fair": 180.6,
            "eps_avg_yearly": 5.16,
            "eps_latest_yearly": 7.44,
            "eps_growth_yearly": 241.51
        },
        "20104": {
            "year_quarter": 20104,
            "year": 2010,
            "quarter": 4,
            "eps": 1.8,
            "eps_growth_year": -8.38,
            "eps_4q": 6.42,
            "eps_4q_growth_year": 37.43,
            "roe": 7.27,
            "roe_4q": 27.369999999999997,
            "gross_profit": 244278,
            "gross_margin": 19.97,
            "gross_margin_4q_avg": 23.47,
            "net_income": 145417,
            "net_income_4q": null,
            "revenue": 1223050,
            "revenue_4q": null,
            "common_shares": 798851,
            "book_valuer_per_share": 25.54,
            "book_valuer_per_share_4q_avg": 24.75,
            "equity": 2077724,
            "current_ratio": 220.59,
            "debt_ratio": 34.25,
            "inventory_turnover_ratio": 0.95,
            "account_receivable_turnover_ratio": 2.26,
            "reinvestment_rate": 162.8,
            "research_to_sale_ratio": 0.06,
            "price_fair": 199.18,
            "eps_avg_yearly": 5.69,
            "eps_latest_yearly": 7.2,
            "eps_growth_yearly": 232.55
        },
        "20111": {
            "year_quarter": 20111,
            "year": 2011,
            "quarter": 1,
            "eps": 1.2,
            "eps_growth_year": -32.58,
            "eps_4q": 5.95,
            "eps_4q_growth_year": -9.18,
            "roe": 4.46,
            "roe_4q": 24.72,
            "gross_profit": 192876,
            "gross_margin": 17.66,
            "gross_margin_4q_avg": 21.87,
            "net_income": 95348,
            "net_income_4q": null,
            "revenue": 1092095,
            "revenue_4q": null,
            "common_shares": 803659,
            "book_valuer_per_share": 26.89,
            "book_valuer_per_share_4q_avg": 25.15,
            "equity": 2195168,
            "current_ratio": 220.96,
            "debt_ratio": 34.97,
            "inventory_turnover_ratio": 0.8,
            "account_receivable_turnover_ratio": 1.8,
            "reinvestment_rate": 178.25,
            "research_to_sale_ratio": 0.15,
            "price_fair": 209.11,
            "eps_avg_yearly": 5.97,
            "eps_latest_yearly": 4.8,
            "eps_growth_yearly": 211.87
        },
        "20112": {
            "year_quarter": 20112,
            "year": 2011,
            "quarter": 2,
            "eps": 0.86,
            "eps_growth_year": -33.98,
            "eps_4q": 5.54,
            "eps_4q_growth_year": -22.08,
            "roe": 3.51,
            "roe_4q": 22.909999999999997,
            "gross_profit": 172798,
            "gross_margin": 15.61,
            "gross_margin_4q_avg": 20.58,
            "net_income": 72465,
            "net_income_4q": null,
            "revenue": 1106749,
            "revenue_4q": null,
            "common_shares": 815018,
            "book_valuer_per_share": 23.26,
            "book_valuer_per_share_4q_avg": 25.12,
            "equity": 1932258,
            "current_ratio": 171.03,
            "debt_ratio": 43.2,
            "inventory_turnover_ratio": 0.75,
            "account_receivable_turnover_ratio": 1.71,
            "reinvestment_rate": 169.01,
            "research_to_sale_ratio": 0.21,
            "price_fair": 217.76,
            "eps_avg_yearly": 6.22,
            "eps_latest_yearly": 3.44,
            "eps_growth_yearly": 222.35
        },
        "20113": {
            "year_quarter": 20113,
            "year": 2011,
            "quarter": 3,
            "eps": 0.96,
            "eps_growth_year": -48.29,
            "eps_4q": 4.76,
            "eps_4q_growth_year": -28.12,
            "roe": 4.08,
            "roe_4q": 19.32,
            "gross_profit": 178124,
            "gross_margin": 13.51,
            "gross_margin_4q_avg": 16.69,
            "net_income": 82244,
            "net_income_4q": null,
            "revenue": 1318247,
            "revenue_4q": null,
            "common_shares": 815854,
            "book_valuer_per_share": 25.22,
            "book_valuer_per_share_4q_avg": 25.23,
            "equity": 2099497,
            "current_ratio": 187.4,
            "debt_ratio": 40.21,
            "inventory_turnover_ratio": 0.94,
            "account_receivable_turnover_ratio": 1.77,
            "reinvestment_rate": 185.39,
            "research_to_sale_ratio": 0.11,
            "price_fair": 218.78,
            "eps_avg_yearly": 6.25,
            "eps_latest_yearly": 3.84,
            "eps_growth_yearly": 85.16
        },
        "20114": {
            "year_quarter": 20114,
            "year": 2011,
            "quarter": 4,
            "eps": 0.86,
            "eps_growth_year": -52.1,
            "eps_4q": 3.86,
            "eps_4q_growth_year": -39.9,
            "roe": 3.49,
            "roe_4q": 15.54,
            "gross_profit": 181979,
            "gross_margin": 13.86,
            "gross_margin_4q_avg": 15.16,
            "net_income": 74218,
            "net_income_4q": null,
            "revenue": 1313222,
            "revenue_4q": null,
            "common_shares": 815854,
            "book_valuer_per_share": 25.88,
            "book_valuer_per_share_4q_avg": 25.31,
            "equity": 2156863,
            "current_ratio": 233.76,
            "debt_ratio": 30.97,
            "inventory_turnover_ratio": 1.05,
            "account_receivable_turnover_ratio": 1.87,
            "reinvestment_rate": 133.47,
            "research_to_sale_ratio": 0.12,
            "price_fair": 205.55,
            "eps_avg_yearly": 5.87,
            "eps_latest_yearly": 3.44,
            "eps_growth_yearly": 39.22
        },
        "20121": {
            "year_quarter": 20121,
            "year": 2012,
            "quarter": 1,
            "eps": 1.09,
            "eps_growth_year": -9.17,
            "eps_4q": 3.77,
            "eps_4q_growth_year": -36.72,
            "roe": 4.16,
            "roe_4q": 15.24,
            "gross_profit": 218666,
            "gross_margin": 17.7,
            "gross_margin_4q_avg": 15.17,
            "net_income": 90886,
            "net_income_4q": null,
            "revenue": 1235485,
            "revenue_4q": null,
            "common_shares": 815854,
            "book_valuer_per_share": 26.58,
            "book_valuer_per_share_4q_avg": 25.24,
            "equity": 2215867,
            "current_ratio": 271.62,
            "debt_ratio": 27.13,
            "inventory_turnover_ratio": 0.96,
            "account_receivable_turnover_ratio": 2.21,
            "reinvestment_rate": 129.57,
            "research_to_sale_ratio": 1.15,
            "price_fair": 206.05,
            "eps_avg_yearly": 5.89,
            "eps_latest_yearly": 4.36,
            "eps_growth_yearly": 65.22
        },
        "20122": {
            "year_quarter": 20122,
            "year": 2012,
            "quarter": 2,
            "eps": 1.91,
            "eps_growth_year": 122.34,
            "eps_4q": 4.82,
            "eps_4q_growth_year": -12.97,
            "roe": 7.21,
            "roe_4q": 18.94,
            "gross_profit": 326674,
            "gross_margin": 21.64,
            "gross_margin_4q_avg": 16.68,
            "net_income": 158648,
            "net_income_4q": null,
            "revenue": 1509272,
            "revenue_4q": null,
            "common_shares": 815854,
            "book_valuer_per_share": 26.16,
            "book_valuer_per_share_4q_avg": 25.96,
            "equity": 2184348,
            "current_ratio": 209.41,
            "debt_ratio": 35.56,
            "inventory_turnover_ratio": 1.08,
            "account_receivable_turnover_ratio": 2.46,
            "reinvestment_rate": 123.12,
            "research_to_sale_ratio": 1.2,
            "price_fair": 211.17,
            "eps_avg_yearly": 6.03,
            "eps_latest_yearly": 7.64,
            "eps_growth_yearly": 84.86
        },
        "20123": {
            "year_quarter": 20123,
            "year": 2012,
            "quarter": 3,
            "eps": 2.3,
            "eps_growth_year": 138.88,
            "eps_4q": 6.15,
            "eps_4q_growth_year": 29.31,
            "roe": 8.48,
            "roe_4q": 23.340000000000003,
            "gross_profit": 373494,
            "gross_margin": 22.92,
            "gross_margin_4q_avg": 19.03,
            "net_income": 192176,
            "net_income_4q": null,
            "revenue": 1629801,
            "revenue_4q": null,
            "common_shares": 815854,
            "book_valuer_per_share": 28.14,
            "book_valuer_per_share_4q_avg": 26.69,
            "equity": 2349363,
            "current_ratio": 248.05,
            "debt_ratio": 31.78,
            "inventory_turnover_ratio": 1.1,
            "account_receivable_turnover_ratio": 2.27,
            "reinvestment_rate": 113.03,
            "research_to_sale_ratio": 0.7,
            "price_fair": 219.69,
            "eps_avg_yearly": 6.28,
            "eps_latest_yearly": 9.2,
            "eps_growth_yearly": 84.61
        },
        "20124": {
            "year_quarter": 20124,
            "year": 2012,
            "quarter": 4,
            "eps": 2.28,
            "eps_growth_year": 165.27,
            "eps_4q": 7.58,
            "eps_4q_growth_year": 96.2,
            "roe": 7.8,
            "roe_4q": 27.650000000000002,
            "gross_profit": 352037,
            "gross_margin": 23.06,
            "gross_margin_4q_avg": 21.33,
            "net_income": 189366,
            "net_income_4q": null,
            "revenue": 1526514,
            "revenue_4q": null,
            "common_shares": 815854,
            "book_valuer_per_share": 30.05,
            "book_valuer_per_share_4q_avg": 27.73,
            "equity": 2504165,
            "current_ratio": 276.41,
            "debt_ratio": 29.79,
            "inventory_turnover_ratio": 0.93,
            "account_receivable_turnover_ratio": 1.96,
            "reinvestment_rate": 90.2,
            "research_to_sale_ratio": -2.43,
            "price_fair": 226.8,
            "eps_avg_yearly": 6.48,
            "eps_latest_yearly": 9.12,
            "eps_growth_yearly": 78.32
        },
        "20131": {
            "year_quarter": 20131,
            "year": 2013,
            "quarter": 1,
            "eps": 2.24,
            "eps_growth_year": 105.5,
            "eps_4q": 8.73,
            "eps_4q_growth_year": 131.74,
            "roe": 7.07,
            "roe_4q": 30.560000000000002,
            "gross_profit": 299073,
            "gross_margin": 22.16,
            "gross_margin_4q_avg": 22.45,
            "net_income": 184443,
            "net_income_4q": null,
            "revenue": 1349625,
            "revenue_4q": null,
            "common_shares": 815854,
            "book_valuer_per_share": 32.56,
            "book_valuer_per_share_4q_avg": 29.23,
            "equity": 2712077,
            "current_ratio": 332.65,
            "debt_ratio": 27,
            "inventory_turnover_ratio": 0.82,
            "account_receivable_turnover_ratio": 1.66,
            "reinvestment_rate": -8.65,
            "research_to_sale_ratio": 0.49,
            "price_fair": 232.59,
            "eps_avg_yearly": 6.65,
            "eps_latest_yearly": 8.96,
            "eps_growth_yearly": 72.63
        },
        "20132": {
            "year_quarter": 20132,
            "year": 2013,
            "quarter": 2,
            "eps": 1.61,
            "eps_growth_year": -15.67,
            "eps_4q": 8.43,
            "eps_4q_growth_year": 74.96,
            "roe": 5.04,
            "roe_4q": 28.39,
            "gross_profit": 263288,
            "gross_margin": 19.99,
            "gross_margin_4q_avg": 22.03,
            "net_income": 131405,
            "net_income_4q": null,
            "revenue": 1317300,
            "revenue_4q": null,
            "common_shares": 815854,
            "book_valuer_per_share": 29.94,
            "book_valuer_per_share_4q_avg": 30.17,
            "equity": 2499005,
            "current_ratio": 231.96,
            "debt_ratio": 36.34,
            "inventory_turnover_ratio": 0.82,
            "account_receivable_turnover_ratio": 1.84,
            "reinvestment_rate": -6.31,
            "research_to_sale_ratio": 0.55,
            "price_fair": 232.14,
            "eps_avg_yearly": 6.63,
            "eps_latest_yearly": 6.44,
            "eps_growth_yearly": 61.06
        },
        "20133": {
            "year_quarter": 20133,
            "year": 2013,
            "quarter": 3,
            "eps": 1.55,
            "eps_growth_year": -32.61,
            "eps_4q": 7.68,
            "eps_4q_growth_year": 24.72,
            "roe": 5.03,
            "roe_4q": 24.94,
            "gross_profit": 268188,
            "gross_margin": 17.48,
            "gross_margin_4q_avg": 20.67,
            "net_income": 128473,
            "net_income_4q": null,
            "revenue": 1534336,
            "revenue_4q": null,
            "common_shares": 815854,
            "book_valuer_per_share": 31.28,
            "book_valuer_per_share_4q_avg": 30.96,
            "equity": 2609719,
            "current_ratio": 265.9,
            "debt_ratio": 32.24,
            "inventory_turnover_ratio": 0.92,
            "account_receivable_turnover_ratio": 2.37,
            "reinvestment_rate": -4.41,
            "research_to_sale_ratio": 0.63,
            "price_fair": 78.18,
            "eps_avg_yearly": 6.39,
            "eps_latest_yearly": 6.2,
            "eps_growth_yearly": 2.24
        },
        "20134": {
            "year_quarter": 20134,
            "year": 2013,
            "quarter": 4,
            "eps": 1.63,
            "eps_growth_year": -28.66,
            "eps_4q": 7.02,
            "eps_4q_growth_year": -7.31,
            "roe": 5.03,
            "roe_4q": 22.17,
            "gross_profit": 278350,
            "gross_margin": 18.64,
            "gross_margin_4q_avg": 19.57,
            "net_income": 135017,
            "net_income_4q": null,
            "revenue": 1493518,
            "revenue_4q": null,
            "common_shares": 815854,
            "book_valuer_per_share": 33.13,
            "book_valuer_per_share_4q_avg": 31.73,
            "equity": 2757962,
            "current_ratio": 285.77,
            "debt_ratio": 30.7,
            "inventory_turnover_ratio": 0.9,
            "account_receivable_turnover_ratio": 2.13,
            "reinvestment_rate": -59.32,
            "research_to_sale_ratio": 0.58,
            "price_fair": 120.35,
            "eps_avg_yearly": 6.31,
            "eps_latest_yearly": 6.52,
            "eps_growth_yearly": 9.08
        },
        "20141": {
            "year_quarter": 20141,
            "year": 2014,
            "quarter": 1,
            "eps": 1.81,
            "eps_growth_year": -19.2,
            "eps_4q": 6.6,
            "eps_4q_growth_year": -24.4,
            "roe": 5.28,
            "roe_4q": 20.38,
            "gross_profit": 273958,
            "gross_margin": 17.51,
            "gross_margin_4q_avg": 18.41,
            "net_income": 150901,
            "net_income_4q": null,
            "revenue": 1564275,
            "revenue_4q": null,
            "common_shares": 815854,
            "book_valuer_per_share": 35.59,
            "book_valuer_per_share_4q_avg": 32.49,
            "equity": 2955112,
            "current_ratio": 337.29,
            "debt_ratio": 26.88,
            "inventory_turnover_ratio": 0.96,
            "account_receivable_turnover_ratio": 2.2,
            "reinvestment_rate": -60.43,
            "research_to_sale_ratio": 0.67,
            "price_fair": 152.43,
            "eps_avg_yearly": 6.32,
            "eps_latest_yearly": 7.24,
            "eps_growth_yearly": 14.14
        },
        "20142": {
            "year_quarter": 20142,
            "year": 2014,
            "quarter": 2,
            "eps": 1.7,
            "eps_growth_year": 5.59,
            "eps_4q": 6.69,
            "eps_4q_growth_year": -20.62,
            "roe": 5.14,
            "roe_4q": 20.48,
            "gross_profit": 322232,
            "gross_margin": 19.18,
            "gross_margin_4q_avg": 18.2,
            "net_income": 143400,
            "net_income_4q": null,
            "revenue": 1680190,
            "revenue_4q": null,
            "common_shares": 815854,
            "book_valuer_per_share": 31.37,
            "book_valuer_per_share_4q_avg": 32.84,
            "equity": 2619235,
            "current_ratio": 225.51,
            "debt_ratio": 38.29,
            "inventory_turnover_ratio": 0.99,
            "account_receivable_turnover_ratio": 2.31,
            "reinvestment_rate": -64.86,
            "research_to_sale_ratio": 0.45,
            "price_fair": 188.34,
            "eps_avg_yearly": 6.42,
            "eps_latest_yearly": 6.8,
            "eps_growth_yearly": 19.36
        },
        "20143": {
            "year_quarter": 20143,
            "year": 2014,
            "quarter": 3,
            "eps": 2.24,
            "eps_growth_year": 44.52,
            "eps_4q": 7.38,
            "eps_4q_growth_year": -3.86,
            "roe": 6.83,
            "roe_4q": 22.28,
            "gross_profit": 337683,
            "gross_margin": 19.27,
            "gross_margin_4q_avg": 18.65,
            "net_income": 186294,
            "net_income_4q": null,
            "revenue": 1752461,
            "revenue_4q": null,
            "common_shares": 815854,
            "book_valuer_per_share": 33.94,
            "book_valuer_per_share_4q_avg": 33.51,
            "equity": 2834051,
            "current_ratio": 294.96,
            "debt_ratio": 30.8,
            "inventory_turnover_ratio": 0.97,
            "account_receivable_turnover_ratio": 2.26,
            "reinvestment_rate": -70.1,
            "research_to_sale_ratio": 0.56,
            "price_fair": 172.72,
            "eps_avg_yearly": 6.51,
            "eps_latest_yearly": 8.96,
            "eps_growth_yearly": 16.53
        },
        "20144": {
            "year_quarter": 20144,
            "year": 2014,
            "quarter": 4,
            "eps": 2.33,
            "eps_growth_year": 43.4,
            "eps_4q": 8.09,
            "eps_4q_growth_year": 15.15,
            "roe": 6.6,
            "roe_4q": 23.85,
            "gross_profit": 364682,
            "gross_margin": 20.62,
            "gross_margin_4q_avg": 19.15,
            "net_income": 195898,
            "net_income_4q": null,
            "revenue": 1768907,
            "revenue_4q": null,
            "common_shares": 815854,
            "book_valuer_per_share": 37.2,
            "book_valuer_per_share_4q_avg": 34.53,
            "equity": 3098664,
            "current_ratio": 338.45,
            "debt_ratio": 27.15,
            "inventory_turnover_ratio": 0.91,
            "account_receivable_turnover_ratio": 2.17,
            "reinvestment_rate": -60.36,
            "research_to_sale_ratio": 0.49,
            "price_fair": 188.27,
            "eps_avg_yearly": 6.64,
            "eps_latest_yearly": 9.32,
            "eps_growth_yearly": 18.34
        },
        "20151": {
            "year_quarter": 20151,
            "year": 2015,
            "quarter": 1,
            "eps": 1.89,
            "eps_growth_year": 4.42,
            "eps_4q": 8.17,
            "eps_4q_growth_year": 23.79,
            "roe": 5.17,
            "roe_4q": 23.740000000000002,
            "gross_profit": 322722,
            "gross_margin": 18.8,
            "gross_margin_4q_avg": 19.47,
            "net_income": 163903,
            "net_income_4q": null,
            "revenue": 1716957,
            "revenue_4q": null,
            "common_shares": 815854,
            "book_valuer_per_share": 38.91,
            "book_valuer_per_share_4q_avg": 35.36,
            "equity": 3246082,
            "current_ratio": 355.95,
            "debt_ratio": 26.25,
            "inventory_turnover_ratio": 0.96,
            "account_receivable_turnover_ratio": 2.12,
            "reinvestment_rate": -59.54,
            "research_to_sale_ratio": 0.53,
            "price_fair": 217.77,
            "eps_avg_yearly": 6.82,
            "eps_latest_yearly": 7.56,
            "eps_growth_yearly": 21.95
        },
        "20152": {
            "year_quarter": 20152,
            "year": 2015,
            "quarter": 2,
            "eps": 1.94,
            "eps_growth_year": 14.12,
            "eps_4q": 8.41,
            "eps_4q_growth_year": 25.68,
            "roe": 5.48,
            "roe_4q": 24.08,
            "gross_profit": 344832,
            "gross_margin": 19.85,
            "gross_margin_4q_avg": 19.64,
            "net_income": 166886,
            "net_income_4q": null,
            "revenue": 1736867,
            "revenue_4q": null,
            "common_shares": 815854,
            "book_valuer_per_share": 33.93,
            "book_valuer_per_share_4q_avg": 36,
            "equity": 2846048,
            "current_ratio": 249.75,
            "debt_ratio": 35.33,
            "inventory_turnover_ratio": 1.01,
            "account_receivable_turnover_ratio": 2.11,
            "reinvestment_rate": -57.2,
            "research_to_sale_ratio": 0.52,
            "price_fair": 247.98,
            "eps_avg_yearly": 7.09,
            "eps_latest_yearly": 7.76,
            "eps_growth_yearly": 29.7
        },
        "20153": {
            "year_quarter": 20153,
            "year": 2015,
            "quarter": 3,
            "eps": 3.08,
            "eps_growth_year": 37.5,
            "eps_4q": 9.25,
            "eps_4q_growth_year": 25.36,
            "roe": 8.53,
            "roe_4q": 25.78,
            "gross_profit": 381109,
            "gross_margin": 21.35,
            "gross_margin_4q_avg": 20.16,
            "net_income": 259137,
            "net_income_4q": null,
            "revenue": 1785281,
            "revenue_4q": null,
            "common_shares": 815854,
            "book_valuer_per_share": 38.48,
            "book_valuer_per_share_4q_avg": 37.13,
            "equity": 3228576,
            "current_ratio": 343.19,
            "debt_ratio": 27.86,
            "inventory_turnover_ratio": 1,
            "account_receivable_turnover_ratio": 2.01,
            "reinvestment_rate": -59.47,
            "research_to_sale_ratio": 0.53,
            "price_fair": 266.53,
            "eps_avg_yearly": 7.62,
            "eps_latest_yearly": 12.32,
            "eps_growth_yearly": 41.48
        },
        "20154": {
            "year_quarter": 20154,
            "year": 2015,
            "quarter": 4,
            "eps": 2.5,
            "eps_growth_year": 7.11,
            "eps_4q": 9.4,
            "eps_4q_growth_year": 16.25,
            "roe": 6.36,
            "roe_4q": 25.54,
            "gross_profit": 381115,
            "gross_margin": 22.36,
            "gross_margin_4q_avg": 20.59,
            "net_income": 211679,
            "net_income_4q": null,
            "revenue": 1704766,
            "revenue_4q": null,
            "common_shares": 817854,
            "book_valuer_per_share": 40.88,
            "book_valuer_per_share_4q_avg": 38.05,
            "equity": 3426286,
            "current_ratio": 365.96,
            "debt_ratio": 25.66,
            "inventory_turnover_ratio": 0.94,
            "account_receivable_turnover_ratio": 2,
            "reinvestment_rate": -48.83,
            "research_to_sale_ratio": 0.6,
            "price_fair": 280.88,
            "eps_avg_yearly": 8.03,
            "eps_latest_yearly": 10,
            "eps_growth_yearly": 39.38
        },
        "20161": {
            "year_quarter": 20161,
            "year": 2016,
            "quarter": 1,
            "eps": 2.29,
            "eps_growth_year": 21.16,
            "eps_4q": 9.79,
            "eps_4q_growth_year": 19.87,
            "roe": 5.49,
            "roe_4q": 25.860000000000003,
            "gross_profit": 380301,
            "gross_margin": 23.74,
            "gross_margin_4q_avg": 21.83,
            "net_income": 192160,
            "net_income_4q": null,
            "revenue": 1601714,
            "revenue_4q": null,
            "common_shares": 817854,
            "book_valuer_per_share": 42.64,
            "book_valuer_per_share_4q_avg": 38.98,
            "equity": 3569387,
            "current_ratio": 439.02,
            "debt_ratio": 22.48,
            "inventory_turnover_ratio": 0.97,
            "account_receivable_turnover_ratio": 2,
            "reinvestment_rate": -45.89,
            "research_to_sale_ratio": 0.78,
            "price_fair": 291.38,
            "eps_avg_yearly": 8.33,
            "eps_latest_yearly": 9.16,
            "eps_growth_yearly": 30.59
        },
        "20162": {
            "year_quarter": 20162,
            "year": 2016,
            "quarter": 2,
            "eps": 2.96,
            "eps_growth_year": 52.58,
            "eps_4q": 10.81,
            "eps_4q_growth_year": 28.54,
            "roe": 7.28,
            "roe_4q": 27.659999999999997,
            "gross_profit": 440831,
            "gross_margin": 25.25,
            "gross_margin_4q_avg": 23.18,
            "net_income": 246644,
            "net_income_4q": null,
            "revenue": 1746101,
            "revenue_4q": null,
            "common_shares": 817854,
            "book_valuer_per_share": 38.16,
            "book_valuer_per_share_4q_avg": 40.04,
            "equity": 3208908,
            "current_ratio": 267.56,
            "debt_ratio": 33.4,
            "inventory_turnover_ratio": 1.13,
            "account_receivable_turnover_ratio": 1.98,
            "reinvestment_rate": -49.11,
            "research_to_sale_ratio": 0.6,
            "price_fair": 249.9,
            "eps_avg_yearly": 8.59,
            "eps_latest_yearly": 11.84,
            "eps_growth_yearly": 19.1
        },
        "20163": {
            "year_quarter": 20163,
            "year": 2016,
            "quarter": 3,
            "eps": 2.76,
            "eps_growth_year": -10.39,
            "eps_4q": 10.49,
            "eps_4q_growth_year": 13.42,
            "roe": 7.07,
            "roe_4q": 26.200000000000003,
            "gross_profit": 467789,
            "gross_margin": 25.34,
            "gross_margin_4q_avg": 24.17,
            "net_income": 232806,
            "net_income_4q": null,
            "revenue": 1845830,
            "revenue_4q": null,
            "common_shares": 817854,
            "book_valuer_per_share": 40.15,
            "book_valuer_per_share_4q_avg": 40.46,
            "equity": 3376114,
            "current_ratio": 276.71,
            "debt_ratio": 33.19,
            "inventory_turnover_ratio": 1.1,
            "account_receivable_turnover_ratio": 1.87,
            "reinvestment_rate": -51.39,
            "research_to_sale_ratio": 0.65,
            "price_fair": 194.13,
            "eps_avg_yearly": 8.7,
            "eps_latest_yearly": 11.04,
            "eps_growth_yearly": 12.31
        },
        "20164": {
            "year_quarter": 20164,
            "year": 2016,
            "quarter": 4,
            "eps": 3.29,
            "eps_growth_year": 31.71,
            "eps_4q": 11.29,
            "eps_4q_growth_year": 20.05,
            "roe": 7.83,
            "roe_4q": 27.67,
            "gross_profit": 442633,
            "gross_margin": 24.18,
            "gross_margin_4q_avg": 24.63,
            "net_income": 276636,
            "net_income_4q": null,
            "revenue": 1830237,
            "revenue_4q": null,
            "common_shares": 817854,
            "book_valuer_per_share": 44.08,
            "book_valuer_per_share_4q_avg": 41.26,
            "equity": 3694111,
            "current_ratio": 354.48,
            "debt_ratio": 27.31,
            "inventory_turnover_ratio": 0.94,
            "account_receivable_turnover_ratio": 1.77,
            "reinvestment_rate": -51.2,
            "research_to_sale_ratio": 0.7,
            "price_fair": 244.7,
            "eps_avg_yearly": 8.96,
            "eps_latest_yearly": 13.16,
            "eps_growth_yearly": 17.33
        },
        "20171": {
            "year_quarter": 20171,
            "year": 2017,
            "quarter": 1,
            "eps": 2.2,
            "eps_growth_year": -3.93,
            "eps_4q": 11.2,
            "eps_4q_growth_year": 14.42,
            "roe": 5,
            "roe_4q": 27.18,
            "gross_profit": 415855,
            "gross_margin": 24.17,
            "gross_margin_4q_avg": 24.74,
            "net_income": 184472,
            "net_income_4q": null,
            "revenue": 1720743,
            "revenue_4q": null,
            "common_shares": 817854,
            "book_valuer_per_share": 45.03,
            "book_valuer_per_share_4q_avg": 41.86,
            "equity": 3682498,
            "current_ratio": 425.88,
            "debt_ratio": 23.72,
            "inventory_turnover_ratio": 0.8,
            "account_receivable_turnover_ratio": 1.77,
            "reinvestment_rate": 6.48,
            "research_to_sale_ratio": 0.64,
            "price_fair": 174.26,
            "eps_avg_yearly": 8.95,
            "eps_latest_yearly": 8.8,
            "eps_growth_yearly": 9.48
        },
        "20172": {
            "year_quarter": 20172,
            "year": 2017,
            "quarter": 2,
            "eps": 3.27,
            "eps_growth_year": 10.47,
            "eps_4q": 11.51,
            "eps_4q_growth_year": 6.47,
            "roe": 7.73,
            "roe_4q": 27.630000000000003,
            "gross_profit": 455865,
            "gross_margin": 23.02,
            "gross_margin_4q_avg": 24.18,
            "net_income": 266717,
            "net_income_4q": null,
            "revenue": 1980341,
            "revenue_4q": null,
            "common_shares": 817854,
            "book_valuer_per_share": 39.36,
            "book_valuer_per_share_4q_avg": 42.16,
            "equity": 3219471,
            "current_ratio": 254.59,
            "debt_ratio": 35.25,
            "inventory_turnover_ratio": 0.91,
            "account_receivable_turnover_ratio": 2.05,
            "reinvestment_rate": 5.53,
            "research_to_sale_ratio": 0.52,
            "price_fair": 327.6,
            "eps_avg_yearly": 9.36,
            "eps_latest_yearly": 13.08,
            "eps_growth_yearly": 28.67
        },
        "20173": {
            "year_quarter": 20173,
            "year": 2017,
            "quarter": 3,
            "eps": 2.67,
            "eps_growth_year": -3.26,
            "eps_4q": 11.42,
            "eps_4q_growth_year": 8.82,
            "roe": 6.56,
            "roe_4q": 27.119999999999997,
            "gross_profit": 400448,
            "gross_margin": 20.22,
            "gross_margin_4q_avg": 22.9,
            "net_income": 218025,
            "net_income_4q": null,
            "revenue": 1980684,
            "revenue_4q": null,
            "common_shares": 817854,
            "book_valuer_per_share": 41.86,
            "book_valuer_per_share_4q_avg": 42.58,
            "equity": 3423433,
            "current_ratio": 262.5,
            "debt_ratio": 34.15,
            "inventory_turnover_ratio": 0.94,
            "account_receivable_turnover_ratio": 1.81,
            "reinvestment_rate": 4.21,
            "research_to_sale_ratio": 0.59,
            "price_fair": 337.4,
            "eps_avg_yearly": 9.64,
            "eps_latest_yearly": 10.68,
            "eps_growth_yearly": 25.02
        },
        "20174": {
            "year_quarter": 20174,
            "year": 2017,
            "quarter": 4,
            "eps": 2.89,
            "eps_growth_year": -12.08,
            "eps_4q": 11.02,
            "eps_4q_growth_year": -2.35,
            "roe": 6.72,
            "roe_4q": 26.009999999999998,
            "gross_profit": 483135,
            "gross_margin": 23.1,
            "gross_margin_4q_avg": 22.63,
            "net_income": 236717,
            "net_income_4q": null,
            "revenue": 2091063,
            "revenue_4q": null,
            "common_shares": 817854,
            "book_valuer_per_share": 44.34,
            "book_valuer_per_share_4q_avg": 42.65,
            "equity": 3626569,
            "current_ratio": 305.38,
            "debt_ratio": 31.04,
            "inventory_turnover_ratio": 0.97,
            "account_receivable_turnover_ratio": 1.77,
            "reinvestment_rate": 3.05,
            "research_to_sale_ratio": 0.52,
            "price_fair": 348.43,
            "eps_avg_yearly": 9.96,
            "eps_latest_yearly": 11.56,
            "eps_growth_yearly": 25.79
        },
        "20181": {
            "year_quarter": 20181,
            "year": 2018,
            "quarter": 1,
            "eps": 2.44,
            "eps_growth_year": 10.91,
            "eps_4q": 11.26,
            "eps_4q_growth_year": 0.52,
            "roe": 5.38,
            "roe_4q": 26.39,
            "gross_profit": 409769,
            "gross_margin": 20.66,
            "gross_margin_4q_avg": 21.75,
            "net_income": 199473,
            "net_income_4q": null,
            "revenue": 1983255,
            "revenue_4q": null,
            "common_shares": 817854,
            "book_valuer_per_share": 46.33,
            "book_valuer_per_share_4q_avg": 42.97,
            "equity": 3788779,
            "current_ratio": 343.65,
            "debt_ratio": 28.74,
            "inventory_turnover_ratio": 0.98,
            "account_receivable_turnover_ratio": 1.66,
            "reinvestment_rate": -0.88,
            "research_to_sale_ratio": 0.52,
            "price_fair": 294.6,
            "eps_avg_yearly": 10.11,
            "eps_latest_yearly": 9.76,
            "eps_growth_yearly": 19.13
        },
        "20182": {
            "year_quarter": 20182,
            "year": 2018,
            "quarter": 2,
            "eps": 3.67,
            "eps_growth_year": 12.23,
            "eps_4q": 11.66,
            "eps_4q_growth_year": 1.33,
            "roe": 8.3,
            "roe_4q": 26.959999999999997,
            "gross_profit": 434150,
            "gross_margin": 19.87,
            "gross_margin_4q_avg": 20.96,
            "net_income": 299443,
            "net_income_4q": null,
            "revenue": 2184489,
            "revenue_4q": null,
            "common_shares": 817854,
            "book_valuer_per_share": 41.9,
            "book_valuer_per_share_4q_avg": 43.61,
            "equity": 3426866,
            "current_ratio": 240.49,
            "debt_ratio": 38.35,
            "inventory_turnover_ratio": 1.1,
            "account_receivable_turnover_ratio": 1.72,
            "reinvestment_rate": 1.7,
            "research_to_sale_ratio": 0.49,
            "price_fair": 371.18,
            "eps_avg_yearly": 10.61,
            "eps_latest_yearly": 14.68,
            "eps_growth_yearly": 33.25
        },
        "20183": {
            "year_quarter": 20183,
            "year": 2018,
            "quarter": 3,
            "eps": 3.51,
            "eps_growth_year": 31.46,
            "eps_4q": 12.5,
            "eps_4q_growth_year": 9.45,
            "roe": 8.03,
            "roe_4q": 28.429999999999996,
            "gross_profit": 506410,
            "gross_margin": 22.9,
            "gross_margin_4q_avg": 21.63,
            "net_income": 286505,
            "net_income_4q": null,
            "revenue": 2211413,
            "revenue_4q": null,
            "common_shares": 817854,
            "book_valuer_per_share": 45.4,
            "book_valuer_per_share_4q_avg": 44.49,
            "equity": 3712982,
            "current_ratio": 265.6,
            "debt_ratio": 34.83,
            "inventory_turnover_ratio": 1.02,
            "account_receivable_turnover_ratio": 1.55,
            "reinvestment_rate": 1.22,
            "research_to_sale_ratio": 0.52,
            "price_fair": 373.8,
            "eps_avg_yearly": 10.92,
            "eps_latest_yearly": 14.04,
            "eps_growth_yearly": 24.22
        },
        "20184": {
            "year_quarter": 20184,
            "year": 2018,
            "quarter": 4,
            "eps": 2.42,
            "eps_growth_year": -16.54,
            "eps_4q": 12.02,
            "eps_4q_growth_year": 9.06,
            "roe": 5.18,
            "roe_4q": 26.889999999999997,
            "gross_profit": 480740,
            "gross_margin": 22.78,
            "gross_margin_4q_avg": 21.55,
            "net_income": 197575,
            "net_income_4q": null,
            "revenue": 2110709,
            "revenue_4q": null,
            "common_shares": 817854,
            "book_valuer_per_share": 47.89,
            "book_valuer_per_share_4q_avg": 45.38,
            "equity": 3916624,
            "current_ratio": 296.4,
            "debt_ratio": 32.62,
            "inventory_turnover_ratio": 0.92,
            "account_receivable_turnover_ratio": 1.53,
            "reinvestment_rate": -0.5,
            "research_to_sale_ratio": 0.6,
            "price_fair": 278.6,
            "eps_avg_yearly": 10.95,
            "eps_latest_yearly": 9.68,
            "eps_growth_yearly": 15.45
        },
        "20191": {
            "year_quarter": 20191,
            "year": 2019,
            "quarter": 1,
            "eps": 3.14,
            "eps_growth_year": 28.69,
            "eps_4q": 12.72,
            "eps_4q_growth_year": 12.94,
            "roe": 6.33,
            "roe_4q": 27.84,
            "gross_profit": 461044,
            "gross_margin": 22.96,
            "gross_margin_4q_avg": 22.13,
            "net_income": 256673,
            "net_income_4q": null,
            "revenue": 2008304,
            "revenue_4q": null,
            "common_shares": 817854,
            "book_valuer_per_share": 51.2,
            "book_valuer_per_share_4q_avg": 46.6,
            "equity": 4187414,
            "current_ratio": 441.07,
            "debt_ratio": 24.49,
            "inventory_turnover_ratio": 0.9,
            "account_receivable_turnover_ratio": 1.64,
            "reinvestment_rate": -0.32,
            "research_to_sale_ratio": 0.5,
            "price_fair": 394.01,
            "eps_avg_yearly": 11.26,
            "eps_latest_yearly": 12.56,
            "eps_growth_yearly": 27.61
        },
        "20192": {
            "year_quarter": 20192,
            "year": 2019,
            "quarter": 2,
            "eps": 3.15,
            "eps_growth_year": -14.17,
            "eps_4q": 12.2,
            "eps_4q_growth_year": 4.66,
            "roe": 6.57,
            "roe_4q": 26.11,
            "gross_profit": 464318,
            "gross_margin": 23.15,
            "gross_margin_4q_avg": 22.95,
            "net_income": 257410,
            "net_income_4q": null,
            "revenue": 2005878,
            "revenue_4q": null,
            "common_shares": 817854,
            "book_valuer_per_share": 44.57,
            "book_valuer_per_share_4q_avg": 47.27,
            "equity": 3645232,
            "current_ratio": 284.41,
            "debt_ratio": 34.66,
            "inventory_turnover_ratio": 1,
            "account_receivable_turnover_ratio": 1.72,
            "reinvestment_rate": -0.35,
            "research_to_sale_ratio": 0.52,
            "price_fair": 404.6,
            "eps_avg_yearly": 11.56,
            "eps_latest_yearly": 12.6,
            "eps_growth_yearly": 27.03
        },
        "20193": {
            "year_quarter": 20193,
            "year": 2019,
            "quarter": 3,
            "eps": 3.09,
            "eps_growth_year": -11.97,
            "eps_4q": 11.79,
            "eps_4q_growth_year": -5.64,
            "roe": 6.7,
            "roe_4q": 24.78,
            "gross_profit": 434748,
            "gross_margin": 22.51,
            "gross_margin_4q_avg": 22.85,
            "net_income": 252821,
            "net_income_4q": null,
            "revenue": 1931199,
            "revenue_4q": null,
            "common_shares": 817854,
            "book_valuer_per_share": 47.65,
            "book_valuer_per_share_4q_avg": 47.83,
            "equity": 3897174,
            "current_ratio": 331.39,
            "debt_ratio": 30.12,
            "inventory_turnover_ratio": 1.07,
            "account_receivable_turnover_ratio": 1.67,
            "reinvestment_rate": -2.36,
            "research_to_sale_ratio": 0.53,
            "price_fair": 252.81,
            "eps_avg_yearly": 11.56,
            "eps_latest_yearly": 12.36,
            "eps_growth_yearly": 11.87
        },
        "20194": {
            "year_quarter": 20194,
            "year": 2019,
            "quarter": 4,
            "eps": 2.94,
            "eps_growth_year": 21.56,
            "eps_4q": 12.31,
            "eps_4q_growth_year": 2.45,
            "roe": 6.04,
            "roe_4q": 25.64,
            "gross_profit": 494712,
            "gross_margin": 24.88,
            "gross_margin_4q_avg": 23.38,
            "net_income": 240164,
            "net_income_4q": null,
            "revenue": 1988208,
            "revenue_4q": null,
            "common_shares": 817854,
            "book_valuer_per_share": 49.64,
            "book_valuer_per_share_4q_avg": 48.27,
            "equity": 4059721,
            "current_ratio": 422.62,
            "debt_ratio": 25.4,
            "inventory_turnover_ratio": 1.11,
            "account_receivable_turnover_ratio": 1.76,
            "reinvestment_rate": -4.31,
            "research_to_sale_ratio": 0.49,
            "price_fair": 296.01,
            "eps_avg_yearly": 11.67,
            "eps_latest_yearly": 11.76,
            "eps_growth_yearly": 15.36
        },
        "20201": {
            "year_quarter": 20201,
            "year": 2020,
            "quarter": 1,
            "eps": 2.57,
            "eps_growth_year": -18.15,
            "eps_4q": 11.74,
            "eps_4q_growth_year": -7.67,
            "roe": 5.04,
            "roe_4q": 24.35,
            "gross_profit": 365219,
            "gross_margin": 21.42,
            "gross_margin_4q_avg": 22.99,
            "net_income": 209978,
            "net_income_4q": null,
            "revenue": 1705033,
            "revenue_4q": null,
            "common_shares": 817854,
            "book_valuer_per_share": 52.32,
            "book_valuer_per_share_4q_avg": 48.55,
            "equity": 4279235,
            "current_ratio": 551.34,
            "debt_ratio": 21.41,
            "inventory_turnover_ratio": 0.95,
            "account_receivable_turnover_ratio": 1.58,
            "reinvestment_rate": -5.14,
            "research_to_sale_ratio": 0.59,
            "price_fair": 285.5,
            "eps_avg_yearly": 11.74,
            "eps_latest_yearly": 10.28,
            "eps_growth_yearly": 14.31
        },
        "20202": {
            "year_quarter": 20202,
            "year": 2020,
            "quarter": 2,
            "eps": 2.4,
            "eps_growth_year": -23.81,
            "eps_4q": 10.99,
            "eps_4q_growth_year": -9.95,
            "roe": 4.96,
            "roe_4q": 22.74,
            "gross_profit": 370440,
            "gross_margin": 21.94,
            "gross_margin_4q_avg": 22.69,
            "net_income": 195886,
            "net_income_4q": null,
            "revenue": 1688292,
            "revenue_4q": null,
            "common_shares": 817854,
            "book_valuer_per_share": 44.16,
            "book_valuer_per_share_4q_avg": 48.44,
            "equity": 3611796,
            "current_ratio": 265.47,
            "debt_ratio": 37.05,
            "inventory_turnover_ratio": 0.91,
            "account_receivable_turnover_ratio": 1.62,
            "reinvestment_rate": -6.57,
            "research_to_sale_ratio": 0.57,
            "price_fair": 178.04,
            "eps_avg_yearly": 11.6,
            "eps_latest_yearly": 9.6,
            "eps_growth_yearly": 5.34
        },
        "20203": {
            "year_quarter": 20203,
            "year": 2020,
            "quarter": 3,
            "eps": 2.95,
            "eps_growth_year": -4.53,
            "eps_4q": 10.85,
            "eps_4q_growth_year": -7.99,
            "roe": 6.51,
            "roe_4q": 22.549999999999997,
            "gross_profit": 455898,
            "gross_margin": 24.8,
            "gross_margin_4q_avg": 23.26,
            "net_income": 241364,
            "net_income_4q": null,
            "revenue": 1838000,
            "revenue_4q": null,
            "common_shares": 817854,
            "book_valuer_per_share": 46.54,
            "book_valuer_per_share_4q_avg": 48.17,
            "equity": 3805935,
            "current_ratio": 380.06,
            "debt_ratio": 28.88,
            "inventory_turnover_ratio": 0.96,
            "account_receivable_turnover_ratio": 1.85,
            "reinvestment_rate": -6.57,
            "research_to_sale_ratio": 0.48,
            "price_fair": 265.19,
            "eps_avg_yearly": 11.65,
            "eps_latest_yearly": 11.8,
            "eps_growth_yearly": 12.76
        },
        "20204": {
            "year_quarter": 20204,
            "year": 2020,
            "quarter": 4,
            "eps": 2.83,
            "eps_growth_year": -3.75,
            "eps_4q": 10.71,
            "eps_4q_growth_year": -13,
            "roe": 5.95,
            "roe_4q": 22.46,
            "gross_profit": 463579,
            "gross_margin": 24.56,
            "gross_margin_4q_avg": 23.18,
            "net_income": 231968,
            "net_income_4q": null,
            "revenue": 1887889,
            "revenue_4q": null,
            "common_shares": 820684,
            "book_valuer_per_share": 48.62,
            "book_valuer_per_share_4q_avg": 47.91,
            "equity": 3990104,
            "current_ratio": 410.98,
            "debt_ratio": 26.73,
            "inventory_turnover_ratio": 1,
            "account_receivable_turnover_ratio": 1.95,
            "reinvestment_rate": -8.12,
            "research_to_sale_ratio": 0.52,
            "price_fair": 195.47,
            "eps_avg_yearly": 11.54,
            "eps_latest_yearly": 11.32,
            "eps_growth_yearly": 6.95
        },
        "20211": {
            "year_quarter": 20211,
            "year": 2021,
            "quarter": 1,
            "eps": 2.77,
            "eps_growth_year": 7.78,
            "eps_4q": 10.92,
            "eps_4q_growth_year": -7.01,
            "roe": 5.52,
            "roe_4q": 22.939999999999998,
            "gross_profit": 393685,
            "gross_margin": 23.21,
            "gross_margin_4q_avg": 23.63,
            "net_income": 226856,
            "net_income_4q": null,
            "revenue": 1695958,
            "revenue_4q": null,
            "common_shares": 820664,
            "book_valuer_per_share": 51.57,
            "book_valuer_per_share_4q_avg": 47.72,
            "equity": 4232439,
            "current_ratio": 481.98,
            "debt_ratio": 24.11,
            "inventory_turnover_ratio": 0.86,
            "account_receivable_turnover_ratio": 1.81,
            "reinvestment_rate": -6.59,
            "research_to_sale_ratio": 0.51,
            "price_fair": 288.41,
            "eps_avg_yearly": 11.68,
            "eps_latest_yearly": 11.08,
            "eps_growth_yearly": 14.7
        },
        "20212": {
            "year_quarter": 20212,
            "year": 2021,
            "quarter": 2,
            "eps": 2.46,
            "eps_growth_year": 2.5,
            "eps_4q": 10.98,
            "eps_4q_growth_year": -0.05,
            "roe": 5.16,
            "roe_4q": 23.14,
            "gross_profit": 406868,
            "gross_margin": 20.92,
            "gross_margin_4q_avg": 23.37,
            "net_income": 201273,
            "net_income_4q": null,
            "revenue": 1944881,
            "revenue_4q": null,
            "common_shares": 820664,
            "book_valuer_per_share": 43.46,
            "book_valuer_per_share_4q_avg": 47.55,
            "equity": 3566754,
            "current_ratio": 234.16,
            "debt_ratio": 41.78,
            "inventory_turnover_ratio": 0.87,
            "account_receivable_turnover_ratio": 1.99,
            "reinvestment_rate": -8.12,
            "research_to_sale_ratio": 0.58,
            "price_fair": 34.43,
            "eps_avg_yearly": 11.48,
            "eps_latest_yearly": 9.84,
            "eps_growth_yearly": -0.26
        },
        "20213": {
            "year_quarter": 20213,
            "year": 2021,
            "quarter": 3,
            "eps": 0.66,
            "eps_growth_year": -77.63,
            "eps_4q": 8.7,
            "eps_4q_growth_year": -19.85,
            "roe": 1.49,
            "roe_4q": 18.12,
            "gross_profit": 134523,
            "gross_margin": 17.16,
            "gross_margin_4q_avg": 21.46,
            "net_income": 53615,
            "net_income_4q": null,
            "revenue": 783894,
            "revenue_4q": null,
            "common_shares": 820664,
            "book_valuer_per_share": 44.34,
            "book_valuer_per_share_4q_avg": 47,
            "equity": 3638788,
            "current_ratio": 388.18,
            "debt_ratio": 28.68,
            "inventory_turnover_ratio": 0.34,
            "account_receivable_turnover_ratio": 1.06,
            "reinvestment_rate": -8.85,
            "research_to_sale_ratio": 0.8,
            "price_fair": 32.92,
            "eps_avg_yearly": 10.97,
            "eps_latest_yearly": 2.64,
            "eps_growth_yearly": -13.96
        },
        "20214": {
            "year_quarter": 20214,
            "year": 2021,
            "quarter": 4,
            "eps": 1.69,
            "eps_growth_year": -40.38,
            "eps_4q": 7.56,
            "eps_4q_growth_year": -29.48,
            "roe": 3.72,
            "roe_4q": 15.89,
            "gross_profit": 285506,
            "gross_margin": 20.79,
            "gross_margin_4q_avg": 20.52,
            "net_income": 138294,
            "net_income_4q": null,
            "revenue": 1373015,
            "revenue_4q": null,
            "common_shares": 820664,
            "book_valuer_per_share": 46.14,
            "book_valuer_per_share_4q_avg": 46.38,
            "equity": 3786865,
            "current_ratio": 389.91,
            "debt_ratio": 27.94,
            "inventory_turnover_ratio": 0.58,
            "account_receivable_turnover_ratio": 2.45,
            "reinvestment_rate": -9.51,
            "research_to_sale_ratio": 0.66,
            "price_fair": 352.1,
            "eps_avg_yearly": 10.67,
            "eps_latest_yearly": 6.76,
            "eps_growth_yearly": 22.99
        },
        "20221": {
            "year_quarter": 20221,
            "year": 2022,
            "quarter": 1,
            "eps": 3.16,
            "eps_growth_year": 14.08,
            "eps_4q": 7.94,
            "eps_4q_growth_year": -27.29,
            "roe": 6.54,
            "roe_4q": 16.91,
            "gross_profit": 412057,
            "gross_margin": 24.68,
            "gross_margin_4q_avg": 20.89,
            "net_income": 258324,
            "net_income_4q": null,
            "revenue": 1669845,
            "revenue_4q": null,
            "common_shares": 820664,
            "book_valuer_per_share": 50.08,
            "book_valuer_per_share_4q_avg": 46.01,
            "equity": 4109840,
            "current_ratio": 449.09,
            "debt_ratio": 25.51,
            "inventory_turnover_ratio": 0.65,
            "account_receivable_turnover_ratio": 2.19,
            "reinvestment_rate": -7.16,
            "research_to_sale_ratio": 0.52,
            "price_fair": 379.84,
            "eps_avg_yearly": 10.85,
            "eps_latest_yearly": 12.64,
            "eps_growth_yearly": 48.63
        },
        "20222": {
            "year_quarter": 20222,
            "year": 2022,
            "quarter": 2,
            "eps": 3.23,
            "eps_growth_year": 31.3,
            "eps_4q": 8.71,
            "eps_4q_growth_year": -20.67,
            "roe": 6.62,
            "roe_4q": 18.369999999999997,
            "gross_profit": 438524,
            "gross_margin": 21.65,
            "gross_margin_4q_avg": 21.07,
            "net_income": 264899,
            "net_income_4q": null,
            "revenue": 2025107,
            "revenue_4q": null,
            "common_shares": 820664,
            "book_valuer_per_share": 47.41,
            "book_valuer_per_share_4q_avg": 46.99,
            "equity": 3890897,
            "current_ratio": 295.67,
            "debt_ratio": 34.92,
            "inventory_turnover_ratio": 0.77,
            "account_receivable_turnover_ratio": 2.17,
            "reinvestment_rate": -9.05,
            "research_to_sale_ratio": 0.57,
            "price_fair": 375.99,
            "eps_avg_yearly": 10.74,
            "eps_latest_yearly": 12.92,
            "eps_growth_yearly": 36.58
        },
        "20223": {
            "year_quarter": 20223,
            "year": 2022,
            "quarter": 3,
            "eps": 3.09,
            "eps_growth_year": 368.18,
            "eps_4q": 11.15,
            "eps_4q_growth_year": 28.16,
            "roe": 6.17,
            "roe_4q": 23.049999999999997,
            "gross_profit": 385306,
            "gross_margin": 18.89,
            "gross_margin_4q_avg": 21.5,
            "net_income": 253160,
            "net_income_4q": null,
            "revenue": 2039872,
            "revenue_4q": null,
            "common_shares": 820664,
            "book_valuer_per_share": 52.56,
            "book_valuer_per_share_4q_avg": 49.05,
            "equity": 4313525,
            "current_ratio": 399.31,
            "debt_ratio": 27.22,
            "inventory_turnover_ratio": 0.78,
            "account_receivable_turnover_ratio": 2,
            "reinvestment_rate": -8.47,
            "research_to_sale_ratio": 0.62,
            "price_fair": 372.31,
            "eps_avg_yearly": 10.64,
            "eps_latest_yearly": 12.36,
            "eps_growth_yearly": 36.59
        },
        "20224": {
            "year_quarter": 20224,
            "year": 2022,
            "quarter": 4,
            "eps": 1.28,
            "eps_growth_year": -23.94,
            "eps_4q": 10.74,
            "eps_4q_growth_year": 42.18,
            "roe": 2.43,
            "roe_4q": 21.759999999999998,
            "gross_profit": 289833,
            "gross_margin": 18.3,
            "gross_margin_4q_avg": 20.88,
            "net_income": 105192,
            "net_income_4q": null,
            "revenue": 1583904,
            "revenue_4q": null,
            "common_shares": 820664,
            "book_valuer_per_share": 52.94,
            "book_valuer_per_share_4q_avg": 50.75,
            "equity": 4344816,
            "current_ratio": 440.93,
            "debt_ratio": 25.67,
            "inventory_turnover_ratio": 0.61,
            "account_receivable_turnover_ratio": 1.79,
            "reinvestment_rate": -9.34,
            "research_to_sale_ratio": 0.72,
            "price_fair": 362.34,
            "eps_avg_yearly": 10.35,
            "eps_latest_yearly": 5.12,
            "eps_growth_yearly": 29.71
        },
        "20231": {
            "year_quarter": 20231,
            "year": 2023,
            "quarter": 1,
            "eps": 1.48,
            "eps_growth_year": -53.16,
            "eps_4q": 9.08,
            "eps_4q_growth_year": 14.32,
            "roe": 2.76,
            "roe_4q": 17.98,
            "gross_profit": 269896,
            "gross_margin": 18.89,
            "gross_margin_4q_avg": 19.43,
            "net_income": 121554,
            "net_income_4q": null,
            "revenue": 1428755,
            "revenue_4q": null,
            "common_shares": 820664,
            "book_valuer_per_share": 54.31,
            "book_valuer_per_share_4q_avg": 51.81,
            "equity": 4457213,
            "current_ratio": 494.64,
            "debt_ratio": 23.83,
            "inventory_turnover_ratio": 0.57,
            "account_receivable_turnover_ratio": 1.89,
            "reinvestment_rate": -10.92,
            "research_to_sale_ratio": 0.76,
            "price_fair": 347.81,
            "eps_avg_yearly": 9.94,
            "eps_latest_yearly": 5.92,
            "eps_growth_yearly": 26.17
        },
        "20232": {
            "year_quarter": 20232,
            "year": 2023,
            "quarter": 2,
            "eps": 2.06,
            "eps_growth_year": -36.22,
            "eps_4q": 7.91,
            "eps_4q_growth_year": -9.26,
            "roe": 4.06,
            "roe_4q": 15.42,
            "gross_profit": 312592,
            "gross_margin": 19.42,
            "gross_margin_4q_avg": 18.88,
            "net_income": 168977,
            "net_income_4q": null,
            "revenue": 1609586,
            "revenue_4q": null,
            "common_shares": 820648,
            "book_valuer_per_share": 47.03,
            "book_valuer_per_share_4q_avg": 51.71,
            "equity": 3859400,
            "current_ratio": 277.98,
            "debt_ratio": 37.13,
            "inventory_turnover_ratio": 0.67,
            "account_receivable_turnover_ratio": 2.02,
            "reinvestment_rate": -10.37,
            "research_to_sale_ratio": 0.67,
            "price_fair": 338.28,
            "eps_avg_yearly": 9.67,
            "eps_latest_yearly": 8.24,
            "eps_growth_yearly": 35.89
        },
        "20233": {
            "year_quarter": 20233,
            "year": 2023,
            "quarter": 3,
            "eps": 2.21,
            "eps_growth_year": -28.48,
            "eps_4q": 7.03,
            "eps_4q_growth_year": -36.93,
            "roe": 4.53,
            "roe_4q": 13.78,
            "gross_profit": 319849,
            "gross_margin": 19.68,
            "gross_margin_4q_avg": 19.07,
            "net_income": 181136,
            "net_income_4q": null,
            "revenue": 1624981,
            "revenue_4q": null,
            "common_shares": 820648,
            "book_valuer_per_share": 50.38,
            "book_valuer_per_share_4q_avg": 51.17,
            "equity": 4134534,
            "current_ratio": 418.08,
            "debt_ratio": 27.07,
            "inventory_turnover_ratio": 0.66,
            "account_receivable_turnover_ratio": 1.93,
            "reinvestment_rate": -10.93,
            "research_to_sale_ratio": 0.77,
            "price_fair": 330.58,
            "eps_avg_yearly": 9.45,
            "eps_latest_yearly": 8.84,
            "eps_growth_yearly": 38.19
        }
    },
    "months": {
        "2002-01": {
            "month": "2002-01",
            "price": "56.15",
            "revenue": 119928
        },
        "2002-02": {
            "month": "2002-02",
            "price": "62.12",
            "revenue": 68146
        },
        "2002-03": {
            "month": "2002-03",
            "price": "64.17",
            "revenue": 107259
        },
        "2002-04": {
            "month": "2002-04",
            "price": "60.21",
            "revenue": 121599
        },
        "2002-05": {
            "month": "2002-05",
            "price": "55.48",
            "revenue": 109182
        },
        "2002-06": {
            "month": "2002-06",
            "price": "58.08",
            "revenue": 108139
        },
        "2002-07": {
            "month": "2002-07",
            "price": "49.90",
            "revenue": 103474
        },
        "2002-08": {
            "month": "2002-08",
            "price": "47.04",
            "revenue": 116211
        },
        "2002-09": {
            "month": "2002-09",
            "price": "44.50",
            "revenue": 111602
        },
        "2002-10": {
            "month": "2002-10",
            "price": "43.41",
            "revenue": 125587
        },
        "2002-11": {
            "month": "2002-11",
            "price": "43.03",
            "revenue": 127189
        },
        "2002-12": {
            "month": "2002-12",
            "price": "40.49",
            "revenue": 110655
        },
        "2003-01": {
            "month": "2003-01",
            "price": "39.45",
            "revenue": 125314
        },
        "2003-02": {
            "month": "2003-02",
            "price": "38.66",
            "revenue": 80431
        },
        "2003-03": {
            "month": "2003-03",
            "price": "33.80",
            "revenue": 85149
        },
        "2003-04": {
            "month": "2003-04",
            "price": "31.86",
            "revenue": 81165
        },
        "2003-05": {
            "month": "2003-05",
            "price": "32.90",
            "revenue": 82392
        },
        "2003-06": {
            "month": "2003-06",
            "price": "33.43",
            "revenue": 89940
        },
        "2003-07": {
            "month": "2003-07",
            "price": "33.56",
            "revenue": 91074
        },
        "2003-08": {
            "month": "2003-08",
            "price": "30.73",
            "revenue": 96291
        },
        "2003-09": {
            "month": "2003-09",
            "price": "25.49",
            "revenue": 81510
        },
        "2003-10": {
            "month": "2003-10",
            "price": "25.61",
            "revenue": 103071
        },
        "2003-11": {
            "month": "2003-11",
            "price": "27.02",
            "revenue": 98364
        },
        "2003-12": {
            "month": "2003-12",
            "price": "27.59",
            "revenue": 99269
        },
        "2004-01": {
            "month": "2004-01",
            "price": "26.79",
            "revenue": 109816
        },
        "2004-02": {
            "month": "2004-02",
            "price": "27.70",
            "revenue": 112777
        },
        "2004-03": {
            "month": "2004-03",
            "price": "26.92",
            "revenue": 121885
        },
        "2004-04": {
            "month": "2004-04",
            "price": "26.24",
            "revenue": 112138
        },
        "2004-05": {
            "month": "2004-05",
            "price": "23.67",
            "revenue": 110627
        },
        "2004-06": {
            "month": "2004-06",
            "price": "23.58",
            "revenue": 107546
        },
        "2004-07": {
            "month": "2004-07",
            "price": "22.26",
            "revenue": 113581
        },
        "2004-08": {
            "month": "2004-08",
            "price": "20.54",
            "revenue": 127716
        },
        "2004-09": {
            "month": "2004-09",
            "price": "19.62",
            "revenue": 91885
        },
        "2004-10": {
            "month": "2004-10",
            "price": "20.29",
            "revenue": 112068
        },
        "2004-11": {
            "month": "2004-11",
            "price": "17.70",
            "revenue": 93351
        },
        "2004-12": {
            "month": "2004-12",
            "price": "17.65",
            "revenue": 85924
        },
        "2005-01": {
            "month": "2005-01",
            "price": "17.55",
            "revenue": 88285
        },
        "2005-02": {
            "month": "2005-02",
            "price": "17.55",
            "revenue": 58493
        },
        "2005-03": {
            "month": "2005-03",
            "price": "17.35",
            "revenue": 83238
        },
        "2005-04": {
            "month": "2005-04",
            "price": "16.60",
            "revenue": 96449
        },
        "2005-05": {
            "month": "2005-05",
            "price": "13.62",
            "revenue": 120071
        },
        "2005-06": {
            "month": "2005-06",
            "price": "14.09",
            "revenue": 108196
        },
        "2005-07": {
            "month": "2005-07",
            "price": "13.91",
            "revenue": 85946
        },
        "2005-08": {
            "month": "2005-08",
            "price": "14.19",
            "revenue": 111317
        },
        "2005-09": {
            "month": "2005-09",
            "price": "12.97",
            "revenue": 99590
        },
        "2005-10": {
            "month": "2005-10",
            "price": "13.64",
            "revenue": 122218
        },
        "2005-11": {
            "month": "2005-11",
            "price": "14.39",
            "revenue": 116734
        },
        "2005-12": {
            "month": "2005-12",
            "price": "13.35",
            "revenue": 98662
        },
        "2006-01": {
            "month": "2006-01",
            "price": "13.66",
            "revenue": 77138
        },
        "2006-02": {
            "month": "2006-02",
            "price": "13.44",
            "revenue": 95550
        },
        "2006-03": {
            "month": "2006-03",
            "price": "16.02",
            "revenue": 141620
        },
        "2006-04": {
            "month": "2006-04",
            "price": "23.03",
            "revenue": 161543
        },
        "2006-05": {
            "month": "2006-05",
            "price": "23.59",
            "revenue": 147870
        },
        "2006-06": {
            "month": "2006-06",
            "price": "22.56",
            "revenue": 154962
        },
        "2006-07": {
            "month": "2006-07",
            "price": "22.28",
            "revenue": 153614
        },
        "2006-08": {
            "month": "2006-08",
            "price": "22.62",
            "revenue": 165241
        },
        "2006-09": {
            "month": "2006-09",
            "price": "21.57",
            "revenue": 137776
        },
        "2006-10": {
            "month": "2006-10",
            "price": "22.85",
            "revenue": 173234
        },
        "2006-11": {
            "month": "2006-11",
            "price": "28.03",
            "revenue": 184290
        },
        "2006-12": {
            "month": "2006-12",
            "price": "32.78",
            "revenue": 175546
        },
        "2007-01": {
            "month": "2007-01",
            "price": "37.78",
            "revenue": 189497
        },
        "2007-02": {
            "month": "2007-02",
            "price": "37.34",
            "revenue": 162924
        },
        "2007-03": {
            "month": "2007-03",
            "price": "36.95",
            "revenue": 210097
        },
        "2007-04": {
            "month": "2007-04",
            "price": "38.24",
            "revenue": 204560
        },
        "2007-05": {
            "month": "2007-05",
            "price": "39.33",
            "revenue": 184222
        },
        "2007-06": {
            "month": "2007-06",
            "price": "38.53",
            "revenue": 212713
        },
        "2007-07": {
            "month": "2007-07",
            "price": "38.94",
            "revenue": 235524
        },
        "2007-08": {
            "month": "2007-08",
            "price": "32.59",
            "revenue": 292110
        },
        "2007-09": {
            "month": "2007-09",
            "price": "32.08",
            "revenue": 296443
        },
        "2007-10": {
            "month": "2007-10",
            "price": "37.92",
            "revenue": 372493
        },
        "2007-11": {
            "month": "2007-11",
            "price": "35.99",
            "revenue": 386704
        },
        "2007-12": {
            "month": "2007-12",
            "price": "36.57",
            "revenue": 275295
        },
        "2008-01": {
            "month": "2008-01",
            "price": "37.36",
            "revenue": 343497
        },
        "2008-02": {
            "month": "2008-02",
            "price": "37.81",
            "revenue": 292707
        },
        "2008-03": {
            "month": "2008-03",
            "price": "41.17",
            "revenue": 357094
        },
        "2008-04": {
            "month": "2008-04",
            "price": "42.89",
            "revenue": 349284
        },
        "2008-05": {
            "month": "2008-05",
            "price": "41.83",
            "revenue": 327729
        },
        "2008-06": {
            "month": "2008-06",
            "price": "37.64",
            "revenue": 265887
        },
        "2008-07": {
            "month": "2008-07",
            "price": "32.64",
            "revenue": 371645
        },
        "2008-08": {
            "month": "2008-08",
            "price": "31.74",
            "revenue": 359218
        },
        "2008-09": {
            "month": "2008-09",
            "price": "23.20",
            "revenue": 293912
        },
        "2008-10": {
            "month": "2008-10",
            "price": "18.61",
            "revenue": 368817
        },
        "2008-11": {
            "month": "2008-11",
            "price": "16.16",
            "revenue": 263784
        },
        "2008-12": {
            "month": "2008-12",
            "price": "15.26",
            "revenue": 230072
        },
        "2009-01": {
            "month": "2009-01",
            "price": "14.15",
            "revenue": 239750
        },
        "2009-02": {
            "month": "2009-02",
            "price": "14.19",
            "revenue": 278992
        },
        "2009-03": {
            "month": "2009-03",
            "price": "16.55",
            "revenue": 274020
        },
        "2009-04": {
            "month": "2009-04",
            "price": "18.08",
            "revenue": 320551
        },
        "2009-05": {
            "month": "2009-05",
            "price": "19.39",
            "revenue": 295567
        },
        "2009-06": {
            "month": "2009-06",
            "price": "21.42",
            "revenue": 278171
        },
        "2009-07": {
            "month": "2009-07",
            "price": "21.06",
            "revenue": 340247
        },
        "2009-08": {
            "month": "2009-08",
            "price": "25.42",
            "revenue": 293697
        },
        "2009-09": {
            "month": "2009-09",
            "price": "31.38",
            "revenue": 377694
        },
        "2009-10": {
            "month": "2009-10",
            "price": "38.88",
            "revenue": 354481
        },
        "2009-11": {
            "month": "2009-11",
            "price": "41.47",
            "revenue": 360892
        },
        "2009-12": {
            "month": "2009-12",
            "price": "40.78",
            "revenue": 400559
        },
        "2010-01": {
            "month": "2010-01",
            "price": "39.19",
            "revenue": 407387
        },
        "2010-02": {
            "month": "2010-02",
            "price": "35.98",
            "revenue": 290251
        },
        "2010-03": {
            "month": "2010-03",
            "price": "39.77",
            "revenue": 358878
        },
        "2010-04": {
            "month": "2010-04",
            "price": "46.50",
            "revenue": 380642
        },
        "2010-05": {
            "month": "2010-05",
            "price": "54.20",
            "revenue": 349297
        },
        "2010-06": {
            "month": "2010-06",
            "price": "54.63",
            "revenue": 330019
        },
        "2010-07": {
            "month": "2010-07",
            "price": "53.78",
            "revenue": 334948
        },
        "2010-08": {
            "month": "2010-08",
            "price": "55.60",
            "revenue": 332762
        },
        "2010-09": {
            "month": "2010-09",
            "price": "53.86",
            "revenue": 399409
        },
        "2010-10": {
            "month": "2010-10",
            "price": "60.98",
            "revenue": 385098
        },
        "2010-11": {
            "month": "2010-11",
            "price": "60.95",
            "revenue": 414842
        },
        "2010-12": {
            "month": "2010-12",
            "price": "59.06",
            "revenue": 440444
        },
        "2011-01": {
            "month": "2011-01",
            "price": "59.12",
            "revenue": 427506
        },
        "2011-02": {
            "month": "2011-02",
            "price": "61.19",
            "revenue": 338624
        },
        "2011-03": {
            "month": "2011-03",
            "price": "60.74",
            "revenue": 340802
        },
        "2011-04": {
            "month": "2011-04",
            "price": "59.18",
            "revenue": 400317
        },
        "2011-05": {
            "month": "2011-05",
            "price": "54.07",
            "revenue": 334140
        },
        "2011-06": {
            "month": "2011-06",
            "price": "51.60",
            "revenue": 374264
        },
        "2011-07": {
            "month": "2011-07",
            "price": "52.06",
            "revenue": 393296
        },
        "2011-08": {
            "month": "2011-08",
            "price": "52.68",
            "revenue": 447598
        },
        "2011-09": {
            "month": "2011-09",
            "price": "47.61",
            "revenue": 466944
        },
        "2011-10": {
            "month": "2011-10",
            "price": "42.95",
            "revenue": 416279
        },
        "2011-11": {
            "month": "2011-11",
            "price": "39.81",
            "revenue": 431931
        },
        "2011-12": {
            "month": "2011-12",
            "price": "39.07",
            "revenue": 468934
        },
        "2012-01": {
            "month": "2012-01",
            "price": "40.74",
            "revenue": 370686
        },
        "2012-02": {
            "month": "2012-02",
            "price": "45.52",
            "revenue": 404210
        },
        "2012-03": {
            "month": "2012-03",
            "price": "51.54",
            "revenue": 461090
        },
        "2012-04": {
            "month": "2012-04",
            "price": "49.46",
            "revenue": 475085
        },
        "2012-05": {
            "month": "2012-05",
            "price": "47.72",
            "revenue": 512894
        },
        "2012-06": {
            "month": "2012-06",
            "price": "47.14",
            "revenue": 520260
        },
        "2012-07": {
            "month": "2012-07",
            "price": "50.45",
            "revenue": 533705
        },
        "2012-08": {
            "month": "2012-08",
            "price": "54.48",
            "revenue": 546918
        },
        "2012-09": {
            "month": "2012-09",
            "price": "55.31",
            "revenue": 550957
        },
        "2012-10": {
            "month": "2012-10",
            "price": "59.78",
            "revenue": 511883
        },
        "2012-11": {
            "month": "2012-11",
            "price": "56.11",
            "revenue": 496618
        },
        "2012-12": {
            "month": "2012-12",
            "price": "56.72",
            "revenue": 523499
        },
        "2013-01": {
            "month": "2013-01",
            "price": "61.92",
            "revenue": 489999
        },
        "2013-02": {
            "month": "2013-02",
            "price": "67.24",
            "revenue": 412695
        },
        "2013-03": {
            "month": "2013-03",
            "price": "66.01",
            "revenue": 445741
        },
        "2013-04": {
            "month": "2013-04",
            "price": "64.36",
            "revenue": 438262
        },
        "2013-05": {
            "month": "2013-05",
            "price": "69.50",
            "revenue": 471198
        },
        "2013-06": {
            "month": "2013-06",
            "price": "73.69",
            "revenue": 407424
        },
        "2013-07": {
            "month": "2013-07",
            "price": "78.04",
            "revenue": 524175
        },
        "2013-08": {
            "month": "2013-08",
            "price": "82.43",
            "revenue": 514192
        },
        "2013-09": {
            "month": "2013-09",
            "price": "79.50",
            "revenue": 496625
        },
        "2013-10": {
            "month": "2013-10",
            "price": "81.27",
            "revenue": 528247
        },
        "2013-11": {
            "month": "2013-11",
            "price": "77.38",
            "revenue": 516287
        },
        "2013-12": {
            "month": "2013-12",
            "price": "75.86",
            "revenue": 446158
        },
        "2014-01": {
            "month": "2014-01",
            "price": "75.95",
            "revenue": 595386
        },
        "2014-02": {
            "month": "2014-02",
            "price": "83.25",
            "revenue": 483790
        },
        "2014-03": {
            "month": "2014-03",
            "price": "94.47",
            "revenue": 485269
        },
        "2014-04": {
            "month": "2014-04",
            "price": "99.03",
            "revenue": 572604
        },
        "2014-05": {
            "month": "2014-05",
            "price": "95.62",
            "revenue": 553412
        },
        "2014-06": {
            "month": "2014-06",
            "price": "99.39",
            "revenue": 554933
        },
        "2014-07": {
            "month": "2014-07",
            "price": "102.01",
            "revenue": 575313
        },
        "2014-08": {
            "month": "2014-08",
            "price": "103.64",
            "revenue": 587826
        },
        "2014-09": {
            "month": "2014-09",
            "price": "102.93",
            "revenue": 589963
        },
        "2014-10": {
            "month": "2014-10",
            "price": "102.90",
            "revenue": 610870
        },
        "2014-11": {
            "month": "2014-11",
            "price": "102.30",
            "revenue": 600437
        },
        "2014-12": {
            "month": "2014-12",
            "price": "98.75",
            "revenue": 558912
        },
        "2015-01": {
            "month": "2015-01",
            "price": "94.62",
            "revenue": 649684
        },
        "2015-02": {
            "month": "2015-02",
            "price": "95.18",
            "revenue": 485490
        },
        "2015-03": {
            "month": "2015-03",
            "price": "104.99",
            "revenue": 582541
        },
        "2015-04": {
            "month": "2015-04",
            "price": "126.32",
            "revenue": 593981
        },
        "2015-05": {
            "month": "2015-05",
            "price": "141.62",
            "revenue": 558709
        },
        "2015-06": {
            "month": "2015-06",
            "price": "153.21",
            "revenue": 584972
        },
        "2015-07": {
            "month": "2015-07",
            "price": "132.61",
            "revenue": 594085
        },
        "2015-08": {
            "month": "2015-08",
            "price": "121.93",
            "revenue": 604704
        },
        "2015-09": {
            "month": "2015-09",
            "price": "123.32",
            "revenue": 584058
        },
        "2015-10": {
            "month": "2015-10",
            "price": "123.55",
            "revenue": 584594
        },
        "2015-11": {
            "month": "2015-11",
            "price": "125.90",
            "revenue": 584338
        },
        "2015-12": {
            "month": "2015-12",
            "price": "127.48",
            "revenue": 543332
        },
        "2016-01": {
            "month": "2016-01",
            "price": "130.12",
            "revenue": 575429
        },
        "2016-02": {
            "month": "2016-02",
            "price": "131.69",
            "revenue": 440899
        },
        "2016-03": {
            "month": "2016-03",
            "price": "136.98",
            "revenue": 584951
        },
        "2016-04": {
            "month": "2016-04",
            "price": "137.16",
            "revenue": 570378
        },
        "2016-05": {
            "month": "2016-05",
            "price": "133.21",
            "revenue": 571688
        },
        "2016-06": {
            "month": "2016-06",
            "price": "137.98",
            "revenue": 604197
        },
        "2016-07": {
            "month": "2016-07",
            "price": "149.65",
            "revenue": 611662
        },
        "2016-08": {
            "month": "2016-08",
            "price": "154.83",
            "revenue": 614350
        },
        "2016-09": {
            "month": "2016-09",
            "price": "150.68",
            "revenue": 617599
        },
        "2016-10": {
            "month": "2016-10",
            "price": "151.60",
            "revenue": 585404
        },
        "2016-11": {
            "month": "2016-11",
            "price": "140.89",
            "revenue": 617872
        },
        "2016-12": {
            "month": "2016-12",
            "price": "150.91",
            "revenue": 627945
        },
        "2017-01": {
            "month": "2017-01",
            "price": "158.69",
            "revenue": 550242
        },
        "2017-02": {
            "month": "2017-02",
            "price": "157.28",
            "revenue": 478706
        },
        "2017-03": {
            "month": "2017-03",
            "price": "158.96",
            "revenue": 691389
        },
        "2017-04": {
            "month": "2017-04",
            "price": "154.42",
            "revenue": 688313
        },
        "2017-05": {
            "month": "2017-05",
            "price": "154.62",
            "revenue": 679013
        },
        "2017-06": {
            "month": "2017-06",
            "price": "159.37",
            "revenue": 612521
        },
        "2017-07": {
            "month": "2017-07",
            "price": "159.43",
            "revenue": 638019
        },
        "2017-08": {
            "month": "2017-08",
            "price": "153.22",
            "revenue": 667072
        },
        "2017-09": {
            "month": "2017-09",
            "price": "151.57",
            "revenue": 674950
        },
        "2017-10": {
            "month": "2017-10",
            "price": "147.92",
            "revenue": 683002
        },
        "2017-11": {
            "month": "2017-11",
            "price": "144.98",
            "revenue": 683644
        },
        "2017-12": {
            "month": "2017-12",
            "price": "143.48",
            "revenue": 721262
        },
        "2018-01": {
            "month": "2018-01",
            "price": "144.59",
            "revenue": 726523
        },
        "2018-02": {
            "month": "2018-02",
            "price": "140.58",
            "revenue": 495972
        },
        "2018-03": {
            "month": "2018-03",
            "price": "145.33",
            "revenue": 760372
        },
        "2018-04": {
            "month": "2018-04",
            "price": "145.39",
            "revenue": 679289
        },
        "2018-05": {
            "month": "2018-05",
            "price": "144.34",
            "revenue": 750931
        },
        "2018-06": {
            "month": "2018-06",
            "price": "146.80",
            "revenue": 753651
        },
        "2018-07": {
            "month": "2018-07",
            "price": "148.82",
            "revenue": 754592
        },
        "2018-08": {
            "month": "2018-08",
            "price": "151.30",
            "revenue": 741562
        },
        "2018-09": {
            "month": "2018-09",
            "price": "142.37",
            "revenue": 714946
        },
        "2018-10": {
            "month": "2018-10",
            "price": "142.68",
            "revenue": 735734
        },
        "2018-11": {
            "month": "2018-11",
            "price": "145.09",
            "revenue": 686034
        },
        "2018-12": {
            "month": "2018-12",
            "price": "145.19",
            "revenue": 689073
        },
        "2019-01": {
            "month": "2019-01",
            "price": "154.07",
            "revenue": 744711
        },
        "2019-02": {
            "month": "2019-02",
            "price": "155.96",
            "revenue": 518881
        },
        "2019-03": {
            "month": "2019-03",
            "price": "162.32",
            "revenue": 743917
        },
        "2019-04": {
            "month": "2019-04",
            "price": "163.68",
            "revenue": 655797
        },
        "2019-05": {
            "month": "2019-05",
            "price": "163.61",
            "revenue": 671628
        },
        "2019-06": {
            "month": "2019-06",
            "price": "163.34",
            "revenue": 677810
        },
        "2019-07": {
            "month": "2019-07",
            "price": "165.46",
            "revenue": 592362
        },
        "2019-08": {
            "month": "2019-08",
            "price": "153.83",
            "revenue": 677723
        },
        "2019-09": {
            "month": "2019-09",
            "price": "147.79",
            "revenue": 660321
        },
        "2019-10": {
            "month": "2019-10",
            "price": "144.93",
            "revenue": 677632
        },
        "2019-11": {
            "month": "2019-11",
            "price": "145.88",
            "revenue": 623706
        },
        "2019-12": {
            "month": "2019-12",
            "price": "147.70",
            "revenue": 685401
        },
        "2020-01": {
            "month": "2020-01",
            "price": "149.87",
            "revenue": 519466
        },
        "2020-02": {
            "month": "2020-02",
            "price": "148.66",
            "revenue": 554416
        },
        "2020-03": {
            "month": "2020-03",
            "price": "135.77",
            "revenue": 630694
        },
        "2020-04": {
            "month": "2020-04",
            "price": "138.95",
            "revenue": 504349
        },
        "2020-05": {
            "month": "2020-05",
            "price": "143.15",
            "revenue": 595517
        },
        "2020-06": {
            "month": "2020-06",
            "price": "146.45",
            "revenue": 587949
        },
        "2020-07": {
            "month": "2020-07",
            "price": "150.09",
            "revenue": 614533
        },
        "2020-08": {
            "month": "2020-08",
            "price": "143.95",
            "revenue": 597914
        },
        "2020-09": {
            "month": "2020-09",
            "price": "138.14",
            "revenue": 624602
        },
        "2020-10": {
            "month": "2020-10",
            "price": "138.37",
            "revenue": 616113
        },
        "2020-11": {
            "month": "2020-11",
            "price": "139.02",
            "revenue": 590004
        },
        "2020-12": {
            "month": "2020-12",
            "price": "142.28",
            "revenue": 677979
        },
        "2021-01": {
            "month": "2021-01",
            "price": "139.20",
            "revenue": 615961
        },
        "2021-02": {
            "month": "2021-02",
            "price": "140.19",
            "revenue": 433990
        },
        "2021-03": {
            "month": "2021-03",
            "price": "145.30",
            "revenue": 646022
        },
        "2021-04": {
            "month": "2021-04",
            "price": "150.03",
            "revenue": 611767
        },
        "2021-05": {
            "month": "2021-05",
            "price": "145.55",
            "revenue": 644513
        },
        "2021-06": {
            "month": "2021-06",
            "price": "148.07",
            "revenue": 688504
        },
        "2021-07": {
            "month": "2021-07",
            "price": "154.16",
            "revenue": 402326
        },
        "2021-08": {
            "month": "2021-08",
            "price": "144.98",
            "revenue": 193093
        },
        "2021-09": {
            "month": "2021-09",
            "price": "138.32",
            "revenue": 190622
        },
        "2021-10": {
            "month": "2021-10",
            "price": "139.18",
            "revenue": 322759
        },
        "2021-11": {
            "month": "2021-11",
            "price": "138.77",
            "revenue": 502931
        },
        "2021-12": {
            "month": "2021-12",
            "price": "138.34",
            "revenue": 546187
        },
        "2022-01": {
            "month": "2022-01",
            "price": "137.89",
            "revenue": 659845
        },
        "2022-02": {
            "month": "2022-02",
            "price": "137.57",
            "revenue": 396270
        },
        "2022-03": {
            "month": "2022-03",
            "price": "137.65",
            "revenue": 613512
        },
        "2022-04": {
            "month": "2022-04",
            "price": "137.68",
            "revenue": 650265
        },
        "2022-05": {
            "month": "2022-05",
            "price": "136.76",
            "revenue": 675156
        },
        "2022-06": {
            "month": "2022-06",
            "price": "136.71",
            "revenue": 697872
        },
        "2022-07": {
            "month": "2022-07",
            "price": "137.52",
            "revenue": 702257
        },
        "2022-08": {
            "month": "2022-08",
            "price": "142.26",
            "revenue": 707839
        },
        "2022-09": {
            "month": "2022-09",
            "price": "140.24",
            "revenue": 629208
        },
        "2022-10": {
            "month": "2022-10",
            "price": "136.08",
            "revenue": 604352
        },
        "2022-11": {
            "month": "2022-11",
            "price": "136.27",
            "revenue": 440496
        },
        "2022-12": {
            "month": "2022-12",
            "price": "136.95",
            "revenue": 538718
        },
        "2023-01": {
            "month": "2023-01",
            "price": "137.69",
            "revenue": 489898
        },
        "2023-02": {
            "month": "2023-02",
            "price": "140.14",
            "revenue": 362038
        },
        "2023-03": {
            "month": "2023-03",
            "price": "141.78",
            "revenue": 577154
        },
        "2023-04": {
            "month": "2023-04",
            "price": "143.09",
            "revenue": 456636
        },
        "2023-05": {
            "month": "2023-05",
            "price": "140.59",
            "revenue": 621738
        },
        "2023-06": {
            "month": "2023-06",
            "price": "141.32",
            "revenue": 531517
        },
        "2023-07": {
            "month": "2023-07",
            "price": "142.83",
            "revenue": 515802
        },
        "2023-08": {
            "month": "2023-08",
            "price": "140.09",
            "revenue": 574790
        },
        "2023-09": {
            "month": "2023-09",
            "price": "131.75",
            "revenue": 534044
        },
        "2023-10": {
            "month": "2023-10",
            "price": "131.75",
            "revenue": 636835
        },
        "2023-11": {
            "month": "2023-11",
            "price": "132.70",
            "revenue": 556521
        },
        "2023-12": {
            "month": "2023-12",
            "price": "131.67",
            "revenue": 561480
        }
    }
}
