{
    "summary": {
        "stock_name": "正峰",
        "stock_id": "1538",
        "category": "電機機械",
        "main_business": "電動工具及其零件製造買賣<br>汽車燈具及其零件製造買賣",
        "website_url": "http://www.jennfeng.com",
        "ceo": "陳碩璨",
        "pe_ratio": 100,
        "report_year_from": 2001,
        "report_year_to": 2023,
        "age": 22,
        "eps_negative_percentage": 74,
        "eps_growth_avg": {
            "last_all": -19.53,
            "last_2y": null,
            "last_4y": null,
            "last_8y": null,
            "last_12y": null,
            "last_16y": -100,
            "last_20y": -19.53,
            "at_2006_last_3y": 8.55,
            "at_2007_last_3y": -21.93,
            "at_2008_last_3y": 0,
            "at_2009_last_3y": -100,
            "at_2010_last_3y": -100,
            "at_2011_last_3y": -100,
            "at_2012_last_3y": -100,
            "at_2013_last_3y": null,
            "at_2014_last_3y": null,
            "at_2015_last_3y": null,
            "at_2016_last_3y": null,
            "at_2017_last_3y": null,
            "at_2018_last_3y": null,
            "at_2019_last_3y": null,
            "at_2020_last_3y": null,
            "at_2021_last_3y": null,
            "at_2022_last_3y": null,
            "at_2023_last_3y": null,
            "at_2006_last_all": -3.43,
            "at_2007_last_all": -3.43,
            "at_2008_last_all": -3.43,
            "at_2009_last_all": -19.53,
            "at_2010_last_all": -19.53,
            "at_2011_last_all": -19.53,
            "at_2012_last_all": -19.53,
            "at_2013_last_all": -19.53,
            "at_2014_last_all": -19.53,
            "at_2015_last_all": -19.53,
            "at_2016_last_all": -19.53,
            "at_2017_last_all": -19.53,
            "at_2018_last_all": -19.53,
            "at_2019_last_all": -19.53,
            "at_2020_last_all": -19.53,
            "at_2021_last_all": -19.53,
            "at_2022_last_all": -19.53,
            "at_2023_last_all": -19.53
        },
        "latest_eps": 0.02,
        "latest_price": 13.4,
        "latest_roe": 0.83,
        "latest_gross_margin": 17.17,
        "latest_equity": 244622,
        "latest_revenue": 55770,
        "latest_gross_profit": 9577,
        "latest_net_income": 19633,
        "latest_debt_ratio": 39.71,
        "latest_current_ratio": 307.35,
        "latest_account_receivable_turnover_ratio": 2.04,
        "latest_inventory_turnover_ratio": 0.68,
        "latest_reinvestment_rate": null,
        "latest_research_to_sale_ratio": 4.79
    },
    "eps_dividends": {
        "1998": {
            "cash": 0,
            "stock": 2,
            "eps": 0
        },
        "1999": {
            "cash": 0,
            "stock": 2.8,
            "eps": 0
        },
        "2000": {
            "cash": 0.4,
            "stock": 1,
            "eps": 0
        },
        "2001": {
            "cash": 0,
            "stock": 0,
            "eps": 1.09
        },
        "2002": {
            "cash": 0.5,
            "stock": 1,
            "eps": 0.53
        },
        "2003": {
            "cash": 0.2,
            "stock": 0.2,
            "eps": 3.07
        },
        "2004": {
            "cash": 0,
            "stock": 0,
            "eps": 1.05
        },
        "2005": {
            "cash": 0.7,
            "stock": 0,
            "eps": 3.88
        },
        "2006": {
            "cash": 2,
            "stock": 1,
            "eps": -0.74
        },
        "2007": {
            "cash": 0,
            "stock": 0,
            "eps": -3.94
        },
        "2008": {
            "cash": 0,
            "stock": 0,
            "eps": 3.43
        },
        "2009": {
            "cash": 0.5,
            "stock": 1.71,
            "eps": -0.93
        },
        "2010": {
            "cash": 0,
            "stock": 0,
            "eps": -0.59
        },
        "2011": {
            "cash": 0,
            "stock": 0,
            "eps": -1.07
        },
        "2012": {
            "cash": 0,
            "stock": 0,
            "eps": -1.34
        },
        "2013": {
            "cash": 0,
            "stock": 0,
            "eps": -2.82
        },
        "2014": {
            "cash": 0,
            "stock": 0,
            "eps": -0.76
        },
        "2015": {
            "cash": 0,
            "stock": 0,
            "eps": -0.66
        },
        "2016": {
            "cash": 0,
            "stock": 0,
            "eps": -1.28
        },
        "2017": {
            "cash": 0,
            "stock": 0,
            "eps": -1.72
        },
        "2018": {
            "cash": 0,
            "stock": 0,
            "eps": -1.54
        },
        "2019": {
            "cash": 0,
            "stock": 0,
            "eps": -2.63
        },
        "2020": {
            "cash": 0,
            "stock": 0,
            "eps": -2.24
        },
        "2021": {
            "cash": 0,
            "stock": 0,
            "eps": -5.13
        },
        "2022": {
            "cash": 0,
            "stock": 0,
            "eps": -1.03
        },
        "2023": {
            "cash": 0,
            "stock": 0,
            "eps": -0.1
        }
    },
    "dividends": {
        "1998-04-08": {
            "cash": 0,
            "stock": 2
        },
        "1999-06-15": {
            "cash": 0,
            "stock": 2.8
        },
        "2000-05-30": {
            "cash": 0.4,
            "stock": 1
        },
        "2002-06-17": {
            "cash": 0.5,
            "stock": 1
        },
        "2003-03-28": {
            "cash": 0.2,
            "stock": 0.2
        },
        "2005-06-20": {
            "cash": 0.7,
            "stock": 0
        },
        "2006-03-21": {
            "cash": 2,
            "stock": 1
        },
        "2009-03-13": {
            "cash": 0.5,
            "stock": 1.71
        }
    },
    "prices": {
        "200101": "無",
        "200102": "無",
        "200103": "無",
        "200104": "無",
        "200105": "無",
        "200106": "無",
        "200107": "無",
        "200108": "無",
        "200109": "無",
        "200110": "無",
        "200111": "無",
        "200112": "無",
        "200201": "無",
        "200202": "無",
        "200203": "無",
        "200204": "無",
        "200205": "無",
        "200206": "無",
        "200207": "無",
        "200208": "26.84",
        "200209": "21.44",
        "200210": "16.86",
        "200211": "19.69",
        "200212": "25.44",
        "200301": "29.60",
        "200302": "34.33",
        "200303": "32.20",
        "200304": "32.76",
        "200305": "37.95",
        "200306": "42.43",
        "200307": "42.50",
        "200308": "51.82",
        "200309": "54.23",
        "200310": "50.89",
        "200311": "60.10",
        "200312": "62.13",
        "200401": "62.20",
        "200402": "68.90",
        "200403": "69.39",
        "200404": "76.80",
        "200405": "71.88",
        "200406": "66.31",
        "200407": "59.30",
        "200408": "49.72",
        "200409": "46.74",
        "200410": "45.38",
        "200411": "35.49",
        "200412": "35.76",
        "200501": "37.34",
        "200502": "37.96",
        "200503": "37.69",
        "200504": "37.66",
        "200505": "34.55",
        "200506": "33.86",
        "200507": "35.95",
        "200508": "41.06",
        "200509": "41.88",
        "200510": "40.40",
        "200511": "39.26",
        "200512": "39.77",
        "200601": "44.46",
        "200602": "42.19",
        "200603": "44.57",
        "200604": "44.27",
        "200605": "46.42",
        "200606": "47.18",
        "200607": "45.50",
        "200608": "39.93",
        "200609": "36.97",
        "200610": "35.53",
        "200611": "32.99",
        "200612": "34.63",
        "200701": "38.48",
        "200702": "36.01",
        "200703": "34.23",
        "200704": "36.85",
        "200705": "36.22",
        "200706": "35.16",
        "200707": "32.69",
        "200708": "21.19",
        "200709": "18.86",
        "200710": "17.32",
        "200711": "16.15",
        "200712": "17.12",
        "200801": "17.59",
        "200802": "18.66",
        "200803": "23.29",
        "200804": "23.18",
        "200805": "25.58",
        "200806": "27.25",
        "200807": "24.83",
        "200808": "25.83",
        "200809": "23.13",
        "200810": "22.51",
        "200811": "22.36",
        "200812": "21.90",
        "200901": "21.84",
        "200902": "22.00",
        "200903": "22.20",
        "200904": "24.11",
        "200905": "22.22",
        "200906": "18.88",
        "200907": "21.66",
        "200908": "24.34",
        "200909": "20.45",
        "200910": "26.96",
        "200911": "31.42",
        "200912": "36.76",
        "201001": "38.86",
        "201002": "33.52",
        "201003": "38.89",
        "201004": "40.51",
        "201005": "36.12",
        "201006": "34.81",
        "201007": "35.98",
        "201008": "38.10",
        "201009": "39.37",
        "201010": "35.69",
        "201011": "30.52",
        "201012": "35.65",
        "201101": "36.18",
        "201102": "35.35",
        "201103": "44.51",
        "201104": "52.60",
        "201105": "53.12",
        "201106": "45.68",
        "201107": "34.64",
        "201108": "29.21",
        "201109": "29.18",
        "201110": "30.99",
        "201111": "25.19",
        "201112": "17.93",
        "201201": "19.16",
        "201202": "22.62",
        "201203": "20.63",
        "201204": "13.94",
        "201205": "12.12",
        "201206": "12.50",
        "201207": "11.02",
        "201208": "10.88",
        "201209": "11.92",
        "201210": "10.06",
        "201211": "7.93",
        "201212": "9.03",
        "201301": "10.81",
        "201302": "13.17",
        "201303": "16.90",
        "201304": "15.39",
        "201305": "14.71",
        "201306": "14.49",
        "201307": "12.20",
        "201308": "11.31",
        "201309": "11.62",
        "201310": "10.94",
        "201311": "9.87",
        "201312": "9.55",
        "201401": "10.28",
        "201402": "12.04",
        "201403": "11.37",
        "201404": "10.05",
        "201405": "9.85",
        "201406": "9.74",
        "201407": "9.16",
        "201408": "8.45",
        "201409": "8.16",
        "201410": "6.85",
        "201411": "9.79",
        "201412": "9.26",
        "201501": "9.74",
        "201502": "9.57",
        "201503": "9.11",
        "201504": "8.37",
        "201505": "7.38",
        "201506": "5.49",
        "201507": "5.85",
        "201508": "4.97",
        "201509": "4.45",
        "201510": "4.71",
        "201511": "5.08",
        "201512": "4.96",
        "201601": "4.77",
        "201602": "5.06",
        "201603": "5.66",
        "201604": "5.20",
        "201605": "4.76",
        "201606": "4.80",
        "201607": "5.12",
        "201608": "5.24",
        "201609": "6.18",
        "201610": "6.28",
        "201611": "5.76",
        "201612": "5.90",
        "201701": "5.87",
        "201702": "6.12",
        "201703": "6.45",
        "201704": "6.12",
        "201705": "7.19",
        "201706": "8.40",
        "201707": "7.43",
        "201708": "6.41",
        "201709": "6.03",
        "201710": "5.80",
        "201711": "5.32",
        "201712": "4.98",
        "201801": "5.35",
        "201802": "5.29",
        "201803": "5.63",
        "201804": "5.45",
        "201805": "4.87",
        "201806": "4.21",
        "201807": "4.06",
        "201808": "4.10",
        "201809": "5.38",
        "201810": "5.56",
        "201811": "5.14",
        "201812": "5.07",
        "201901": "4.97",
        "201902": "5.03",
        "201903": "4.99",
        "201904": "4.96",
        "201905": "4.93",
        "201906": "4.44",
        "201907": "5.12",
        "201908": "4.44",
        "201909": "3.73",
        "201910": "3.96",
        "201911": "3.97",
        "201912": "4.70",
        "202001": "4.77",
        "202002": "4.37",
        "202003": "3.00",
        "202004": "2.47",
        "202005": "2.57",
        "202006": "3.53",
        "202007": "4.00",
        "202008": "3.82",
        "202009": "4.04",
        "202010": "3.78",
        "202011": "6.24",
        "202012": "7.57",
        "202101": "8.22",
        "202102": "7.69",
        "202103": "7.87",
        "202104": "9.81",
        "202105": "12.35",
        "202106": "12.68",
        "202107": "11.54",
        "202108": "10.68",
        "202109": "9.91",
        "202110": "10.75",
        "202111": "11.10",
        "202112": "10.81",
        "202201": "10.08",
        "202202": "9.95",
        "202203": "8.70",
        "202204": "7.76",
        "202205": "6.86",
        "202206": "7.05",
        "202207": "6.26",
        "202208": "7.48",
        "202209": "7.44",
        "202210": "6.60",
        "202211": "6.14",
        "202212": "7.28",
        "202301": "7.67",
        "202302": "7.78",
        "202303": "8.70",
        "202304": "9.80",
        "202305": "9.39",
        "202306": "9.49",
        "202307": "9.54",
        "202308": "9.89",
        "202309": "11.58",
        "202310": "12.44"
    },
    "quarters": {
        "20011": {
            "year_quarter": 20011,
            "year": 2001,
            "quarter": 1,
            "eps": 0.29,
            "eps_growth_year": 262.5,
            "eps_4q": 0.61,
            "eps_4q_growth_year": -65.53,
            "roe": 2.03,
            "roe_4q": 2.03,
            "gross_profit": 89657,
            "gross_margin": 13.99,
            "gross_margin_4q_avg": 13.99,
            "net_income": 27265,
            "net_income_4q": null,
            "revenue": 640710,
            "revenue_4q": null,
            "common_shares": 934001,
            "book_valuer_per_share": 14.49,
            "book_valuer_per_share_4q_avg": 14.49,
            "equity": 1353196,
            "current_ratio": 119.57,
            "debt_ratio": 48.45,
            "inventory_turnover_ratio": 1.2,
            "account_receivable_turnover_ratio": null,
            "reinvestment_rate": null,
            "research_to_sale_ratio": null,
            "price_fair": 0,
            "eps_avg_yearly": 0,
            "eps_latest_yearly": 0,
            "eps_growth_yearly": 0
        },
        "20012": {
            "year_quarter": 20012,
            "year": 2001,
            "quarter": 2,
            "eps": 0.47,
            "eps_growth_year": 135,
            "eps_4q": 0.9,
            "eps_4q_growth_year": -29.95,
            "roe": 3.21,
            "roe_4q": 5.24,
            "gross_profit": 88809,
            "gross_margin": 11.55,
            "gross_margin_4q_avg": 12.77,
            "net_income": 43691,
            "net_income_4q": null,
            "revenue": 769102,
            "revenue_4q": null,
            "common_shares": 934001,
            "book_valuer_per_share": 14.69,
            "book_valuer_per_share_4q_avg": 14.59,
            "equity": 1371805,
            "current_ratio": 119.79,
            "debt_ratio": 47.16,
            "inventory_turnover_ratio": 1.8,
            "account_receivable_turnover_ratio": null,
            "reinvestment_rate": null,
            "research_to_sale_ratio": null,
            "price_fair": 0,
            "eps_avg_yearly": 0,
            "eps_latest_yearly": 0,
            "eps_growth_yearly": 0
        },
        "20013": {
            "year_quarter": 20013,
            "year": 2001,
            "quarter": 3,
            "eps": 0.49,
            "eps_growth_year": null,
            "eps_4q": 1.43,
            "eps_4q_growth_year": 89.53,
            "roe": 3.24,
            "roe_4q": 8.48,
            "gross_profit": 116912,
            "gross_margin": 14.62,
            "gross_margin_4q_avg": 13.39,
            "net_income": 45000,
            "net_income_4q": null,
            "revenue": 799624,
            "revenue_4q": null,
            "common_shares": 934001,
            "book_valuer_per_share": 15.02,
            "book_valuer_per_share_4q_avg": 14.73,
            "equity": 1402866,
            "current_ratio": 127.56,
            "debt_ratio": 44.59,
            "inventory_turnover_ratio": 1.82,
            "account_receivable_turnover_ratio": null,
            "reinvestment_rate": null,
            "research_to_sale_ratio": null,
            "price_fair": 0,
            "eps_avg_yearly": 0,
            "eps_latest_yearly": 0,
            "eps_growth_yearly": 0
        },
        "20014": {
            "year_quarter": 20014,
            "year": 2001,
            "quarter": 4,
            "eps": -0.16,
            "eps_growth_year": -200,
            "eps_4q": 1.23,
            "eps_4q_growth_year": 224.02,
            "roe": -0.93,
            "roe_4q": 7.549999999999999,
            "gross_profit": 87678,
            "gross_margin": 11.4,
            "gross_margin_4q_avg": 12.89,
            "net_income": -14658,
            "net_income_4q": null,
            "revenue": 768798,
            "revenue_4q": null,
            "common_shares": 934001,
            "book_valuer_per_share": 14.3,
            "book_valuer_per_share_4q_avg": 14.63,
            "equity": 1749190,
            "current_ratio": 126.14,
            "debt_ratio": 51.49,
            "inventory_turnover_ratio": 1.18,
            "account_receivable_turnover_ratio": null,
            "reinvestment_rate": null,
            "research_to_sale_ratio": null,
            "price_fair": 0,
            "eps_avg_yearly": 0,
            "eps_latest_yearly": 0,
            "eps_growth_yearly": 0
        },
        "20021": {
            "year_quarter": 20021,
            "year": 2002,
            "quarter": 1,
            "eps": 0.52,
            "eps_growth_year": 79.31,
            "eps_4q": 1.36,
            "eps_4q_growth_year": 123.34,
            "roe": 2.92,
            "roe_4q": 8.440000000000001,
            "gross_profit": 91834,
            "gross_margin": 12.79,
            "gross_margin_4q_avg": 12.59,
            "net_income": 45722,
            "net_income_4q": null,
            "revenue": 718060,
            "revenue_4q": null,
            "common_shares": 934001,
            "book_valuer_per_share": 14.79,
            "book_valuer_per_share_4q_avg": 14.7,
            "equity": 1381506,
            "current_ratio": 123.99,
            "debt_ratio": 47.31,
            "inventory_turnover_ratio": 1.25,
            "account_receivable_turnover_ratio": null,
            "reinvestment_rate": null,
            "research_to_sale_ratio": null,
            "price_fair": 0,
            "eps_avg_yearly": 0,
            "eps_latest_yearly": 0,
            "eps_growth_yearly": 0
        },
        "20022": {
            "year_quarter": 20022,
            "year": 2002,
            "quarter": 2,
            "eps": 0.47,
            "eps_growth_year": 0,
            "eps_4q": 1.34,
            "eps_4q_growth_year": 47.78,
            "roe": 2.96,
            "roe_4q": 8.190000000000001,
            "gross_profit": 136128,
            "gross_margin": 15.84,
            "gross_margin_4q_avg": 13.66,
            "net_income": 41297,
            "net_income_4q": null,
            "revenue": 859339,
            "revenue_4q": null,
            "common_shares": 934001,
            "book_valuer_per_share": 15.07,
            "book_valuer_per_share_4q_avg": 14.8,
            "equity": 1407336,
            "current_ratio": 131.28,
            "debt_ratio": 48.43,
            "inventory_turnover_ratio": 3.07,
            "account_receivable_turnover_ratio": null,
            "reinvestment_rate": null,
            "research_to_sale_ratio": null,
            "price_fair": 5.64,
            "eps_avg_yearly": 1.88,
            "eps_latest_yearly": 1.88,
            "eps_growth_yearly": -38.46
        },
        "20023": {
            "year_quarter": 20023,
            "year": 2002,
            "quarter": 3,
            "eps": -0.47,
            "eps_growth_year": -195.92,
            "eps_4q": 0.26,
            "eps_4q_growth_year": -82.16,
            "roe": -3.35,
            "roe_4q": 1.5999999999999996,
            "gross_profit": 122340,
            "gross_margin": 13.5,
            "gross_margin_4q_avg": 13.38,
            "net_income": -45973,
            "net_income_4q": null,
            "revenue": 906538,
            "revenue_4q": null,
            "common_shares": 1033888,
            "book_valuer_per_share": 12.91,
            "book_valuer_per_share_4q_avg": 14.27,
            "equity": 1335213,
            "current_ratio": 115.88,
            "debt_ratio": 55.86,
            "inventory_turnover_ratio": 3.25,
            "account_receivable_turnover_ratio": null,
            "reinvestment_rate": null,
            "research_to_sale_ratio": null,
            "price_fair": 5.64,
            "eps_avg_yearly": 1.88,
            "eps_latest_yearly": 1.88,
            "eps_growth_yearly": -38.46
        },
        "20024": {
            "year_quarter": 20024,
            "year": 2002,
            "quarter": 4,
            "eps": 0.01,
            "eps_growth_year": null,
            "eps_4q": 0.24,
            "eps_4q_growth_year": -80.79,
            "roe": 0.06,
            "roe_4q": 2.59,
            "gross_profit": 103946,
            "gross_margin": 14.24,
            "gross_margin_4q_avg": 14.09,
            "net_income": 987,
            "net_income_4q": null,
            "revenue": 729825,
            "revenue_4q": null,
            "common_shares": 1033888,
            "book_valuer_per_share": 12.89,
            "book_valuer_per_share_4q_avg": 13.92,
            "equity": 1771959,
            "current_ratio": 124.87,
            "debt_ratio": 54.97,
            "inventory_turnover_ratio": 1.05,
            "account_receivable_turnover_ratio": null,
            "reinvestment_rate": 110.89,
            "research_to_sale_ratio": null,
            "price_fair": 5.64,
            "eps_avg_yearly": 1.88,
            "eps_latest_yearly": 1.88,
            "eps_growth_yearly": -38.46
        },
        "20031": {
            "year_quarter": 20031,
            "year": 2003,
            "quarter": 1,
            "eps": 0.57,
            "eps_growth_year": 9.62,
            "eps_4q": 0.53,
            "eps_4q_growth_year": -60.95,
            "roe": 3.49,
            "roe_4q": 3.16,
            "gross_profit": 105221,
            "gross_margin": 11.6,
            "gross_margin_4q_avg": 13.8,
            "net_income": 55091,
            "net_income_4q": null,
            "revenue": 906690,
            "revenue_4q": null,
            "common_shares": 1033888,
            "book_valuer_per_share": 13.44,
            "book_valuer_per_share_4q_avg": 13.58,
            "equity": 1389364,
            "current_ratio": 100.31,
            "debt_ratio": 55.84,
            "inventory_turnover_ratio": 1.33,
            "account_receivable_turnover_ratio": null,
            "reinvestment_rate": 12.5,
            "research_to_sale_ratio": null,
            "price_fair": 72.8,
            "eps_avg_yearly": 2.08,
            "eps_latest_yearly": 2.28,
            "eps_growth_yearly": 11180.77
        },
        "20032": {
            "year_quarter": 20032,
            "year": 2003,
            "quarter": 2,
            "eps": 0.5,
            "eps_growth_year": 6.38,
            "eps_4q": 0.6,
            "eps_4q_growth_year": -54.82,
            "roe": 3.31,
            "roe_4q": 3.5100000000000002,
            "gross_profit": 138493,
            "gross_margin": 14.26,
            "gross_margin_4q_avg": 13.4,
            "net_income": 48821,
            "net_income_4q": null,
            "revenue": 971160,
            "revenue_4q": null,
            "common_shares": 1033888,
            "book_valuer_per_share": 15.06,
            "book_valuer_per_share_4q_avg": 13.58,
            "equity": 1556715,
            "current_ratio": 106.19,
            "debt_ratio": 48.88,
            "inventory_turnover_ratio": 3.1,
            "account_receivable_turnover_ratio": null,
            "reinvestment_rate": 14.93,
            "research_to_sale_ratio": null,
            "price_fair": 71.87,
            "eps_avg_yearly": 2.05,
            "eps_latest_yearly": 2,
            "eps_growth_yearly": 7437.47
        },
        "20033": {
            "year_quarter": 20033,
            "year": 2003,
            "quarter": 3,
            "eps": 0.86,
            "eps_growth_year": null,
            "eps_4q": 1.88,
            "eps_4q_growth_year": 636.39,
            "roe": 5.59,
            "roe_4q": 12.450000000000001,
            "gross_profit": 197070,
            "gross_margin": 16.7,
            "gross_margin_4q_avg": 14.2,
            "net_income": 88488,
            "net_income_4q": null,
            "revenue": 1180298,
            "revenue_4q": null,
            "common_shares": 1059265,
            "book_valuer_per_share": 15.21,
            "book_valuer_per_share_4q_avg": 14.15,
            "equity": 1611611,
            "current_ratio": 112.5,
            "debt_ratio": 49,
            "inventory_turnover_ratio": 3.2,
            "account_receivable_turnover_ratio": null,
            "reinvestment_rate": -19.25,
            "research_to_sale_ratio": null,
            "price_fair": 84,
            "eps_avg_yearly": 2.4,
            "eps_latest_yearly": 3.44,
            "eps_growth_yearly": 5650.1
        },
        "20034": {
            "year_quarter": 20034,
            "year": 2003,
            "quarter": 4,
            "eps": 1.14,
            "eps_growth_year": 11300,
            "eps_4q": 3.01,
            "eps_4q_growth_year": 1174.06,
            "roe": 6.16,
            "roe_4q": 18.55,
            "gross_profit": 222611,
            "gross_margin": 17,
            "gross_margin_4q_avg": 14.89,
            "net_income": 117530,
            "net_income_4q": null,
            "revenue": 1309635,
            "revenue_4q": null,
            "common_shares": 1059265,
            "book_valuer_per_share": 16.37,
            "book_valuer_per_share_4q_avg": 15.02,
            "equity": 2201178,
            "current_ratio": 139.42,
            "debt_ratio": 51.1,
            "inventory_turnover_ratio": 1.83,
            "account_receivable_turnover_ratio": null,
            "reinvestment_rate": 82.13,
            "research_to_sale_ratio": null,
            "price_fair": 99.12,
            "eps_avg_yearly": 2.83,
            "eps_latest_yearly": 4.56,
            "eps_growth_yearly": 4546.13
        },
        "20041": {
            "year_quarter": 20041,
            "year": 2004,
            "quarter": 1,
            "eps": 1,
            "eps_growth_year": 75.44,
            "eps_4q": 3.4,
            "eps_4q_growth_year": 539.22,
            "roe": 5.28,
            "roe_4q": 20.34,
            "gross_profit": 231914,
            "gross_margin": 16.11,
            "gross_margin_4q_avg": 16.02,
            "net_income": 106201,
            "net_income_4q": null,
            "revenue": 1439740,
            "revenue_4q": null,
            "common_shares": 1059264,
            "book_valuer_per_share": 17.19,
            "book_valuer_per_share_4q_avg": 15.96,
            "equity": 1821005,
            "current_ratio": 123.13,
            "debt_ratio": 51.68,
            "inventory_turnover_ratio": 1.91,
            "account_receivable_turnover_ratio": null,
            "reinvestment_rate": 0.65,
            "research_to_sale_ratio": null,
            "price_fair": 105.93,
            "eps_avg_yearly": 3.03,
            "eps_latest_yearly": 4,
            "eps_growth_yearly": 3780.25
        },
        "20042": {
            "year_quarter": 20042,
            "year": 2004,
            "quarter": 2,
            "eps": -1.35,
            "eps_growth_year": -370,
            "eps_4q": 1.59,
            "eps_4q_growth_year": 163.9,
            "roe": -8.18,
            "roe_4q": 8.850000000000001,
            "gross_profit": 243667,
            "gross_margin": 15.04,
            "gross_margin_4q_avg": 16.21,
            "net_income": -143517,
            "net_income_4q": null,
            "revenue": 1620617,
            "revenue_4q": null,
            "common_shares": 1059265,
            "book_valuer_per_share": 15.94,
            "book_valuer_per_share_4q_avg": 16.18,
            "equity": 1688690,
            "current_ratio": 105.17,
            "debt_ratio": 55.6,
            "inventory_turnover_ratio": 3.45,
            "account_receivable_turnover_ratio": null,
            "reinvestment_rate": -14.05,
            "research_to_sale_ratio": null,
            "price_fair": 105.93,
            "eps_avg_yearly": 3.03,
            "eps_latest_yearly": 4,
            "eps_growth_yearly": 3780.25
        },
        "20043": {
            "year_quarter": 20043,
            "year": 2004,
            "quarter": 3,
            "eps": 0.73,
            "eps_growth_year": -15.12,
            "eps_4q": 1.43,
            "eps_4q_growth_year": -24.11,
            "roe": 5.09,
            "roe_4q": 8.350000000000001,
            "gross_profit": 224820,
            "gross_margin": 14.1,
            "gross_margin_4q_avg": 15.56,
            "net_income": 84098,
            "net_income_4q": null,
            "revenue": 1594352,
            "revenue_4q": null,
            "common_shares": 1151277,
            "book_valuer_per_share": 14.05,
            "book_valuer_per_share_4q_avg": 15.89,
            "equity": 1617907,
            "current_ratio": 102.14,
            "debt_ratio": 57.04,
            "inventory_turnover_ratio": 3.44,
            "account_receivable_turnover_ratio": null,
            "reinvestment_rate": -7.25,
            "research_to_sale_ratio": null,
            "price_fair": 105.93,
            "eps_avg_yearly": 3.03,
            "eps_latest_yearly": 4,
            "eps_growth_yearly": 3780.25
        },
        "20044": {
            "year_quarter": 20044,
            "year": 2004,
            "quarter": 4,
            "eps": 0.67,
            "eps_growth_year": -41.23,
            "eps_4q": 1.08,
            "eps_4q_growth_year": -64.1,
            "roe": 4.1,
            "roe_4q": 6.29,
            "gross_profit": 157740,
            "gross_margin": 9.27,
            "gross_margin_4q_avg": 13.63,
            "net_income": 76616,
            "net_income_4q": null,
            "revenue": 1702339,
            "revenue_4q": null,
            "common_shares": 1151276,
            "book_valuer_per_share": 14.35,
            "book_valuer_per_share_4q_avg": 15.38,
            "equity": 2119968,
            "current_ratio": 119.55,
            "debt_ratio": 58.05,
            "inventory_turnover_ratio": 2.43,
            "account_receivable_turnover_ratio": null,
            "reinvestment_rate": 129.28,
            "research_to_sale_ratio": null,
            "price_fair": 104.2,
            "eps_avg_yearly": 2.98,
            "eps_latest_yearly": 2.68,
            "eps_growth_yearly": 3235.52
        },
        "20051": {
            "year_quarter": 20051,
            "year": 2005,
            "quarter": 1,
            "eps": 1.05,
            "eps_growth_year": 5,
            "eps_4q": 1.2,
            "eps_4q_growth_year": -64.72,
            "roe": 6.21,
            "roe_4q": 7.219999999999999,
            "gross_profit": 191419,
            "gross_margin": 11.86,
            "gross_margin_4q_avg": 12.57,
            "net_income": 120899,
            "net_income_4q": null,
            "revenue": 1613491,
            "revenue_4q": null,
            "common_shares": 1151277,
            "book_valuer_per_share": 15.42,
            "book_valuer_per_share_4q_avg": 14.94,
            "equity": 1775590,
            "current_ratio": 90.29,
            "debt_ratio": 52.35,
            "inventory_turnover_ratio": 2.67,
            "account_receivable_turnover_ratio": null,
            "reinvestment_rate": 33.79,
            "research_to_sale_ratio": null,
            "price_fair": 109.55,
            "eps_avg_yearly": 3.13,
            "eps_latest_yearly": 4.2,
            "eps_growth_yearly": 2859.44
        },
        "20052": {
            "year_quarter": 20052,
            "year": 2005,
            "quarter": 2,
            "eps": 0.51,
            "eps_growth_year": null,
            "eps_4q": 2.97,
            "eps_4q_growth_year": 86.67,
            "roe": 3.21,
            "roe_4q": 18.61,
            "gross_profit": 174829,
            "gross_margin": 11.98,
            "gross_margin_4q_avg": 11.8,
            "net_income": 58314,
            "net_income_4q": null,
            "revenue": 1459054,
            "revenue_4q": null,
            "common_shares": 1151277,
            "book_valuer_per_share": 16.13,
            "book_valuer_per_share_4q_avg": 14.99,
            "equity": 1856861,
            "current_ratio": 106,
            "debt_ratio": 51.08,
            "inventory_turnover_ratio": 6.17,
            "account_receivable_turnover_ratio": null,
            "reinvestment_rate": 38.82,
            "research_to_sale_ratio": null,
            "price_fair": 105.31,
            "eps_avg_yearly": 3.01,
            "eps_latest_yearly": 2.04,
            "eps_growth_yearly": 2518.87
        },
        "20053": {
            "year_quarter": 20053,
            "year": 2005,
            "quarter": 3,
            "eps": 1.46,
            "eps_growth_year": 100,
            "eps_4q": 3.69,
            "eps_4q_growth_year": 158.39,
            "roe": 8.73,
            "roe_4q": 22.25,
            "gross_profit": 241366,
            "gross_margin": 13.36,
            "gross_margin_4q_avg": 11.62,
            "net_income": 167838,
            "net_income_4q": null,
            "revenue": 1806456,
            "revenue_4q": null,
            "common_shares": 1151277,
            "book_valuer_per_share": 17.26,
            "book_valuer_per_share_4q_avg": 15.79,
            "equity": 1986858,
            "current_ratio": 102.45,
            "debt_ratio": 54.46,
            "inventory_turnover_ratio": 6.99,
            "account_receivable_turnover_ratio": null,
            "reinvestment_rate": 38.34,
            "research_to_sale_ratio": null,
            "price_fair": 115.22,
            "eps_avg_yearly": 3.29,
            "eps_latest_yearly": 5.84,
            "eps_growth_yearly": 2341.49
        },
        "20054": {
            "year_quarter": 20054,
            "year": 2005,
            "quarter": 4,
            "eps": 0.86,
            "eps_growth_year": 28.36,
            "eps_4q": 3.88,
            "eps_4q_growth_year": 259.24,
            "roe": 4.85,
            "roe_4q": 23,
            "gross_profit": 191398,
            "gross_margin": 12.35,
            "gross_margin_4q_avg": 12.39,
            "net_income": 98941,
            "net_income_4q": null,
            "revenue": 1550198,
            "revenue_4q": null,
            "common_shares": 1151276,
            "book_valuer_per_share": 18.08,
            "book_valuer_per_share_4q_avg": 16.72,
            "equity": 2094445,
            "current_ratio": 202.5,
            "debt_ratio": 57.6,
            "inventory_turnover_ratio": 2.48,
            "account_receivable_turnover_ratio": null,
            "reinvestment_rate": 54.82,
            "research_to_sale_ratio": null,
            "price_fair": 115.69,
            "eps_avg_yearly": 3.31,
            "eps_latest_yearly": 3.44,
            "eps_growth_yearly": 2113.68
        },
        "20061": {
            "year_quarter": 20061,
            "year": 2006,
            "quarter": 1,
            "eps": 0.67,
            "eps_growth_year": -36.19,
            "eps_4q": 3.5,
            "eps_4q_growth_year": 191.71,
            "roe": 3.63,
            "roe_4q": 20.42,
            "gross_profit": 185839,
            "gross_margin": 12.21,
            "gross_margin_4q_avg": 12.48,
            "net_income": 77004,
            "net_income_4q": null,
            "revenue": 1522086,
            "revenue_4q": null,
            "common_shares": 1151276,
            "book_valuer_per_share": 18.65,
            "book_valuer_per_share_4q_avg": 17.53,
            "equity": 2147697,
            "current_ratio": 161.37,
            "debt_ratio": 54.54,
            "inventory_turnover_ratio": 2.43,
            "account_receivable_turnover_ratio": null,
            "reinvestment_rate": 39.71,
            "research_to_sale_ratio": null,
            "price_fair": 113.87,
            "eps_avg_yearly": 3.25,
            "eps_latest_yearly": 2.68,
            "eps_growth_yearly": 1930.18
        },
        "20062": {
            "year_quarter": 20062,
            "year": 2006,
            "quarter": 2,
            "eps": -0.23,
            "eps_growth_year": -145.1,
            "eps_4q": 2.76,
            "eps_4q_growth_year": -7.32,
            "roe": -1.32,
            "roe_4q": 15.89,
            "gross_profit": 162706,
            "gross_margin": 11.9,
            "gross_margin_4q_avg": 12.46,
            "net_income": -26560,
            "net_income_4q": null,
            "revenue": 1367699,
            "revenue_4q": null,
            "common_shares": 1151276,
            "book_valuer_per_share": 16.18,
            "book_valuer_per_share_4q_avg": 17.54,
            "equity": 1862900,
            "current_ratio": 134.91,
            "debt_ratio": 60.74,
            "inventory_turnover_ratio": 4.93,
            "account_receivable_turnover_ratio": null,
            "reinvestment_rate": 42.66,
            "research_to_sale_ratio": null,
            "price_fair": 118.24,
            "eps_avg_yearly": 3.38,
            "eps_latest_yearly": 2.68,
            "eps_growth_yearly": 2109.15
        },
        "20063": {
            "year_quarter": 20063,
            "year": 2006,
            "quarter": 3,
            "eps": 0.55,
            "eps_growth_year": -62.33,
            "eps_4q": 1.73,
            "eps_4q_growth_year": -53.16,
            "roe": 3.64,
            "roe_4q": 10.8,
            "gross_profit": 180683,
            "gross_margin": 12.6,
            "gross_margin_4q_avg": 12.27,
            "net_income": 69849,
            "net_income_4q": null,
            "revenue": 1433991,
            "revenue_4q": null,
            "common_shares": 1276404,
            "book_valuer_per_share": 15.46,
            "book_valuer_per_share_4q_avg": 17.09,
            "equity": 1973687,
            "current_ratio": 150.67,
            "debt_ratio": 57.2,
            "inventory_turnover_ratio": 5,
            "account_receivable_turnover_ratio": null,
            "reinvestment_rate": 37.79,
            "research_to_sale_ratio": null,
            "price_fair": 118.24,
            "eps_avg_yearly": 3.38,
            "eps_latest_yearly": 2.68,
            "eps_growth_yearly": 2109.15
        },
        "20064": {
            "year_quarter": 20064,
            "year": 2006,
            "quarter": 4,
            "eps": -1.73,
            "eps_growth_year": -301.16,
            "eps_4q": -0.78,
            "eps_4q_growth_year": -120.2,
            "roe": -11.78,
            "roe_4q": -5.829999999999999,
            "gross_profit": 125061,
            "gross_margin": 11.01,
            "gross_margin_4q_avg": 11.93,
            "net_income": -220245,
            "net_income_4q": null,
            "revenue": 1135725,
            "revenue_4q": null,
            "common_shares": 1276404,
            "book_valuer_per_share": 13.71,
            "book_valuer_per_share_4q_avg": 16,
            "equity": 1764184,
            "current_ratio": 110.24,
            "debt_ratio": 63.22,
            "inventory_turnover_ratio": 1.32,
            "account_receivable_turnover_ratio": null,
            "reinvestment_rate": 65.79,
            "research_to_sale_ratio": null,
            "price_fair": 118.24,
            "eps_avg_yearly": 3.38,
            "eps_latest_yearly": 2.68,
            "eps_growth_yearly": 2109.15
        },
        "20071": {
            "year_quarter": 20071,
            "year": 2007,
            "quarter": 1,
            "eps": -0.44,
            "eps_growth_year": -165.67,
            "eps_4q": -1.83,
            "eps_4q_growth_year": -152.26,
            "roe": -3.23,
            "roe_4q": -12.69,
            "gross_profit": 96237,
            "gross_margin": 7.7,
            "gross_margin_4q_avg": 10.8,
            "net_income": -56084,
            "net_income_4q": null,
            "revenue": 1250356,
            "revenue_4q": null,
            "common_shares": 1276404,
            "book_valuer_per_share": 13.36,
            "book_valuer_per_share_4q_avg": 14.68,
            "equity": 1704975,
            "current_ratio": 80.62,
            "debt_ratio": 60.89,
            "inventory_turnover_ratio": 1.49,
            "account_receivable_turnover_ratio": null,
            "reinvestment_rate": 54.28,
            "research_to_sale_ratio": null,
            "price_fair": 122.08,
            "eps_avg_yearly": 3.49,
            "eps_latest_yearly": 2.68,
            "eps_growth_yearly": 80.06
        },
        "20072": {
            "year_quarter": 20072,
            "year": 2007,
            "quarter": 2,
            "eps": -0.8,
            "eps_growth_year": null,
            "eps_4q": -2.42,
            "eps_4q_growth_year": -187.89,
            "roe": -5.87,
            "roe_4q": -17.24,
            "gross_profit": 90328,
            "gross_margin": 7.96,
            "gross_margin_4q_avg": 9.82,
            "net_income": -102645,
            "net_income_4q": null,
            "revenue": 1135374,
            "revenue_4q": null,
            "common_shares": 1276404,
            "book_valuer_per_share": 14.04,
            "book_valuer_per_share_4q_avg": 14.14,
            "equity": 1792558,
            "current_ratio": 92.7,
            "debt_ratio": 58.52,
            "inventory_turnover_ratio": 3.57,
            "account_receivable_turnover_ratio": null,
            "reinvestment_rate": 69.3,
            "research_to_sale_ratio": null,
            "price_fair": 127.87,
            "eps_avg_yearly": 3.65,
            "eps_latest_yearly": 2.68,
            "eps_growth_yearly": 94.41
        },
        "20073": {
            "year_quarter": 20073,
            "year": 2007,
            "quarter": 3,
            "eps": -0.58,
            "eps_growth_year": -205.45,
            "eps_4q": -3.42,
            "eps_4q_growth_year": -298.35,
            "roe": -4.21,
            "roe_4q": -25.09,
            "gross_profit": 108906,
            "gross_margin": 7.94,
            "gross_margin_4q_avg": 8.65,
            "net_income": -75334,
            "net_income_4q": null,
            "revenue": 1371119,
            "revenue_4q": null,
            "common_shares": 1326821,
            "book_valuer_per_share": 13.46,
            "book_valuer_per_share_4q_avg": 13.64,
            "equity": 1785857,
            "current_ratio": 87.99,
            "debt_ratio": 60.71,
            "inventory_turnover_ratio": 3.7,
            "account_receivable_turnover_ratio": null,
            "reinvestment_rate": 110.04,
            "research_to_sale_ratio": null,
            "price_fair": 128.8,
            "eps_avg_yearly": 3.68,
            "eps_latest_yearly": 2.68,
            "eps_growth_yearly": 70.22
        },
        "20074": {
            "year_quarter": 20074,
            "year": 2007,
            "quarter": 4,
            "eps": -2.12,
            "eps_growth_year": null,
            "eps_4q": -3.89,
            "eps_4q_growth_year": null,
            "roe": -16.14,
            "roe_4q": -29.450000000000003,
            "gross_profit": 98523,
            "gross_margin": 8.59,
            "gross_margin_4q_avg": 8.05,
            "net_income": -279161,
            "net_income_4q": null,
            "revenue": 1146791,
            "revenue_4q": null,
            "common_shares": 1461842,
            "book_valuer_per_share": 11.38,
            "book_valuer_per_share_4q_avg": 13.06,
            "equity": 1672334,
            "current_ratio": 112.88,
            "debt_ratio": 64.63,
            "inventory_turnover_ratio": 1.45,
            "account_receivable_turnover_ratio": null,
            "reinvestment_rate": null,
            "research_to_sale_ratio": null,
            "price_fair": 124.4,
            "eps_avg_yearly": 3.55,
            "eps_latest_yearly": 2.68,
            "eps_growth_yearly": 61.64
        },
        "20081": {
            "year_quarter": 20081,
            "year": 2008,
            "quarter": 1,
            "eps": 0.04,
            "eps_growth_year": null,
            "eps_4q": -3.09,
            "eps_4q_growth_year": null,
            "roe": 0.35,
            "roe_4q": -25.87,
            "gross_profit": 202389,
            "gross_margin": 13.94,
            "gross_margin_4q_avg": 9.61,
            "net_income": 5845,
            "net_income_4q": null,
            "revenue": 1452142,
            "revenue_4q": null,
            "common_shares": 1461842,
            "book_valuer_per_share": 11.09,
            "book_valuer_per_share_4q_avg": 12.49,
            "equity": 1628623,
            "current_ratio": 142.62,
            "debt_ratio": 66.3,
            "inventory_turnover_ratio": 1.21,
            "account_receivable_turnover_ratio": null,
            "reinvestment_rate": null,
            "research_to_sale_ratio": null,
            "price_fair": 121.8,
            "eps_avg_yearly": 3.48,
            "eps_latest_yearly": 2.68,
            "eps_growth_yearly": 80.1
        },
        "20082": {
            "year_quarter": 20082,
            "year": 2008,
            "quarter": 2,
            "eps": 4,
            "eps_growth_year": null,
            "eps_4q": 1.61,
            "eps_4q_growth_year": null,
            "roe": 30.17,
            "roe_4q": 10.170000000000002,
            "gross_profit": -1407,
            "gross_margin": -0.12,
            "gross_margin_4q_avg": 7.59,
            "net_income": 583629,
            "net_income_4q": null,
            "revenue": 1186973,
            "revenue_4q": null,
            "common_shares": 1461842,
            "book_valuer_per_share": 15.33,
            "book_valuer_per_share_4q_avg": 12.82,
            "equity": 2240323,
            "current_ratio": 187.71,
            "debt_ratio": 50.39,
            "inventory_turnover_ratio": 1.85,
            "account_receivable_turnover_ratio": null,
            "reinvestment_rate": 54.47,
            "research_to_sale_ratio": null,
            "price_fair": 184.4,
            "eps_avg_yearly": 5.27,
            "eps_latest_yearly": 16,
            "eps_growth_yearly": 5725.8
        },
        "20083": {
            "year_quarter": 20083,
            "year": 2008,
            "quarter": 3,
            "eps": 0.34,
            "eps_growth_year": null,
            "eps_4q": 2.49,
            "eps_4q_growth_year": null,
            "roe": 2.23,
            "roe_4q": 16.61,
            "gross_profit": -7195,
            "gross_margin": -0.75,
            "gross_margin_4q_avg": 5.42,
            "net_income": 49184,
            "net_income_4q": null,
            "revenue": 959944,
            "revenue_4q": null,
            "common_shares": 1461842,
            "book_valuer_per_share": 14.86,
            "book_valuer_per_share_4q_avg": 13.17,
            "equity": 2172917,
            "current_ratio": 193.08,
            "debt_ratio": 47.88,
            "inventory_turnover_ratio": 2.16,
            "account_receivable_turnover_ratio": null,
            "reinvestment_rate": 58.71,
            "research_to_sale_ratio": null,
            "price_fair": 167.3,
            "eps_avg_yearly": 4.78,
            "eps_latest_yearly": 1.36,
            "eps_growth_yearly": 4964.33
        },
        "20084": {
            "year_quarter": 20084,
            "year": 2008,
            "quarter": 4,
            "eps": -0.95,
            "eps_growth_year": null,
            "eps_4q": 3.51,
            "eps_4q_growth_year": null,
            "roe": -6.44,
            "roe_4q": 26.310000000000002,
            "gross_profit": 253294,
            "gross_margin": 29.03,
            "gross_margin_4q_avg": 10.53,
            "net_income": -135671,
            "net_income_4q": null,
            "revenue": 872625,
            "revenue_4q": null,
            "common_shares": 1390842,
            "book_valuer_per_share": 14.69,
            "book_valuer_per_share_4q_avg": 13.99,
            "equity": 2042553,
            "current_ratio": 165.3,
            "debt_ratio": 53.14,
            "inventory_turnover_ratio": 1.36,
            "account_receivable_turnover_ratio": 1.94,
            "reinvestment_rate": -12.52,
            "research_to_sale_ratio": null,
            "price_fair": 177.8,
            "eps_avg_yearly": 5.08,
            "eps_latest_yearly": 1.36,
            "eps_growth_yearly": 5678.21
        },
        "20091": {
            "year_quarter": 20091,
            "year": 2009,
            "quarter": 1,
            "eps": 0.13,
            "eps_growth_year": 225,
            "eps_4q": 3.81,
            "eps_4q_growth_year": null,
            "roe": 0.85,
            "roe_4q": 26.810000000000002,
            "gross_profit": 52260,
            "gross_margin": 14.13,
            "gross_margin_4q_avg": 10.57,
            "net_income": 17533,
            "net_income_4q": null,
            "revenue": 369921,
            "revenue_4q": null,
            "common_shares": 1390842,
            "book_valuer_per_share": 14.92,
            "book_valuer_per_share_4q_avg": 14.95,
            "equity": 2075718,
            "current_ratio": 210.7,
            "debt_ratio": 41.38,
            "inventory_turnover_ratio": 0.9,
            "account_receivable_turnover_ratio": 0.59,
            "reinvestment_rate": 241.35,
            "research_to_sale_ratio": null,
            "price_fair": 182.93,
            "eps_avg_yearly": 5.23,
            "eps_latest_yearly": 1.36,
            "eps_growth_yearly": 6586.77
        },
        "20092": {
            "year_quarter": 20092,
            "year": 2009,
            "quarter": 2,
            "eps": -0.41,
            "eps_growth_year": -110.25,
            "eps_4q": -0.97,
            "eps_4q_growth_year": -160.16,
            "roe": -3.3,
            "roe_4q": -6.66,
            "gross_profit": 37965,
            "gross_margin": 14.15,
            "gross_margin_4q_avg": 14.14,
            "net_income": -65798,
            "net_income_4q": null,
            "revenue": 268212,
            "revenue_4q": null,
            "common_shares": 1390842,
            "book_valuer_per_share": 13.74,
            "book_valuer_per_share_4q_avg": 14.55,
            "equity": 1911122,
            "current_ratio": 234.64,
            "debt_ratio": 34.16,
            "inventory_turnover_ratio": 0.78,
            "account_receivable_turnover_ratio": 0.91,
            "reinvestment_rate": 633.57,
            "research_to_sale_ratio": null,
            "price_fair": 205.24,
            "eps_avg_yearly": 5.86,
            "eps_latest_yearly": 1.36,
            "eps_growth_yearly": 7945.27
        },
        "20093": {
            "year_quarter": 20093,
            "year": 2009,
            "quarter": 3,
            "eps": -0.16,
            "eps_growth_year": -147.06,
            "eps_4q": -1.29,
            "eps_4q_growth_year": -151.95,
            "roe": -1.33,
            "roe_4q": -10.22,
            "gross_profit": 62563,
            "gross_margin": 17.84,
            "gross_margin_4q_avg": 18.79,
            "net_income": -25212,
            "net_income_4q": null,
            "revenue": 350670,
            "revenue_4q": null,
            "common_shares": 1620115,
            "book_valuer_per_share": 11.59,
            "book_valuer_per_share_4q_avg": 13.74,
            "equity": 1877775,
            "current_ratio": 175.84,
            "debt_ratio": 34.94,
            "inventory_turnover_ratio": 1.41,
            "account_receivable_turnover_ratio": 1.48,
            "reinvestment_rate": null,
            "research_to_sale_ratio": null,
            "price_fair": 205.45,
            "eps_avg_yearly": 5.87,
            "eps_latest_yearly": 1.36,
            "eps_growth_yearly": 9745.31
        },
        "20094": {
            "year_quarter": 20094,
            "year": 2009,
            "quarter": 4,
            "eps": -0.49,
            "eps_growth_year": null,
            "eps_4q": -0.95,
            "eps_4q_growth_year": -126.96,
            "roe": -4.34,
            "roe_4q": -8.12,
            "gross_profit": -4158,
            "gross_margin": -1.29,
            "gross_margin_4q_avg": 11.21,
            "net_income": -79524,
            "net_income_4q": null,
            "revenue": 323121,
            "revenue_4q": null,
            "common_shares": 1620115,
            "book_valuer_per_share": 11.07,
            "book_valuer_per_share_4q_avg": 12.83,
            "equity": 1789501,
            "current_ratio": 88.09,
            "debt_ratio": 38.76,
            "inventory_turnover_ratio": 1.67,
            "account_receivable_turnover_ratio": 3.32,
            "reinvestment_rate": null,
            "research_to_sale_ratio": null,
            "price_fair": 233.8,
            "eps_avg_yearly": 6.68,
            "eps_latest_yearly": 1.36,
            "eps_growth_yearly": 13048.54
        },
        "20101": {
            "year_quarter": 20101,
            "year": 2010,
            "quarter": 1,
            "eps": 0.05,
            "eps_growth_year": -61.54,
            "eps_4q": -1.01,
            "eps_4q_growth_year": -126.39,
            "roe": 0.44,
            "roe_4q": -8.530000000000001,
            "gross_profit": 57293,
            "gross_margin": 19.56,
            "gross_margin_4q_avg": 12.57,
            "net_income": 7837,
            "net_income_4q": null,
            "revenue": 292967,
            "revenue_4q": null,
            "common_shares": 1620115,
            "book_valuer_per_share": 11.09,
            "book_valuer_per_share_4q_avg": 11.87,
            "equity": 1792816,
            "current_ratio": 86.83,
            "debt_ratio": 39.81,
            "inventory_turnover_ratio": 1.18,
            "account_receivable_turnover_ratio": 1.51,
            "reinvestment_rate": null,
            "research_to_sale_ratio": 11.02,
            "price_fair": 303.8,
            "eps_avg_yearly": 8.68,
            "eps_latest_yearly": 1.36,
            "eps_growth_yearly": 19617
        },
        "20102": {
            "year_quarter": 20102,
            "year": 2010,
            "quarter": 2,
            "eps": -0.31,
            "eps_growth_year": null,
            "eps_4q": -0.91,
            "eps_4q_growth_year": null,
            "roe": -2.86,
            "roe_4q": -8.09,
            "gross_profit": 85951,
            "gross_margin": 24.32,
            "gross_margin_4q_avg": 15.11,
            "net_income": -50432,
            "net_income_4q": null,
            "revenue": 353425,
            "revenue_4q": null,
            "common_shares": 1620115,
            "book_valuer_per_share": 10.71,
            "book_valuer_per_share_4q_avg": 11.12,
            "equity": 1732030,
            "current_ratio": 84.41,
            "debt_ratio": 39.06,
            "inventory_turnover_ratio": 1.29,
            "account_receivable_turnover_ratio": 1.71,
            "reinvestment_rate": null,
            "research_to_sale_ratio": 5.73,
            "price_fair": 303.8,
            "eps_avg_yearly": 8.68,
            "eps_latest_yearly": 1.36,
            "eps_growth_yearly": 19617
        },
        "20103": {
            "year_quarter": 20103,
            "year": 2010,
            "quarter": 3,
            "eps": -0.21,
            "eps_growth_year": null,
            "eps_4q": -0.96,
            "eps_4q_growth_year": null,
            "roe": -1.99,
            "roe_4q": -8.75,
            "gross_profit": 47028,
            "gross_margin": 15.92,
            "gross_margin_4q_avg": 14.63,
            "net_income": -34082,
            "net_income_4q": null,
            "revenue": 295437,
            "revenue_4q": null,
            "common_shares": 1620115,
            "book_valuer_per_share": 10.46,
            "book_valuer_per_share_4q_avg": 10.83,
            "equity": 1695151,
            "current_ratio": 70.86,
            "debt_ratio": 42.04,
            "inventory_turnover_ratio": 1.28,
            "account_receivable_turnover_ratio": 1.48,
            "reinvestment_rate": null,
            "research_to_sale_ratio": 13.48,
            "price_fair": 303.8,
            "eps_avg_yearly": 8.68,
            "eps_latest_yearly": 1.36,
            "eps_growth_yearly": 19617
        },
        "20104": {
            "year_quarter": 20104,
            "year": 2010,
            "quarter": 4,
            "eps": -0.12,
            "eps_growth_year": null,
            "eps_4q": -0.6,
            "eps_4q_growth_year": null,
            "roe": -1.19,
            "roe_4q": -5.599999999999999,
            "gross_profit": 37790,
            "gross_margin": 13.06,
            "gross_margin_4q_avg": 18.22,
            "net_income": -19816,
            "net_income_4q": null,
            "revenue": 289441,
            "revenue_4q": null,
            "common_shares": 1620115,
            "book_valuer_per_share": 10.16,
            "book_valuer_per_share_4q_avg": 10.61,
            "equity": 1645982,
            "current_ratio": 84.3,
            "debt_ratio": 42.63,
            "inventory_turnover_ratio": 1.66,
            "account_receivable_turnover_ratio": 1.79,
            "reinvestment_rate": null,
            "research_to_sale_ratio": 16.97,
            "price_fair": 303.8,
            "eps_avg_yearly": 8.68,
            "eps_latest_yearly": 1.36,
            "eps_growth_yearly": 19617
        },
        "20111": {
            "year_quarter": 20111,
            "year": 2011,
            "quarter": 1,
            "eps": -0.24,
            "eps_growth_year": -580,
            "eps_4q": -0.89,
            "eps_4q_growth_year": null,
            "roe": -2.4,
            "roe_4q": -8.44,
            "gross_profit": 50912,
            "gross_margin": 19.17,
            "gross_margin_4q_avg": 18.12,
            "net_income": -39131,
            "net_income_4q": null,
            "revenue": 265565,
            "revenue_4q": null,
            "common_shares": 1620115,
            "book_valuer_per_share": 9.98,
            "book_valuer_per_share_4q_avg": 10.33,
            "equity": 1617225,
            "current_ratio": 80.69,
            "debt_ratio": 43.88,
            "inventory_turnover_ratio": 1.82,
            "account_receivable_turnover_ratio": 1.55,
            "reinvestment_rate": null,
            "research_to_sale_ratio": 14.08,
            "price_fair": 303.8,
            "eps_avg_yearly": 8.68,
            "eps_latest_yearly": 1.36,
            "eps_growth_yearly": 19617
        },
        "20112": {
            "year_quarter": 20112,
            "year": 2011,
            "quarter": 2,
            "eps": 0.33,
            "eps_growth_year": null,
            "eps_4q": -0.25,
            "eps_4q_growth_year": null,
            "roe": 3.22,
            "roe_4q": -2.3599999999999994,
            "gross_profit": 39520,
            "gross_margin": 7.28,
            "gross_margin_4q_avg": 13.86,
            "net_income": 52922,
            "net_income_4q": null,
            "revenue": 542751,
            "revenue_4q": null,
            "common_shares": 1620115,
            "book_valuer_per_share": 10.28,
            "book_valuer_per_share_4q_avg": 10.22,
            "equity": 1665522,
            "current_ratio": 86.6,
            "debt_ratio": 43.57,
            "inventory_turnover_ratio": 4.23,
            "account_receivable_turnover_ratio": 3.1,
            "reinvestment_rate": null,
            "research_to_sale_ratio": 7.11,
            "price_fair": 303.8,
            "eps_avg_yearly": 8.68,
            "eps_latest_yearly": 1.36,
            "eps_growth_yearly": 19617
        },
        "20113": {
            "year_quarter": 20113,
            "year": 2011,
            "quarter": 3,
            "eps": -0.42,
            "eps_growth_year": null,
            "eps_4q": -0.46,
            "eps_4q_growth_year": null,
            "roe": -4.11,
            "roe_4q": -4.48,
            "gross_profit": 45186,
            "gross_margin": -151.84,
            "gross_margin_4q_avg": -28.08,
            "net_income": -67873,
            "net_income_4q": null,
            "revenue": -29759,
            "revenue_4q": null,
            "common_shares": 1620115,
            "book_valuer_per_share": 10.09,
            "book_valuer_per_share_4q_avg": 10.13,
            "equity": 1634212,
            "current_ratio": 71.79,
            "debt_ratio": 44.31,
            "inventory_turnover_ratio": -0.73,
            "account_receivable_turnover_ratio": -0.18,
            "reinvestment_rate": null,
            "research_to_sale_ratio": -113.55,
            "price_fair": 303.8,
            "eps_avg_yearly": 8.68,
            "eps_latest_yearly": 1.36,
            "eps_growth_yearly": 19617
        },
        "20114": {
            "year_quarter": 20114,
            "year": 2011,
            "quarter": 4,
            "eps": -0.74,
            "eps_growth_year": null,
            "eps_4q": -1.07,
            "eps_4q_growth_year": null,
            "roe": -7.61,
            "roe_4q": -10.9,
            "gross_profit": 26074,
            "gross_margin": 11.39,
            "gross_margin_4q_avg": -28.5,
            "net_income": -121942,
            "net_income_4q": null,
            "revenue": 228996,
            "revenue_4q": null,
            "common_shares": 1638845,
            "book_valuer_per_share": 9.6,
            "book_valuer_per_share_4q_avg": 9.99,
            "equity": 1572548,
            "current_ratio": 63.93,
            "debt_ratio": 44.5,
            "inventory_turnover_ratio": 2.19,
            "account_receivable_turnover_ratio": 1.43,
            "reinvestment_rate": 1698.08,
            "research_to_sale_ratio": 12.73,
            "price_fair": 303.8,
            "eps_avg_yearly": 8.68,
            "eps_latest_yearly": 1.36,
            "eps_growth_yearly": 19617
        },
        "20121": {
            "year_quarter": 20121,
            "year": 2012,
            "quarter": 1,
            "eps": -0.29,
            "eps_growth_year": null,
            "eps_4q": -1.12,
            "eps_4q_growth_year": null,
            "roe": -3,
            "roe_4q": -11.499999999999998,
            "gross_profit": 28788,
            "gross_margin": 14.76,
            "gross_margin_4q_avg": -29.6,
            "net_income": -46778,
            "net_income_4q": null,
            "revenue": 194999,
            "revenue_4q": null,
            "common_shares": 1638845,
            "book_valuer_per_share": 9.44,
            "book_valuer_per_share_4q_avg": 9.85,
            "equity": 1547255,
            "current_ratio": 57.99,
            "debt_ratio": 44.65,
            "inventory_turnover_ratio": 1.83,
            "account_receivable_turnover_ratio": 1.39,
            "reinvestment_rate": 7736.8,
            "research_to_sale_ratio": 23.84,
            "price_fair": 303.8,
            "eps_avg_yearly": 8.68,
            "eps_latest_yearly": 1.36,
            "eps_growth_yearly": 19617
        },
        "20122": {
            "year_quarter": 20122,
            "year": 2012,
            "quarter": 2,
            "eps": -0.37,
            "eps_growth_year": -213.87,
            "eps_4q": -1.82,
            "eps_4q_growth_year": null,
            "roe": -4.06,
            "roe_4q": -18.78,
            "gross_profit": 39259,
            "gross_margin": 17.1,
            "gross_margin_4q_avg": -27.15,
            "net_income": -60957,
            "net_income_4q": null,
            "revenue": 229636,
            "revenue_4q": null,
            "common_shares": 1638845,
            "book_valuer_per_share": 8.87,
            "book_valuer_per_share_4q_avg": 9.5,
            "equity": 1453522,
            "current_ratio": 48.52,
            "debt_ratio": 47.33,
            "inventory_turnover_ratio": 2.28,
            "account_receivable_turnover_ratio": 1.9,
            "reinvestment_rate": null,
            "research_to_sale_ratio": 20.4,
            "price_fair": 4.08,
            "eps_avg_yearly": 1.36,
            "eps_latest_yearly": 1.36,
            "eps_growth_yearly": -366
        },
        "20123": {
            "year_quarter": 20123,
            "year": 2012,
            "quarter": 3,
            "eps": -0.31,
            "eps_growth_year": null,
            "eps_4q": -1.71,
            "eps_4q_growth_year": null,
            "roe": -3.59,
            "roe_4q": -18.259999999999998,
            "gross_profit": 28939,
            "gross_margin": 16.7,
            "gross_margin_4q_avg": 14.99,
            "net_income": -51230,
            "net_income_4q": null,
            "revenue": 173246,
            "revenue_4q": null,
            "common_shares": 1638845,
            "book_valuer_per_share": 8.53,
            "book_valuer_per_share_4q_avg": 9.11,
            "equity": 1397693,
            "current_ratio": 50.29,
            "debt_ratio": 48.15,
            "inventory_turnover_ratio": 1.73,
            "account_receivable_turnover_ratio": 1.64,
            "reinvestment_rate": null,
            "research_to_sale_ratio": 27.92,
            "price_fair": 0,
            "eps_avg_yearly": 0,
            "eps_latest_yearly": 0,
            "eps_growth_yearly": 0
        },
        "20124": {
            "year_quarter": 20124,
            "year": 2012,
            "quarter": 4,
            "eps": -0.37,
            "eps_growth_year": null,
            "eps_4q": -1.34,
            "eps_4q_growth_year": null,
            "roe": -4.4,
            "roe_4q": -15.05,
            "gross_profit": 24621,
            "gross_margin": 14,
            "gross_margin_4q_avg": 15.64,
            "net_income": -60321,
            "net_income_4q": null,
            "revenue": 175906,
            "revenue_4q": null,
            "common_shares": 1638845,
            "book_valuer_per_share": 8.21,
            "book_valuer_per_share_4q_avg": 8.76,
            "equity": 1344707,
            "current_ratio": 43.08,
            "debt_ratio": 48.7,
            "inventory_turnover_ratio": 1.74,
            "account_receivable_turnover_ratio": 1.86,
            "reinvestment_rate": null,
            "research_to_sale_ratio": 26.59,
            "price_fair": 0,
            "eps_avg_yearly": 0,
            "eps_latest_yearly": 0,
            "eps_growth_yearly": 0
        },
        "20131": {
            "year_quarter": 20131,
            "year": 2013,
            "quarter": 1,
            "eps": -0.53,
            "eps_growth_year": null,
            "eps_4q": -1.58,
            "eps_4q_growth_year": null,
            "roe": -6.72,
            "roe_4q": -18.77,
            "gross_profit": 21466,
            "gross_margin": 13.34,
            "gross_margin_4q_avg": 15.29,
            "net_income": -86100,
            "net_income_4q": null,
            "revenue": 160876,
            "revenue_4q": null,
            "common_shares": 1638845,
            "book_valuer_per_share": 7.43,
            "book_valuer_per_share_4q_avg": 8.26,
            "equity": 1218185,
            "current_ratio": 39.46,
            "debt_ratio": 52.7,
            "inventory_turnover_ratio": 1.55,
            "account_receivable_turnover_ratio": 1.74,
            "reinvestment_rate": null,
            "research_to_sale_ratio": 23.37,
            "price_fair": 0,
            "eps_avg_yearly": 0,
            "eps_latest_yearly": 0,
            "eps_growth_yearly": 0
        },
        "20132": {
            "year_quarter": 20132,
            "year": 2013,
            "quarter": 2,
            "eps": -0.29,
            "eps_growth_year": null,
            "eps_4q": -1.5,
            "eps_4q_growth_year": null,
            "roe": -4.02,
            "roe_4q": -18.729999999999997,
            "gross_profit": 28232,
            "gross_margin": 13.67,
            "gross_margin_4q_avg": 14.43,
            "net_income": -48141,
            "net_income_4q": null,
            "revenue": 206559,
            "revenue_4q": null,
            "common_shares": 1638845,
            "book_valuer_per_share": 7.17,
            "book_valuer_per_share_4q_avg": 7.84,
            "equity": 1175018,
            "current_ratio": 38.8,
            "debt_ratio": 53.63,
            "inventory_turnover_ratio": 1.85,
            "account_receivable_turnover_ratio": 2.27,
            "reinvestment_rate": null,
            "research_to_sale_ratio": 16.21,
            "price_fair": 0,
            "eps_avg_yearly": 0,
            "eps_latest_yearly": 0,
            "eps_growth_yearly": 0
        },
        "20133": {
            "year_quarter": 20133,
            "year": 2013,
            "quarter": 3,
            "eps": -0.31,
            "eps_growth_year": null,
            "eps_4q": -1.5,
            "eps_4q_growth_year": null,
            "roe": -4.49,
            "roe_4q": -19.630000000000003,
            "gross_profit": 27083,
            "gross_margin": 11.88,
            "gross_margin_4q_avg": 13.22,
            "net_income": -51450,
            "net_income_4q": null,
            "revenue": 227925,
            "revenue_4q": null,
            "common_shares": 1638845,
            "book_valuer_per_share": 6.82,
            "book_valuer_per_share_4q_avg": 7.41,
            "equity": 1118065,
            "current_ratio": 36.51,
            "debt_ratio": 54.91,
            "inventory_turnover_ratio": 2.14,
            "account_receivable_turnover_ratio": 2.35,
            "reinvestment_rate": null,
            "research_to_sale_ratio": 14.98,
            "price_fair": 0,
            "eps_avg_yearly": 0,
            "eps_latest_yearly": 0,
            "eps_growth_yearly": 0
        },
        "20134": {
            "year_quarter": 20134,
            "year": 2013,
            "quarter": 4,
            "eps": -1.69,
            "eps_growth_year": null,
            "eps_4q": -2.83,
            "eps_4q_growth_year": null,
            "roe": -28.21,
            "roe_4q": -43.44,
            "gross_profit": 22026,
            "gross_margin": 12.17,
            "gross_margin_4q_avg": 12.77,
            "net_income": -277657,
            "net_income_4q": null,
            "revenue": 181027,
            "revenue_4q": null,
            "common_shares": 1638845,
            "book_valuer_per_share": 5.19,
            "book_valuer_per_share_4q_avg": 6.65,
            "equity": 850642,
            "current_ratio": 83.58,
            "debt_ratio": 62.56,
            "inventory_turnover_ratio": 1.62,
            "account_receivable_turnover_ratio": 2.06,
            "reinvestment_rate": null,
            "research_to_sale_ratio": 17.32,
            "price_fair": 0,
            "eps_avg_yearly": 0,
            "eps_latest_yearly": 0,
            "eps_growth_yearly": 0
        },
        "20141": {
            "year_quarter": 20141,
            "year": 2014,
            "quarter": 1,
            "eps": 0.15,
            "eps_growth_year": null,
            "eps_4q": -2.15,
            "eps_4q_growth_year": null,
            "roe": 2.81,
            "roe_4q": -33.91,
            "gross_profit": 28277,
            "gross_margin": 13.73,
            "gross_margin_4q_avg": 12.86,
            "net_income": 24158,
            "net_income_4q": null,
            "revenue": 205924,
            "revenue_4q": null,
            "common_shares": 1638845,
            "book_valuer_per_share": 5.28,
            "book_valuer_per_share_4q_avg": 6.12,
            "equity": 865952,
            "current_ratio": 146.91,
            "debt_ratio": 55.11,
            "inventory_turnover_ratio": 1.88,
            "account_receivable_turnover_ratio": 2.46,
            "reinvestment_rate": null,
            "research_to_sale_ratio": 4.16,
            "price_fair": 0,
            "eps_avg_yearly": 0,
            "eps_latest_yearly": 0,
            "eps_growth_yearly": 0
        },
        "20142": {
            "year_quarter": 20142,
            "year": 2014,
            "quarter": 2,
            "eps": -0.03,
            "eps_growth_year": null,
            "eps_4q": -1.89,
            "eps_4q_growth_year": null,
            "roe": -0.51,
            "roe_4q": -30.4,
            "gross_profit": 32940,
            "gross_margin": 14.61,
            "gross_margin_4q_avg": 13.1,
            "net_income": -4360,
            "net_income_4q": null,
            "revenue": 225516,
            "revenue_4q": null,
            "common_shares": 1638845,
            "book_valuer_per_share": 5.19,
            "book_valuer_per_share_4q_avg": 5.62,
            "equity": 850962,
            "current_ratio": 139.62,
            "debt_ratio": 57.51,
            "inventory_turnover_ratio": 2.29,
            "account_receivable_turnover_ratio": 2.16,
            "reinvestment_rate": null,
            "research_to_sale_ratio": 4.38,
            "price_fair": 0,
            "eps_avg_yearly": 0,
            "eps_latest_yearly": 0,
            "eps_growth_yearly": 0
        },
        "20143": {
            "year_quarter": 20143,
            "year": 2014,
            "quarter": 3,
            "eps": -0.41,
            "eps_growth_year": null,
            "eps_4q": -3.51,
            "eps_4q_growth_year": null,
            "roe": -4.07,
            "roe_4q": -29.98,
            "gross_profit": 32653,
            "gross_margin": 14.18,
            "gross_margin_4q_avg": 13.67,
            "net_income": -34250,
            "net_income_4q": null,
            "revenue": 230259,
            "revenue_4q": null,
            "common_shares": 831358,
            "book_valuer_per_share": 10,
            "book_valuer_per_share_4q_avg": 6.42,
            "equity": 831178,
            "current_ratio": 136.8,
            "debt_ratio": 60.47,
            "inventory_turnover_ratio": 2.39,
            "account_receivable_turnover_ratio": 2.17,
            "reinvestment_rate": null,
            "research_to_sale_ratio": 4.42,
            "price_fair": 0,
            "eps_avg_yearly": 0,
            "eps_latest_yearly": 0,
            "eps_growth_yearly": 0
        },
        "20144": {
            "year_quarter": 20144,
            "year": 2014,
            "quarter": 4,
            "eps": -0.47,
            "eps_growth_year": null,
            "eps_4q": -0.64,
            "eps_4q_growth_year": null,
            "roe": -4.72,
            "roe_4q": -6.489999999999998,
            "gross_profit": 26033,
            "gross_margin": 12.76,
            "gross_margin_4q_avg": 13.82,
            "net_income": -38751,
            "net_income_4q": null,
            "revenue": 204000,
            "revenue_4q": null,
            "common_shares": 831358,
            "book_valuer_per_share": 9.76,
            "book_valuer_per_share_4q_avg": 7.56,
            "equity": 811559,
            "current_ratio": 130.68,
            "debt_ratio": 60.26,
            "inventory_turnover_ratio": 2.05,
            "account_receivable_turnover_ratio": 2.02,
            "reinvestment_rate": null,
            "research_to_sale_ratio": 5.15,
            "price_fair": 0,
            "eps_avg_yearly": 0,
            "eps_latest_yearly": 0,
            "eps_growth_yearly": 0
        },
        "20151": {
            "year_quarter": 20151,
            "year": 2015,
            "quarter": 1,
            "eps": -1.05,
            "eps_growth_year": -800,
            "eps_4q": -1.98,
            "eps_4q_growth_year": null,
            "roe": -11.35,
            "roe_4q": -20.650000000000002,
            "gross_profit": 25909,
            "gross_margin": 13.85,
            "gross_margin_4q_avg": 13.85,
            "net_income": -86971,
            "net_income_4q": null,
            "revenue": 187057,
            "revenue_4q": null,
            "common_shares": 831358,
            "book_valuer_per_share": 8.66,
            "book_valuer_per_share_4q_avg": 8.4,
            "equity": 720306,
            "current_ratio": 116.79,
            "debt_ratio": 62.56,
            "inventory_turnover_ratio": 1.73,
            "account_receivable_turnover_ratio": 1.83,
            "reinvestment_rate": null,
            "research_to_sale_ratio": 4.54,
            "price_fair": 0,
            "eps_avg_yearly": 0,
            "eps_latest_yearly": 0,
            "eps_growth_yearly": 0
        },
        "20152": {
            "year_quarter": 20152,
            "year": 2015,
            "quarter": 2,
            "eps": -0.9,
            "eps_growth_year": null,
            "eps_4q": -2.82,
            "eps_4q_growth_year": null,
            "roe": -10.98,
            "roe_4q": -31.119999999999997,
            "gross_profit": 38744,
            "gross_margin": 16.19,
            "gross_margin_4q_avg": 14.25,
            "net_income": -74537,
            "net_income_4q": null,
            "revenue": 239292,
            "revenue_4q": null,
            "common_shares": 831358,
            "book_valuer_per_share": 7.66,
            "book_valuer_per_share_4q_avg": 9.02,
            "equity": 637186,
            "current_ratio": 104.65,
            "debt_ratio": 65.88,
            "inventory_turnover_ratio": 2.23,
            "account_receivable_turnover_ratio": 2.27,
            "reinvestment_rate": null,
            "research_to_sale_ratio": 4.32,
            "price_fair": 0,
            "eps_avg_yearly": 0,
            "eps_latest_yearly": 0,
            "eps_growth_yearly": 0
        },
        "20153": {
            "year_quarter": 20153,
            "year": 2015,
            "quarter": 3,
            "eps": 1.77,
            "eps_growth_year": null,
            "eps_4q": -0.64,
            "eps_4q_growth_year": null,
            "roe": 20.32,
            "roe_4q": -6.7299999999999995,
            "gross_profit": 25747,
            "gross_margin": 15.3,
            "gross_margin_4q_avg": 14.53,
            "net_income": 147037,
            "net_income_4q": null,
            "revenue": 168262,
            "revenue_4q": null,
            "common_shares": 831358,
            "book_valuer_per_share": 9.74,
            "book_valuer_per_share_4q_avg": 8.96,
            "equity": 810137,
            "current_ratio": 63.03,
            "debt_ratio": 51.39,
            "inventory_turnover_ratio": 1.57,
            "account_receivable_turnover_ratio": 1.81,
            "reinvestment_rate": null,
            "research_to_sale_ratio": 6.18,
            "price_fair": 0,
            "eps_avg_yearly": 0,
            "eps_latest_yearly": 0,
            "eps_growth_yearly": 0
        },
        "20154": {
            "year_quarter": 20154,
            "year": 2015,
            "quarter": 4,
            "eps": -0.48,
            "eps_growth_year": null,
            "eps_4q": -0.65,
            "eps_4q_growth_year": null,
            "roe": -5.14,
            "roe_4q": -7.15,
            "gross_profit": 22884,
            "gross_margin": 14.04,
            "gross_margin_4q_avg": 14.85,
            "net_income": -39968,
            "net_income_4q": null,
            "revenue": 162997,
            "revenue_4q": null,
            "common_shares": 831358,
            "book_valuer_per_share": 8.97,
            "book_valuer_per_share_4q_avg": 8.76,
            "equity": 745440,
            "current_ratio": 87.1,
            "debt_ratio": 55.92,
            "inventory_turnover_ratio": 1.65,
            "account_receivable_turnover_ratio": 1.98,
            "reinvestment_rate": null,
            "research_to_sale_ratio": 6.95,
            "price_fair": 0,
            "eps_avg_yearly": 0,
            "eps_latest_yearly": 0,
            "eps_growth_yearly": 0
        },
        "20161": {
            "year_quarter": 20161,
            "year": 2016,
            "quarter": 1,
            "eps": 0,
            "eps_growth_year": null,
            "eps_4q": 0.39,
            "eps_4q_growth_year": null,
            "roe": 0.01,
            "roe_4q": 4.210000000000001,
            "gross_profit": 35067,
            "gross_margin": 21.47,
            "gross_margin_4q_avg": 16.75,
            "net_income": 58,
            "net_income_4q": null,
            "revenue": 163311,
            "revenue_4q": null,
            "common_shares": 831358,
            "book_valuer_per_share": 8.93,
            "book_valuer_per_share_4q_avg": 8.83,
            "equity": 742306,
            "current_ratio": 77.07,
            "debt_ratio": 55.06,
            "inventory_turnover_ratio": 1.75,
            "account_receivable_turnover_ratio": 1.97,
            "reinvestment_rate": null,
            "research_to_sale_ratio": 5.86,
            "price_fair": 0,
            "eps_avg_yearly": 0,
            "eps_latest_yearly": 0,
            "eps_growth_yearly": 0
        },
        "20162": {
            "year_quarter": 20162,
            "year": 2016,
            "quarter": 2,
            "eps": -0.05,
            "eps_growth_year": null,
            "eps_4q": 1.24,
            "eps_4q_growth_year": null,
            "roe": -0.53,
            "roe_4q": 14.66,
            "gross_profit": 23580,
            "gross_margin": 13.77,
            "gross_margin_4q_avg": 16.15,
            "net_income": -3882,
            "net_income_4q": null,
            "revenue": 171245,
            "revenue_4q": null,
            "common_shares": 831358,
            "book_valuer_per_share": 8.69,
            "book_valuer_per_share_4q_avg": 9.08,
            "equity": 722351,
            "current_ratio": 80.49,
            "debt_ratio": 56.43,
            "inventory_turnover_ratio": 1.9,
            "account_receivable_turnover_ratio": 1.87,
            "reinvestment_rate": null,
            "research_to_sale_ratio": 5.4,
            "price_fair": 0,
            "eps_avg_yearly": 0,
            "eps_latest_yearly": 0,
            "eps_growth_yearly": 0
        },
        "20163": {
            "year_quarter": 20163,
            "year": 2016,
            "quarter": 3,
            "eps": 0.01,
            "eps_growth_year": -99.44,
            "eps_4q": -0.52,
            "eps_4q_growth_year": null,
            "roe": 0.07,
            "roe_4q": -5.59,
            "gross_profit": 28580,
            "gross_margin": 16.46,
            "gross_margin_4q_avg": 16.44,
            "net_income": 518,
            "net_income_4q": null,
            "revenue": 173622,
            "revenue_4q": null,
            "common_shares": 831358,
            "book_valuer_per_share": 8.46,
            "book_valuer_per_share_4q_avg": 8.76,
            "equity": 703061,
            "current_ratio": 65.51,
            "debt_ratio": 56.94,
            "inventory_turnover_ratio": 1.71,
            "account_receivable_turnover_ratio": 1.95,
            "reinvestment_rate": null,
            "research_to_sale_ratio": 6.17,
            "price_fair": 0,
            "eps_avg_yearly": 0,
            "eps_latest_yearly": 0,
            "eps_growth_yearly": 0
        },
        "20164": {
            "year_quarter": 20164,
            "year": 2016,
            "quarter": 4,
            "eps": -1.24,
            "eps_growth_year": null,
            "eps_4q": -1.28,
            "eps_4q_growth_year": null,
            "roe": -16.01,
            "roe_4q": -16.46,
            "gross_profit": 31682,
            "gross_margin": 18.34,
            "gross_margin_4q_avg": 17.51,
            "net_income": -103252,
            "net_income_4q": null,
            "revenue": 172748,
            "revenue_4q": null,
            "common_shares": 831358,
            "book_valuer_per_share": 7.06,
            "book_valuer_per_share_4q_avg": 8.29,
            "equity": 586920,
            "current_ratio": 76.31,
            "debt_ratio": 63.33,
            "inventory_turnover_ratio": 1.71,
            "account_receivable_turnover_ratio": 1.87,
            "reinvestment_rate": null,
            "research_to_sale_ratio": 5.67,
            "price_fair": 0,
            "eps_avg_yearly": 0,
            "eps_latest_yearly": 0,
            "eps_growth_yearly": 0
        },
        "20171": {
            "year_quarter": 20171,
            "year": 2017,
            "quarter": 1,
            "eps": 0.28,
            "eps_growth_year": null,
            "eps_4q": -1,
            "eps_4q_growth_year": -355.95,
            "roe": 3.97,
            "roe_4q": -12.5,
            "gross_profit": 33059,
            "gross_margin": 18.08,
            "gross_margin_4q_avg": 16.66,
            "net_income": 23202,
            "net_income_4q": null,
            "revenue": 182876,
            "revenue_4q": null,
            "common_shares": 831358,
            "book_valuer_per_share": 6.99,
            "book_valuer_per_share_4q_avg": 7.8,
            "equity": 581143,
            "current_ratio": 73.92,
            "debt_ratio": 62.87,
            "inventory_turnover_ratio": 1.8,
            "account_receivable_turnover_ratio": 1.73,
            "reinvestment_rate": null,
            "research_to_sale_ratio": 4.31,
            "price_fair": 0,
            "eps_avg_yearly": 0,
            "eps_latest_yearly": 0,
            "eps_growth_yearly": 0
        },
        "20172": {
            "year_quarter": 20172,
            "year": 2017,
            "quarter": 2,
            "eps": -1.31,
            "eps_growth_year": null,
            "eps_4q": -2.27,
            "eps_4q_growth_year": -282.51,
            "roe": -20.68,
            "roe_4q": -32.65,
            "gross_profit": 31629,
            "gross_margin": 16.78,
            "gross_margin_4q_avg": 17.42,
            "net_income": -108903,
            "net_income_4q": null,
            "revenue": 188446,
            "revenue_4q": null,
            "common_shares": 831358,
            "book_valuer_per_share": 5.68,
            "book_valuer_per_share_4q_avg": 7.05,
            "equity": 472288,
            "current_ratio": 70.37,
            "debt_ratio": 66.59,
            "inventory_turnover_ratio": 1.86,
            "account_receivable_turnover_ratio": 1.85,
            "reinvestment_rate": null,
            "research_to_sale_ratio": 3.83,
            "price_fair": 0,
            "eps_avg_yearly": 0,
            "eps_latest_yearly": 0,
            "eps_growth_yearly": 0
        },
        "20173": {
            "year_quarter": 20173,
            "year": 2017,
            "quarter": 3,
            "eps": -0.48,
            "eps_growth_year": -4900,
            "eps_4q": -2.75,
            "eps_4q_growth_year": null,
            "roe": -8.76,
            "roe_4q": -41.480000000000004,
            "gross_profit": 19661,
            "gross_margin": 15.61,
            "gross_margin_4q_avg": 17.2,
            "net_income": -40001,
            "net_income_4q": null,
            "revenue": 125946,
            "revenue_4q": null,
            "common_shares": 831358,
            "book_valuer_per_share": 5.3,
            "book_valuer_per_share_4q_avg": 6.26,
            "equity": 440658,
            "current_ratio": 61.35,
            "debt_ratio": 66.92,
            "inventory_turnover_ratio": 1.16,
            "account_receivable_turnover_ratio": 1.37,
            "reinvestment_rate": null,
            "research_to_sale_ratio": 5.31,
            "price_fair": 0,
            "eps_avg_yearly": 0,
            "eps_latest_yearly": 0,
            "eps_growth_yearly": 0
        },
        "20174": {
            "year_quarter": 20174,
            "year": 2017,
            "quarter": 4,
            "eps": -0.21,
            "eps_growth_year": null,
            "eps_4q": -1.72,
            "eps_4q_growth_year": null,
            "roe": -4.05,
            "roe_4q": -29.519999999999996,
            "gross_profit": 24411,
            "gross_margin": 16.62,
            "gross_margin_4q_avg": 16.77,
            "net_income": -17498,
            "net_income_4q": null,
            "revenue": 146849,
            "revenue_4q": null,
            "common_shares": 831358,
            "book_valuer_per_share": 5.1,
            "book_valuer_per_share_4q_avg": 5.77,
            "equity": 423653,
            "current_ratio": 90.47,
            "debt_ratio": 69.34,
            "inventory_turnover_ratio": 1.2,
            "account_receivable_turnover_ratio": 1.79,
            "reinvestment_rate": null,
            "research_to_sale_ratio": 3.97,
            "price_fair": 0,
            "eps_avg_yearly": 0,
            "eps_latest_yearly": 0,
            "eps_growth_yearly": 0
        },
        "20181": {
            "year_quarter": 20181,
            "year": 2018,
            "quarter": 1,
            "eps": -0.47,
            "eps_growth_year": -267.86,
            "eps_4q": -2.47,
            "eps_4q_growth_year": null,
            "roe": -9.62,
            "roe_4q": -43.11,
            "gross_profit": 16214,
            "gross_margin": 13.52,
            "gross_margin_4q_avg": 15.63,
            "net_income": -39331,
            "net_income_4q": null,
            "revenue": 119909,
            "revenue_4q": null,
            "common_shares": 831358,
            "book_valuer_per_share": 4.74,
            "book_valuer_per_share_4q_avg": 5.21,
            "equity": 394323,
            "current_ratio": 80.89,
            "debt_ratio": 69.95,
            "inventory_turnover_ratio": 1.01,
            "account_receivable_turnover_ratio": 1.53,
            "reinvestment_rate": null,
            "research_to_sale_ratio": 6.21,
            "price_fair": 0,
            "eps_avg_yearly": 0,
            "eps_latest_yearly": 0,
            "eps_growth_yearly": 0
        },
        "20182": {
            "year_quarter": 20182,
            "year": 2018,
            "quarter": 2,
            "eps": -0.4,
            "eps_growth_year": null,
            "eps_4q": -2.13,
            "eps_4q_growth_year": null,
            "roe": -5.94,
            "roe_4q": -28.369999999999997,
            "gross_profit": 13406,
            "gross_margin": 12.87,
            "gross_margin_4q_avg": 14.66,
            "net_income": -22568,
            "net_income_4q": null,
            "revenue": 104146,
            "revenue_4q": null,
            "common_shares": 561358,
            "book_valuer_per_share": 6.51,
            "book_valuer_per_share_4q_avg": 5.41,
            "equity": 365669,
            "current_ratio": 75.94,
            "debt_ratio": 71.41,
            "inventory_turnover_ratio": 0.9,
            "account_receivable_turnover_ratio": 1.26,
            "reinvestment_rate": null,
            "research_to_sale_ratio": 5.58,
            "price_fair": 0,
            "eps_avg_yearly": 0,
            "eps_latest_yearly": 0,
            "eps_growth_yearly": 0
        },
        "20183": {
            "year_quarter": 20183,
            "year": 2018,
            "quarter": 3,
            "eps": -0.13,
            "eps_growth_year": null,
            "eps_4q": -1.55,
            "eps_4q_growth_year": null,
            "roe": -2.09,
            "roe_4q": -21.7,
            "gross_profit": 13989,
            "gross_margin": 14.8,
            "gross_margin_4q_avg": 14.45,
            "net_income": -7358,
            "net_income_4q": null,
            "revenue": 94509,
            "revenue_4q": null,
            "common_shares": 561358,
            "book_valuer_per_share": 6.01,
            "book_valuer_per_share_4q_avg": 5.59,
            "equity": 337530,
            "current_ratio": 72.02,
            "debt_ratio": 72.76,
            "inventory_turnover_ratio": 0.83,
            "account_receivable_turnover_ratio": 1.17,
            "reinvestment_rate": null,
            "research_to_sale_ratio": 6.67,
            "price_fair": 0,
            "eps_avg_yearly": 0,
            "eps_latest_yearly": 0,
            "eps_growth_yearly": 0
        },
        "20184": {
            "year_quarter": 20184,
            "year": 2018,
            "quarter": 4,
            "eps": -0.54,
            "eps_growth_year": null,
            "eps_4q": -1.77,
            "eps_4q_growth_year": null,
            "roe": -9.25,
            "roe_4q": -26.9,
            "gross_profit": 15479,
            "gross_margin": 14.77,
            "gross_margin_4q_avg": 13.99,
            "net_income": -30146,
            "net_income_4q": null,
            "revenue": 104770,
            "revenue_4q": null,
            "common_shares": 561358,
            "book_valuer_per_share": 5.6,
            "book_valuer_per_share_4q_avg": 5.72,
            "equity": 314597,
            "current_ratio": 75.35,
            "debt_ratio": 74.31,
            "inventory_turnover_ratio": 0.9,
            "account_receivable_turnover_ratio": 1.48,
            "reinvestment_rate": null,
            "research_to_sale_ratio": 5.94,
            "price_fair": 0,
            "eps_avg_yearly": 0,
            "eps_latest_yearly": 0,
            "eps_growth_yearly": 0
        },
        "20191": {
            "year_quarter": 20191,
            "year": 2019,
            "quarter": 1,
            "eps": -0.83,
            "eps_growth_year": null,
            "eps_4q": -1.9,
            "eps_4q_growth_year": null,
            "roe": -15.71,
            "roe_4q": -32.99,
            "gross_profit": 7288,
            "gross_margin": 9.36,
            "gross_margin_4q_avg": 12.95,
            "net_income": -46849,
            "net_income_4q": null,
            "revenue": 77838,
            "revenue_4q": null,
            "common_shares": 561358,
            "book_valuer_per_share": 5.02,
            "book_valuer_per_share_4q_avg": 5.79,
            "equity": 281840,
            "current_ratio": 71.28,
            "debt_ratio": 76.68,
            "inventory_turnover_ratio": 0.66,
            "account_receivable_turnover_ratio": 1.2,
            "reinvestment_rate": null,
            "research_to_sale_ratio": 7.5,
            "price_fair": 0,
            "eps_avg_yearly": 0,
            "eps_latest_yearly": 0,
            "eps_growth_yearly": 0
        },
        "20192": {
            "year_quarter": 20192,
            "year": 2019,
            "quarter": 2,
            "eps": -0.14,
            "eps_growth_year": null,
            "eps_4q": -1.64,
            "eps_4q_growth_year": null,
            "roe": -2.79,
            "roe_4q": -29.84,
            "gross_profit": 15206,
            "gross_margin": 15.49,
            "gross_margin_4q_avg": 13.61,
            "net_income": -7643,
            "net_income_4q": null,
            "revenue": 98154,
            "revenue_4q": null,
            "common_shares": 561358,
            "book_valuer_per_share": 4.75,
            "book_valuer_per_share_4q_avg": 5.35,
            "equity": 266705,
            "current_ratio": 71.63,
            "debt_ratio": 78.46,
            "inventory_turnover_ratio": 0.79,
            "account_receivable_turnover_ratio": 1.39,
            "reinvestment_rate": null,
            "research_to_sale_ratio": 5.89,
            "price_fair": 0,
            "eps_avg_yearly": 0,
            "eps_latest_yearly": 0,
            "eps_growth_yearly": 0
        },
        "20193": {
            "year_quarter": 20193,
            "year": 2019,
            "quarter": 3,
            "eps": -0.14,
            "eps_growth_year": null,
            "eps_4q": -1.65,
            "eps_4q_growth_year": null,
            "roe": -3.18,
            "roe_4q": -30.93,
            "gross_profit": 11083,
            "gross_margin": 11.01,
            "gross_margin_4q_avg": 12.66,
            "net_income": -8001,
            "net_income_4q": null,
            "revenue": 100708,
            "revenue_4q": null,
            "common_shares": 561358,
            "book_valuer_per_share": 4.2,
            "book_valuer_per_share_4q_avg": 4.89,
            "equity": 235914,
            "current_ratio": 68.5,
            "debt_ratio": 80.07,
            "inventory_turnover_ratio": 1.01,
            "account_receivable_turnover_ratio": 1.33,
            "reinvestment_rate": null,
            "research_to_sale_ratio": 6,
            "price_fair": 0,
            "eps_avg_yearly": 0,
            "eps_latest_yearly": 0,
            "eps_growth_yearly": 0
        },
        "20194": {
            "year_quarter": 20194,
            "year": 2019,
            "quarter": 4,
            "eps": -1.52,
            "eps_growth_year": null,
            "eps_4q": -2.63,
            "eps_4q_growth_year": null,
            "roe": -44.76,
            "roe_4q": -66.44,
            "gross_profit": 12857,
            "gross_margin": 14.93,
            "gross_margin_4q_avg": 12.7,
            "net_income": -85212,
            "net_income_4q": null,
            "revenue": 86138,
            "revenue_4q": null,
            "common_shares": 561358,
            "book_valuer_per_share": 2.58,
            "book_valuer_per_share_4q_avg": 4.14,
            "equity": 144799,
            "current_ratio": 179.69,
            "debt_ratio": 84.34,
            "inventory_turnover_ratio": 0.95,
            "account_receivable_turnover_ratio": 1.36,
            "reinvestment_rate": null,
            "research_to_sale_ratio": 6.69,
            "price_fair": 0,
            "eps_avg_yearly": 0,
            "eps_latest_yearly": 0,
            "eps_growth_yearly": 0
        },
        "20201": {
            "year_quarter": 20201,
            "year": 2020,
            "quarter": 1,
            "eps": 1.43,
            "eps_growth_year": null,
            "eps_4q": -0.36,
            "eps_4q_growth_year": null,
            "roe": 44.32,
            "roe_4q": -6.409999999999998,
            "gross_profit": 5096,
            "gross_margin": 9.2,
            "gross_margin_4q_avg": 12.66,
            "net_income": 80525,
            "net_income_4q": null,
            "revenue": 55388,
            "revenue_4q": null,
            "common_shares": 561358,
            "book_valuer_per_share": 3.89,
            "book_valuer_per_share_4q_avg": 3.86,
            "equity": 218587,
            "current_ratio": 251.54,
            "debt_ratio": 52.36,
            "inventory_turnover_ratio": 0.68,
            "account_receivable_turnover_ratio": 1.11,
            "reinvestment_rate": null,
            "research_to_sale_ratio": 6.64,
            "price_fair": 0,
            "eps_avg_yearly": 0,
            "eps_latest_yearly": 0,
            "eps_growth_yearly": 0
        },
        "20202": {
            "year_quarter": 20202,
            "year": 2020,
            "quarter": 2,
            "eps": -0.14,
            "eps_growth_year": null,
            "eps_4q": -0.36,
            "eps_4q_growth_year": null,
            "roe": -3.62,
            "roe_4q": -7.239999999999995,
            "gross_profit": 11674,
            "gross_margin": 15.53,
            "gross_margin_4q_avg": 12.67,
            "net_income": -7608,
            "net_income_4q": null,
            "revenue": 75148,
            "revenue_4q": null,
            "common_shares": 561358,
            "book_valuer_per_share": 3.6,
            "book_valuer_per_share_4q_avg": 3.57,
            "equity": 202126,
            "current_ratio": 212.84,
            "debt_ratio": 59.19,
            "inventory_turnover_ratio": 0.89,
            "account_receivable_turnover_ratio": 1.72,
            "reinvestment_rate": null,
            "research_to_sale_ratio": 4.74,
            "price_fair": 0,
            "eps_avg_yearly": 0,
            "eps_latest_yearly": 0,
            "eps_growth_yearly": 0
        },
        "20203": {
            "year_quarter": 20203,
            "year": 2020,
            "quarter": 3,
            "eps": -1.57,
            "eps_growth_year": null,
            "eps_4q": -2.14,
            "eps_4q_growth_year": null,
            "roe": -17.61,
            "roe_4q": -21.669999999999998,
            "gross_profit": 10084,
            "gross_margin": 14.97,
            "gross_margin_4q_avg": 13.66,
            "net_income": -33554,
            "net_income_4q": null,
            "revenue": 67351,
            "revenue_4q": null,
            "common_shares": 214105,
            "book_valuer_per_share": 8.36,
            "book_valuer_per_share_4q_avg": 4.61,
            "equity": 178895,
            "current_ratio": 215.56,
            "debt_ratio": 60.67,
            "inventory_turnover_ratio": 0.89,
            "account_receivable_turnover_ratio": 1.63,
            "reinvestment_rate": null,
            "research_to_sale_ratio": 6.14,
            "price_fair": 0,
            "eps_avg_yearly": 0,
            "eps_latest_yearly": 0,
            "eps_growth_yearly": 0
        },
        "20204": {
            "year_quarter": 20204,
            "year": 2020,
            "quarter": 4,
            "eps": -1.96,
            "eps_growth_year": null,
            "eps_4q": -0.47,
            "eps_4q_growth_year": null,
            "roe": -29.37,
            "roe_4q": -6.280000000000001,
            "gross_profit": 7507,
            "gross_margin": 9.64,
            "gross_margin_4q_avg": 12.34,
            "net_income": -51665,
            "net_income_4q": null,
            "revenue": 77875,
            "revenue_4q": null,
            "common_shares": 264105,
            "book_valuer_per_share": 6.55,
            "book_valuer_per_share_4q_avg": 5.6,
            "equity": 172935,
            "current_ratio": 219.05,
            "debt_ratio": 62.26,
            "inventory_turnover_ratio": 1.28,
            "account_receivable_turnover_ratio": 1.83,
            "reinvestment_rate": null,
            "research_to_sale_ratio": 4.25,
            "price_fair": 0,
            "eps_avg_yearly": 0,
            "eps_latest_yearly": 0,
            "eps_growth_yearly": 0
        },
        "20211": {
            "year_quarter": 20211,
            "year": 2021,
            "quarter": 1,
            "eps": -0.64,
            "eps_growth_year": -144.76,
            "eps_4q": -4.15,
            "eps_4q_growth_year": null,
            "roe": -10.33,
            "roe_4q": -60.93,
            "gross_profit": 7186,
            "gross_margin": 11.72,
            "gross_margin_4q_avg": 12.97,
            "net_income": -16795,
            "net_income_4q": null,
            "revenue": 61327,
            "revenue_4q": null,
            "common_shares": 264105,
            "book_valuer_per_share": 5.76,
            "book_valuer_per_share_4q_avg": 6.07,
            "equity": 152126,
            "current_ratio": 200.15,
            "debt_ratio": 64.51,
            "inventory_turnover_ratio": 1,
            "account_receivable_turnover_ratio": 1.29,
            "reinvestment_rate": null,
            "research_to_sale_ratio": 5.46,
            "price_fair": 0,
            "eps_avg_yearly": 0,
            "eps_latest_yearly": 0,
            "eps_growth_yearly": 0
        },
        "20212": {
            "year_quarter": 20212,
            "year": 2021,
            "quarter": 2,
            "eps": -0.5,
            "eps_growth_year": null,
            "eps_4q": -4.37,
            "eps_4q_growth_year": null,
            "roe": -9.29,
            "roe_4q": -66.6,
            "gross_profit": 7941,
            "gross_margin": 11.09,
            "gross_margin_4q_avg": 11.86,
            "net_income": -13308,
            "net_income_4q": null,
            "revenue": 71605,
            "revenue_4q": null,
            "common_shares": 264105,
            "book_valuer_per_share": 5.09,
            "book_valuer_per_share_4q_avg": 6.44,
            "equity": 134471,
            "current_ratio": 181.73,
            "debt_ratio": 67.16,
            "inventory_turnover_ratio": 1.08,
            "account_receivable_turnover_ratio": 1.41,
            "reinvestment_rate": null,
            "research_to_sale_ratio": 4.76,
            "price_fair": 0,
            "eps_avg_yearly": 0,
            "eps_latest_yearly": 0,
            "eps_growth_yearly": 0
        },
        "20213": {
            "year_quarter": 20213,
            "year": 2021,
            "quarter": 3,
            "eps": -0.67,
            "eps_growth_year": null,
            "eps_4q": -3.77,
            "eps_4q_growth_year": null,
            "roe": -14.17,
            "roe_4q": -63.16,
            "gross_profit": 6456,
            "gross_margin": 10.63,
            "gross_margin_4q_avg": 10.77,
            "net_income": -17755,
            "net_income_4q": null,
            "revenue": 60723,
            "revenue_4q": null,
            "common_shares": 264105,
            "book_valuer_per_share": 4.4,
            "book_valuer_per_share_4q_avg": 5.45,
            "equity": 116200,
            "current_ratio": 175.69,
            "debt_ratio": 70.29,
            "inventory_turnover_ratio": 0.88,
            "account_receivable_turnover_ratio": 1.27,
            "reinvestment_rate": null,
            "research_to_sale_ratio": 6.01,
            "price_fair": 0,
            "eps_avg_yearly": 0,
            "eps_latest_yearly": 0,
            "eps_growth_yearly": 0
        },
        "20214": {
            "year_quarter": 20214,
            "year": 2021,
            "quarter": 4,
            "eps": -3.32,
            "eps_growth_year": null,
            "eps_4q": -5.13,
            "eps_4q_growth_year": null,
            "roe": -116.96,
            "roe_4q": -150.75,
            "gross_profit": 8798,
            "gross_margin": 12.24,
            "gross_margin_4q_avg": 11.42,
            "net_income": -87712,
            "net_income_4q": null,
            "revenue": 71898,
            "revenue_4q": null,
            "common_shares": 264105,
            "book_valuer_per_share": 1.28,
            "book_valuer_per_share_4q_avg": 4.13,
            "equity": 33781,
            "current_ratio": 166.94,
            "debt_ratio": 89.18,
            "inventory_turnover_ratio": 0.95,
            "account_receivable_turnover_ratio": 1.74,
            "reinvestment_rate": null,
            "research_to_sale_ratio": 4.71,
            "price_fair": 0,
            "eps_avg_yearly": 0,
            "eps_latest_yearly": 0,
            "eps_growth_yearly": 0
        },
        "20221": {
            "year_quarter": 20221,
            "year": 2022,
            "quarter": 1,
            "eps": -1.16,
            "eps_growth_year": null,
            "eps_4q": -5.65,
            "eps_4q_growth_year": null,
            "roe": -109.27,
            "roe_4q": -249.68999999999997,
            "gross_profit": 11709,
            "gross_margin": 19.08,
            "gross_margin_4q_avg": 13.26,
            "net_income": -30513,
            "net_income_4q": null,
            "revenue": 61374,
            "revenue_4q": null,
            "common_shares": 264105,
            "book_valuer_per_share": 0.84,
            "book_valuer_per_share_4q_avg": 2.9,
            "equity": 22069,
            "current_ratio": 164.08,
            "debt_ratio": 92.44,
            "inventory_turnover_ratio": 0.67,
            "account_receivable_turnover_ratio": 1.52,
            "reinvestment_rate": null,
            "research_to_sale_ratio": 5.2,
            "price_fair": 0,
            "eps_avg_yearly": 0,
            "eps_latest_yearly": 0,
            "eps_growth_yearly": 0
        },
        "20222": {
            "year_quarter": 20222,
            "year": 2022,
            "quarter": 2,
            "eps": 0.29,
            "eps_growth_year": null,
            "eps_4q": -3.76,
            "eps_4q_growth_year": null,
            "roe": 19.17,
            "roe_4q": -221.23,
            "gross_profit": 8297,
            "gross_margin": 14.95,
            "gross_margin_4q_avg": 14.23,
            "net_income": 8672,
            "net_income_4q": null,
            "revenue": 55516,
            "revenue_4q": null,
            "common_shares": 338890,
            "book_valuer_per_share": 2.02,
            "book_valuer_per_share_4q_avg": 2.14,
            "equity": 68396,
            "current_ratio": 173.74,
            "debt_ratio": 79.45,
            "inventory_turnover_ratio": 0.53,
            "account_receivable_turnover_ratio": 1.56,
            "reinvestment_rate": null,
            "research_to_sale_ratio": 5.76,
            "price_fair": 0,
            "eps_avg_yearly": 0,
            "eps_latest_yearly": 0,
            "eps_growth_yearly": 0
        },
        "20223": {
            "year_quarter": 20223,
            "year": 2022,
            "quarter": 3,
            "eps": -0.16,
            "eps_growth_year": null,
            "eps_4q": -3.4,
            "eps_4q_growth_year": null,
            "roe": -8.17,
            "roe_4q": -215.23,
            "gross_profit": 14435,
            "gross_margin": 16.98,
            "gross_margin_4q_avg": 15.81,
            "net_income": -5583,
            "net_income_4q": null,
            "revenue": 85036,
            "revenue_4q": null,
            "common_shares": 338890,
            "book_valuer_per_share": 2.02,
            "book_valuer_per_share_4q_avg": 1.54,
            "equity": 68344,
            "current_ratio": 189.97,
            "debt_ratio": 79.93,
            "inventory_turnover_ratio": 0.68,
            "account_receivable_turnover_ratio": 1.89,
            "reinvestment_rate": null,
            "research_to_sale_ratio": 3.73,
            "price_fair": 0,
            "eps_avg_yearly": 0,
            "eps_latest_yearly": 0,
            "eps_growth_yearly": 0
        },
        "20224": {
            "year_quarter": 20224,
            "year": 2022,
            "quarter": 4,
            "eps": -0,
            "eps_growth_year": null,
            "eps_4q": -0.81,
            "eps_4q_growth_year": null,
            "roe": -0.11,
            "roe_4q": -98.38,
            "gross_profit": 8146,
            "gross_margin": 9.79,
            "gross_margin_4q_avg": 15.2,
            "net_income": -74,
            "net_income_4q": null,
            "revenue": 83181,
            "revenue_4q": null,
            "common_shares": 338890,
            "book_valuer_per_share": 1.81,
            "book_valuer_per_share_4q_avg": 1.67,
            "equity": 61316,
            "current_ratio": 198.48,
            "debt_ratio": 79.13,
            "inventory_turnover_ratio": 0.8,
            "account_receivable_turnover_ratio": 1.56,
            "reinvestment_rate": null,
            "research_to_sale_ratio": 3.63,
            "price_fair": 0,
            "eps_avg_yearly": 0,
            "eps_latest_yearly": 0,
            "eps_growth_yearly": 0
        },
        "20231": {
            "year_quarter": 20231,
            "year": 2023,
            "quarter": 1,
            "eps": -0.36,
            "eps_growth_year": null,
            "eps_4q": -0.13,
            "eps_4q_growth_year": null,
            "roe": -8.3,
            "roe_4q": 2.5900000000000034,
            "gross_profit": 7540,
            "gross_margin": 14.26,
            "gross_margin_4q_avg": 14,
            "net_income": -12682,
            "net_income_4q": null,
            "revenue": 52860,
            "revenue_4q": null,
            "common_shares": 758390,
            "book_valuer_per_share": 3.22,
            "book_valuer_per_share_4q_avg": 2.27,
            "equity": 244445,
            "current_ratio": 441.03,
            "debt_ratio": 44.69,
            "inventory_turnover_ratio": 0.59,
            "account_receivable_turnover_ratio": 1.39,
            "reinvestment_rate": null,
            "research_to_sale_ratio": 4.16,
            "price_fair": 0,
            "eps_avg_yearly": 0,
            "eps_latest_yearly": 0,
            "eps_growth_yearly": 0
        },
        "20232": {
            "year_quarter": 20232,
            "year": 2023,
            "quarter": 2,
            "eps": 0.26,
            "eps_growth_year": -10.34,
            "eps_4q": 0.02,
            "eps_4q_growth_year": null,
            "roe": 8.03,
            "roe_4q": -8.55,
            "gross_profit": 9577,
            "gross_margin": 17.17,
            "gross_margin_4q_avg": 14.55,
            "net_income": 19633,
            "net_income_4q": null,
            "revenue": 55770,
            "revenue_4q": null,
            "common_shares": 758390,
            "book_valuer_per_share": 3.23,
            "book_valuer_per_share_4q_avg": 2.57,
            "equity": 244622,
            "current_ratio": 307.35,
            "debt_ratio": 39.71,
            "inventory_turnover_ratio": 0.68,
            "account_receivable_turnover_ratio": 2.04,
            "reinvestment_rate": null,
            "research_to_sale_ratio": 4.79,
            "price_fair": 0,
            "eps_avg_yearly": 0,
            "eps_latest_yearly": 0,
            "eps_growth_yearly": 0
        }
    },
    "months": {
        "2002-08": {
            "month": "2002-08",
            "price": "26.84",
            "revenue": 300679
        },
        "2002-09": {
            "month": "2002-09",
            "price": "21.44",
            "revenue": 281493
        },
        "2002-10": {
            "month": "2002-10",
            "price": "16.86",
            "revenue": 191825
        },
        "2002-11": {
            "month": "2002-11",
            "price": "19.69",
            "revenue": 246892
        },
        "2002-12": {
            "month": "2002-12",
            "price": "25.44",
            "revenue": 291109
        },
        "2003-01": {
            "month": "2003-01",
            "price": "29.60",
            "revenue": 314741
        },
        "2003-02": {
            "month": "2003-02",
            "price": "34.33",
            "revenue": 274971
        },
        "2003-03": {
            "month": "2003-03",
            "price": "32.20",
            "revenue": 316978
        },
        "2003-04": {
            "month": "2003-04",
            "price": "32.76",
            "revenue": 310654
        },
        "2003-05": {
            "month": "2003-05",
            "price": "37.95",
            "revenue": 318460
        },
        "2003-06": {
            "month": "2003-06",
            "price": "42.43",
            "revenue": 342045
        },
        "2003-07": {
            "month": "2003-07",
            "price": "42.50",
            "revenue": 362391
        },
        "2003-08": {
            "month": "2003-08",
            "price": "51.82",
            "revenue": 406234
        },
        "2003-09": {
            "month": "2003-09",
            "price": "54.23",
            "revenue": 411613
        },
        "2003-10": {
            "month": "2003-10",
            "price": "50.89",
            "revenue": 423629
        },
        "2003-11": {
            "month": "2003-11",
            "price": "60.10",
            "revenue": 435768
        },
        "2003-12": {
            "month": "2003-12",
            "price": "62.13",
            "revenue": 450228
        },
        "2004-01": {
            "month": "2004-01",
            "price": "62.20",
            "revenue": 420627
        },
        "2004-02": {
            "month": "2004-02",
            "price": "68.90",
            "revenue": 462298
        },
        "2004-03": {
            "month": "2004-03",
            "price": "69.39",
            "revenue": 556886
        },
        "2004-04": {
            "month": "2004-04",
            "price": "76.80",
            "revenue": 516104
        },
        "2004-05": {
            "month": "2004-05",
            "price": "71.88",
            "revenue": 541250
        },
        "2004-06": {
            "month": "2004-06",
            "price": "66.31",
            "revenue": 560919
        },
        "2004-07": {
            "month": "2004-07",
            "price": "59.30",
            "revenue": 530830
        },
        "2004-08": {
            "month": "2004-08",
            "price": "49.72",
            "revenue": 543472
        },
        "2004-09": {
            "month": "2004-09",
            "price": "46.74",
            "revenue": 519940
        },
        "2004-10": {
            "month": "2004-10",
            "price": "45.38",
            "revenue": 561341
        },
        "2004-11": {
            "month": "2004-11",
            "price": "35.49",
            "revenue": 527399
        },
        "2004-12": {
            "month": "2004-12",
            "price": "35.76",
            "revenue": 613184
        },
        "2005-01": {
            "month": "2005-01",
            "price": "37.34",
            "revenue": 560345
        },
        "2005-02": {
            "month": "2005-02",
            "price": "37.96",
            "revenue": 431347
        },
        "2005-03": {
            "month": "2005-03",
            "price": "37.69",
            "revenue": 621816
        },
        "2005-04": {
            "month": "2005-04",
            "price": "37.66",
            "revenue": 402168
        },
        "2005-05": {
            "month": "2005-05",
            "price": "34.55",
            "revenue": 596126
        },
        "2005-06": {
            "month": "2005-06",
            "price": "33.86",
            "revenue": 460759
        },
        "2005-07": {
            "month": "2005-07",
            "price": "35.95",
            "revenue": 572625
        },
        "2005-08": {
            "month": "2005-08",
            "price": "41.06",
            "revenue": 630186
        },
        "2005-09": {
            "month": "2005-09",
            "price": "41.88",
            "revenue": 603629
        },
        "2005-10": {
            "month": "2005-10",
            "price": "40.40",
            "revenue": 532226
        },
        "2005-11": {
            "month": "2005-11",
            "price": "39.26",
            "revenue": 517870
        },
        "2005-12": {
            "month": "2005-12",
            "price": "39.77",
            "revenue": 500103
        },
        "2006-01": {
            "month": "2006-01",
            "price": "44.46",
            "revenue": 502448
        },
        "2006-02": {
            "month": "2006-02",
            "price": "42.19",
            "revenue": 441849
        },
        "2006-03": {
            "month": "2006-03",
            "price": "44.57",
            "revenue": 577789
        },
        "2006-04": {
            "month": "2006-04",
            "price": "44.27",
            "revenue": 473753
        },
        "2006-05": {
            "month": "2006-05",
            "price": "46.42",
            "revenue": 440188
        },
        "2006-06": {
            "month": "2006-06",
            "price": "47.18",
            "revenue": 453759
        },
        "2006-07": {
            "month": "2006-07",
            "price": "45.50",
            "revenue": 504734
        },
        "2006-08": {
            "month": "2006-08",
            "price": "39.93",
            "revenue": 512379
        },
        "2006-09": {
            "month": "2006-09",
            "price": "36.97",
            "revenue": 420530
        },
        "2006-10": {
            "month": "2006-10",
            "price": "35.53",
            "revenue": 311273
        },
        "2006-11": {
            "month": "2006-11",
            "price": "32.99",
            "revenue": 405525
        },
        "2006-12": {
            "month": "2006-12",
            "price": "34.63",
            "revenue": 415712
        },
        "2007-01": {
            "month": "2007-01",
            "price": "38.48",
            "revenue": 450461
        },
        "2007-02": {
            "month": "2007-02",
            "price": "36.01",
            "revenue": 277686
        },
        "2007-03": {
            "month": "2007-03",
            "price": "34.23",
            "revenue": 522203
        },
        "2007-04": {
            "month": "2007-04",
            "price": "36.85",
            "revenue": 357519
        },
        "2007-05": {
            "month": "2007-05",
            "price": "36.22",
            "revenue": 388049
        },
        "2007-06": {
            "month": "2007-06",
            "price": "35.16",
            "revenue": 389806
        },
        "2007-07": {
            "month": "2007-07",
            "price": "32.69",
            "revenue": 522317
        },
        "2007-08": {
            "month": "2007-08",
            "price": "21.19",
            "revenue": 514524
        },
        "2007-09": {
            "month": "2007-09",
            "price": "18.86",
            "revenue": 334279
        },
        "2007-10": {
            "month": "2007-10",
            "price": "17.32",
            "revenue": 339866
        },
        "2007-11": {
            "month": "2007-11",
            "price": "16.15",
            "revenue": 382233
        },
        "2007-12": {
            "month": "2007-12",
            "price": "17.12",
            "revenue": 424692
        },
        "2008-01": {
            "month": "2008-01",
            "price": "17.59",
            "revenue": 469393
        },
        "2008-02": {
            "month": "2008-02",
            "price": "18.66",
            "revenue": 322855
        },
        "2008-03": {
            "month": "2008-03",
            "price": "23.29",
            "revenue": 412033
        },
        "2008-04": {
            "month": "2008-04",
            "price": "23.18",
            "revenue": 497384
        },
        "2008-05": {
            "month": "2008-05",
            "price": "25.58",
            "revenue": 356523
        },
        "2008-06": {
            "month": "2008-06",
            "price": "27.25",
            "revenue": 121119
        },
        "2008-07": {
            "month": "2008-07",
            "price": "24.83",
            "revenue": 269393
        },
        "2008-08": {
            "month": "2008-08",
            "price": "25.83",
            "revenue": 235269
        },
        "2008-09": {
            "month": "2008-09",
            "price": "23.13",
            "revenue": 112243
        },
        "2008-10": {
            "month": "2008-10",
            "price": "22.51",
            "revenue": 46404
        },
        "2008-11": {
            "month": "2008-11",
            "price": "22.36",
            "revenue": 48505
        },
        "2008-12": {
            "month": "2008-12",
            "price": "21.90",
            "revenue": 37397
        },
        "2009-01": {
            "month": "2009-01",
            "price": "21.84",
            "revenue": 130279
        },
        "2009-02": {
            "month": "2009-02",
            "price": "22.00",
            "revenue": 83720
        },
        "2009-03": {
            "month": "2009-03",
            "price": "22.20",
            "revenue": 107118
        },
        "2009-04": {
            "month": "2009-04",
            "price": "24.11",
            "revenue": 99898
        },
        "2009-05": {
            "month": "2009-05",
            "price": "22.22",
            "revenue": 84287
        },
        "2009-06": {
            "month": "2009-06",
            "price": "18.88",
            "revenue": 102164
        },
        "2009-07": {
            "month": "2009-07",
            "price": "21.66",
            "revenue": 94199
        },
        "2009-08": {
            "month": "2009-08",
            "price": "24.34",
            "revenue": 81552
        },
        "2009-09": {
            "month": "2009-09",
            "price": "20.45",
            "revenue": 145102
        },
        "2009-10": {
            "month": "2009-10",
            "price": "26.96",
            "revenue": 100230
        },
        "2009-11": {
            "month": "2009-11",
            "price": "31.42",
            "revenue": 93855
        },
        "2009-12": {
            "month": "2009-12",
            "price": "36.76",
            "revenue": 93540
        },
        "2010-01": {
            "month": "2010-01",
            "price": "38.86",
            "revenue": 92557
        },
        "2010-02": {
            "month": "2010-02",
            "price": "33.52",
            "revenue": 79072
        },
        "2010-03": {
            "month": "2010-03",
            "price": "38.89",
            "revenue": 105218
        },
        "2010-04": {
            "month": "2010-04",
            "price": "40.51",
            "revenue": 127318
        },
        "2010-05": {
            "month": "2010-05",
            "price": "36.12",
            "revenue": 93727
        },
        "2010-06": {
            "month": "2010-06",
            "price": "34.81",
            "revenue": 112290
        },
        "2010-07": {
            "month": "2010-07",
            "price": "35.98",
            "revenue": 89935
        },
        "2010-08": {
            "month": "2010-08",
            "price": "38.10",
            "revenue": 96342
        },
        "2010-09": {
            "month": "2010-09",
            "price": "39.37",
            "revenue": 82225
        },
        "2010-10": {
            "month": "2010-10",
            "price": "35.69",
            "revenue": 92656
        },
        "2010-11": {
            "month": "2010-11",
            "price": "30.52",
            "revenue": 91376
        },
        "2010-12": {
            "month": "2010-12",
            "price": "35.65",
            "revenue": 81589
        },
        "2011-01": {
            "month": "2011-01",
            "price": "36.18",
            "revenue": 75976
        },
        "2011-02": {
            "month": "2011-02",
            "price": "35.35",
            "revenue": 75541
        },
        "2011-03": {
            "month": "2011-03",
            "price": "44.51",
            "revenue": 89918
        },
        "2011-04": {
            "month": "2011-04",
            "price": "52.60",
            "revenue": 87459
        },
        "2011-05": {
            "month": "2011-05",
            "price": "53.12",
            "revenue": 86624
        },
        "2011-06": {
            "month": "2011-06",
            "price": "45.68",
            "revenue": 72225
        },
        "2011-07": {
            "month": "2011-07",
            "price": "34.64",
            "revenue": 83292
        },
        "2011-08": {
            "month": "2011-08",
            "price": "29.21",
            "revenue": 70329
        },
        "2011-09": {
            "month": "2011-09",
            "price": "29.18",
            "revenue": 85522
        },
        "2011-10": {
            "month": "2011-10",
            "price": "30.99",
            "revenue": 74528
        },
        "2011-11": {
            "month": "2011-11",
            "price": "25.19",
            "revenue": 72426
        },
        "2011-12": {
            "month": "2011-12",
            "price": "17.93",
            "revenue": 83108
        },
        "2012-01": {
            "month": "2012-01",
            "price": "19.16",
            "revenue": 62746
        },
        "2012-02": {
            "month": "2012-02",
            "price": "22.62",
            "revenue": 61452
        },
        "2012-03": {
            "month": "2012-03",
            "price": "20.63",
            "revenue": 70453
        },
        "2012-04": {
            "month": "2012-04",
            "price": "13.94",
            "revenue": 85027
        },
        "2012-05": {
            "month": "2012-05",
            "price": "12.12",
            "revenue": 77476
        },
        "2012-06": {
            "month": "2012-06",
            "price": "12.50",
            "revenue": 65838
        },
        "2012-07": {
            "month": "2012-07",
            "price": "11.02",
            "revenue": 66065
        },
        "2012-08": {
            "month": "2012-08",
            "price": "10.88",
            "revenue": 51650
        },
        "2012-09": {
            "month": "2012-09",
            "price": "11.92",
            "revenue": 59830
        },
        "2012-10": {
            "month": "2012-10",
            "price": "10.06",
            "revenue": 52969
        },
        "2012-11": {
            "month": "2012-11",
            "price": "7.93",
            "revenue": 57155
        },
        "2012-12": {
            "month": "2012-12",
            "price": "9.03",
            "revenue": 58553
        },
        "2013-01": {
            "month": "2013-01",
            "price": "10.81",
            "revenue": 57237
        },
        "2013-02": {
            "month": "2013-02",
            "price": "13.17",
            "revenue": 41541
        },
        "2013-03": {
            "month": "2013-03",
            "price": "16.90",
            "revenue": 62201
        },
        "2013-04": {
            "month": "2013-04",
            "price": "15.39",
            "revenue": 68658
        },
        "2013-05": {
            "month": "2013-05",
            "price": "14.71",
            "revenue": 74705
        },
        "2013-06": {
            "month": "2013-06",
            "price": "14.49",
            "revenue": 62952
        },
        "2013-07": {
            "month": "2013-07",
            "price": "12.20",
            "revenue": 76765
        },
        "2013-08": {
            "month": "2013-08",
            "price": "11.31",
            "revenue": 74382
        },
        "2013-09": {
            "month": "2013-09",
            "price": "11.62",
            "revenue": 76037
        },
        "2013-10": {
            "month": "2013-10",
            "price": "10.94",
            "revenue": 49868
        },
        "2013-11": {
            "month": "2013-11",
            "price": "9.87",
            "revenue": 49891
        },
        "2013-12": {
            "month": "2013-12",
            "price": "9.55",
            "revenue": 81219
        },
        "2014-01": {
            "month": "2014-01",
            "price": "10.28",
            "revenue": 80402
        },
        "2014-02": {
            "month": "2014-02",
            "price": "12.04",
            "revenue": 39137
        },
        "2014-03": {
            "month": "2014-03",
            "price": "11.37",
            "revenue": 85058
        },
        "2014-04": {
            "month": "2014-04",
            "price": "10.05",
            "revenue": 74864
        },
        "2014-05": {
            "month": "2014-05",
            "price": "9.85",
            "revenue": 84673
        },
        "2014-06": {
            "month": "2014-06",
            "price": "9.74",
            "revenue": 63643
        },
        "2014-07": {
            "month": "2014-07",
            "price": "9.16",
            "revenue": 83319
        },
        "2014-08": {
            "month": "2014-08",
            "price": "8.45",
            "revenue": 73448
        },
        "2014-09": {
            "month": "2014-09",
            "price": "8.16",
            "revenue": 72660
        },
        "2014-10": {
            "month": "2014-10",
            "price": "6.85",
            "revenue": 72487
        },
        "2014-11": {
            "month": "2014-11",
            "price": "9.79",
            "revenue": 63426
        },
        "2014-12": {
            "month": "2014-12",
            "price": "9.26",
            "revenue": 67802
        },
        "2015-01": {
            "month": "2015-01",
            "price": "9.74",
            "revenue": 66252
        },
        "2015-02": {
            "month": "2015-02",
            "price": "9.57",
            "revenue": 44361
        },
        "2015-03": {
            "month": "2015-03",
            "price": "9.11",
            "revenue": 75394
        },
        "2015-04": {
            "month": "2015-04",
            "price": "8.37",
            "revenue": 63147
        },
        "2015-05": {
            "month": "2015-05",
            "price": "7.38",
            "revenue": 77367
        },
        "2015-06": {
            "month": "2015-06",
            "price": "5.49",
            "revenue": 96780
        },
        "2015-07": {
            "month": "2015-07",
            "price": "5.85",
            "revenue": 66114
        },
        "2015-08": {
            "month": "2015-08",
            "price": "4.97",
            "revenue": 50373
        },
        "2015-09": {
            "month": "2015-09",
            "price": "4.45",
            "revenue": 52390
        },
        "2015-10": {
            "month": "2015-10",
            "price": "4.71",
            "revenue": 60380
        },
        "2015-11": {
            "month": "2015-11",
            "price": "5.08",
            "revenue": 44211
        },
        "2015-12": {
            "month": "2015-12",
            "price": "4.96",
            "revenue": 57355
        },
        "2016-01": {
            "month": "2016-01",
            "price": "4.77",
            "revenue": 67752
        },
        "2016-02": {
            "month": "2016-02",
            "price": "5.06",
            "revenue": 41115
        },
        "2016-03": {
            "month": "2016-03",
            "price": "5.66",
            "revenue": 53635
        },
        "2016-04": {
            "month": "2016-04",
            "price": "5.20",
            "revenue": 47209
        },
        "2016-05": {
            "month": "2016-05",
            "price": "4.76",
            "revenue": 62571
        },
        "2016-06": {
            "month": "2016-06",
            "price": "4.80",
            "revenue": 59811
        },
        "2016-07": {
            "month": "2016-07",
            "price": "5.12",
            "revenue": 67638
        },
        "2016-08": {
            "month": "2016-08",
            "price": "5.24",
            "revenue": 65223
        },
        "2016-09": {
            "month": "2016-09",
            "price": "6.18",
            "revenue": 40730
        },
        "2016-10": {
            "month": "2016-10",
            "price": "6.28",
            "revenue": 55118
        },
        "2016-11": {
            "month": "2016-11",
            "price": "5.76",
            "revenue": 59947
        },
        "2016-12": {
            "month": "2016-12",
            "price": "5.90",
            "revenue": 56739
        },
        "2017-01": {
            "month": "2017-01",
            "price": "5.87",
            "revenue": 55628
        },
        "2017-02": {
            "month": "2017-02",
            "price": "6.12",
            "revenue": 52449
        },
        "2017-03": {
            "month": "2017-03",
            "price": "6.45",
            "revenue": 72935
        },
        "2017-04": {
            "month": "2017-04",
            "price": "6.12",
            "revenue": 69980
        },
        "2017-05": {
            "month": "2017-05",
            "price": "7.19",
            "revenue": 67597
        },
        "2017-06": {
            "month": "2017-06",
            "price": "8.40",
            "revenue": 51095
        },
        "2017-07": {
            "month": "2017-07",
            "price": "7.43",
            "revenue": 40180
        },
        "2017-08": {
            "month": "2017-08",
            "price": "6.41",
            "revenue": 40804
        },
        "2017-09": {
            "month": "2017-09",
            "price": "6.03",
            "revenue": 43271
        },
        "2017-10": {
            "month": "2017-10",
            "price": "5.80",
            "revenue": 44175
        },
        "2017-11": {
            "month": "2017-11",
            "price": "5.32",
            "revenue": 48420
        },
        "2017-12": {
            "month": "2017-12",
            "price": "4.98",
            "revenue": 53340
        },
        "2018-01": {
            "month": "2018-01",
            "price": "5.35",
            "revenue": 46620
        },
        "2018-02": {
            "month": "2018-02",
            "price": "5.29",
            "revenue": 35899
        },
        "2018-03": {
            "month": "2018-03",
            "price": "5.63",
            "revenue": 37800
        },
        "2018-04": {
            "month": "2018-04",
            "price": "5.45",
            "revenue": 36354
        },
        "2018-05": {
            "month": "2018-05",
            "price": "4.87",
            "revenue": 37946
        },
        "2018-06": {
            "month": "2018-06",
            "price": "4.21",
            "revenue": 29656
        },
        "2018-07": {
            "month": "2018-07",
            "price": "4.06",
            "revenue": 25656
        },
        "2018-08": {
            "month": "2018-08",
            "price": "4.10",
            "revenue": 33541
        },
        "2018-09": {
            "month": "2018-09",
            "price": "5.38",
            "revenue": 35144
        },
        "2018-10": {
            "month": "2018-10",
            "price": "5.56",
            "revenue": 29211
        },
        "2018-11": {
            "month": "2018-11",
            "price": "5.14",
            "revenue": 38157
        },
        "2018-12": {
            "month": "2018-12",
            "price": "5.07",
            "revenue": 38185
        },
        "2019-01": {
            "month": "2019-01",
            "price": "4.97",
            "revenue": 30485
        },
        "2019-02": {
            "month": "2019-02",
            "price": "5.03",
            "revenue": 18393
        },
        "2019-03": {
            "month": "2019-03",
            "price": "4.99",
            "revenue": 29396
        },
        "2019-04": {
            "month": "2019-04",
            "price": "4.96",
            "revenue": 20565
        },
        "2019-05": {
            "month": "2019-05",
            "price": "4.93",
            "revenue": 33394
        },
        "2019-06": {
            "month": "2019-06",
            "price": "4.44",
            "revenue": 36570
        },
        "2019-07": {
            "month": "2019-07",
            "price": "5.12",
            "revenue": 35005
        },
        "2019-08": {
            "month": "2019-08",
            "price": "4.44",
            "revenue": 30659
        },
        "2019-09": {
            "month": "2019-09",
            "price": "3.73",
            "revenue": 34920
        },
        "2019-10": {
            "month": "2019-10",
            "price": "3.96",
            "revenue": 25008
        },
        "2019-11": {
            "month": "2019-11",
            "price": "3.97",
            "revenue": 26513
        },
        "2019-12": {
            "month": "2019-12",
            "price": "4.70",
            "revenue": 34906
        },
        "2020-01": {
            "month": "2020-01",
            "price": "4.77",
            "revenue": 23464
        },
        "2020-02": {
            "month": "2020-02",
            "price": "4.37",
            "revenue": 11786
        },
        "2020-03": {
            "month": "2020-03",
            "price": "3.00",
            "revenue": 20187
        },
        "2020-04": {
            "month": "2020-04",
            "price": "2.47",
            "revenue": 27959
        },
        "2020-05": {
            "month": "2020-05",
            "price": "2.57",
            "revenue": 21988
        },
        "2020-06": {
            "month": "2020-06",
            "price": "3.53",
            "revenue": 24974
        },
        "2020-07": {
            "month": "2020-07",
            "price": "4.00",
            "revenue": 25752
        },
        "2020-08": {
            "month": "2020-08",
            "price": "3.82",
            "revenue": 25726
        },
        "2020-09": {
            "month": "2020-09",
            "price": "4.04",
            "revenue": 15721
        },
        "2020-10": {
            "month": "2020-10",
            "price": "3.78",
            "revenue": 23851
        },
        "2020-11": {
            "month": "2020-11",
            "price": "6.24",
            "revenue": 28526
        },
        "2020-12": {
            "month": "2020-12",
            "price": "7.57",
            "revenue": 25358
        },
        "2021-01": {
            "month": "2021-01",
            "price": "8.22",
            "revenue": 17124
        },
        "2021-02": {
            "month": "2021-02",
            "price": "7.69",
            "revenue": 15187
        },
        "2021-03": {
            "month": "2021-03",
            "price": "7.87",
            "revenue": 28964
        },
        "2021-04": {
            "month": "2021-04",
            "price": "9.81",
            "revenue": 18568
        },
        "2021-05": {
            "month": "2021-05",
            "price": "12.35",
            "revenue": 28609
        },
        "2021-06": {
            "month": "2021-06",
            "price": "12.68",
            "revenue": 24304
        },
        "2021-07": {
            "month": "2021-07",
            "price": "11.54",
            "revenue": 20779
        },
        "2021-08": {
            "month": "2021-08",
            "price": "10.68",
            "revenue": 16692
        },
        "2021-09": {
            "month": "2021-09",
            "price": "9.91",
            "revenue": 23229
        },
        "2021-10": {
            "month": "2021-10",
            "price": "10.75",
            "revenue": 13826
        },
        "2021-11": {
            "month": "2021-11",
            "price": "11.10",
            "revenue": 28333
        },
        "2021-12": {
            "month": "2021-12",
            "price": "10.81",
            "revenue": 29686
        },
        "2022-01": {
            "month": "2022-01",
            "price": "10.08",
            "revenue": 29024
        },
        "2022-02": {
            "month": "2022-02",
            "price": "9.95",
            "revenue": 13288
        },
        "2022-03": {
            "month": "2022-03",
            "price": "8.70",
            "revenue": 20063
        },
        "2022-04": {
            "month": "2022-04",
            "price": "7.76",
            "revenue": 11412
        },
        "2022-05": {
            "month": "2022-05",
            "price": "6.86",
            "revenue": 15562
        },
        "2022-06": {
            "month": "2022-06",
            "price": "7.05",
            "revenue": 28598
        },
        "2022-07": {
            "month": "2022-07",
            "price": "6.26",
            "revenue": 28086
        },
        "2022-08": {
            "month": "2022-08",
            "price": "7.48",
            "revenue": 32519
        },
        "2022-09": {
            "month": "2022-09",
            "price": "7.44",
            "revenue": 24675
        },
        "2022-10": {
            "month": "2022-10",
            "price": "6.60",
            "revenue": 34794
        },
        "2022-11": {
            "month": "2022-11",
            "price": "6.14",
            "revenue": 26389
        },
        "2022-12": {
            "month": "2022-12",
            "price": "7.28",
            "revenue": 21798
        },
        "2023-01": {
            "month": "2023-01",
            "price": "7.67",
            "revenue": 15616
        },
        "2023-02": {
            "month": "2023-02",
            "price": "7.78",
            "revenue": 17257
        },
        "2023-03": {
            "month": "2023-03",
            "price": "8.70",
            "revenue": 20083
        },
        "2023-04": {
            "month": "2023-04",
            "price": "9.80",
            "revenue": 21967
        },
        "2023-05": {
            "month": "2023-05",
            "price": "9.39",
            "revenue": 19025
        },
        "2023-06": {
            "month": "2023-06",
            "price": "9.49",
            "revenue": 14982
        },
        "2023-07": {
            "month": "2023-07",
            "price": "9.54",
            "revenue": 19155
        },
        "2023-08": {
            "month": "2023-08",
            "price": "9.89",
            "revenue": 16090
        },
        "2023-09": {
            "month": "2023-09",
            "price": "11.58",
            "revenue": 14900
        }
    }
}
