{
    "summary": {
        "stock_name": "巨庭",
        "stock_id": "1539",
        "category": "電機機械",
        "main_business": "鑽床.車床.銑床.自動鉋床等機械及其零件.五金工具製造買賣<br>馬達及其零件製造買賣<br>有關國內外廠商產品之進出口貿易",
        "website_url": "http://www.geetech.com.tw",
        "ceo": "張永和",
        "pe_ratio": 7,
        "report_year_from": 2001,
        "report_year_to": 2023,
        "age": 22,
        "eps_negative_percentage": 35,
        "eps_growth_avg": {
            "last_all": -13.27,
            "last_2y": 0,
            "last_4y": 5.28,
            "last_8y": 7.66,
            "last_12y": 7.66,
            "last_16y": 6.13,
            "last_20y": -13.27,
            "at_2006_last_3y": -65.01,
            "at_2007_last_3y": -20.83,
            "at_2008_last_3y": -33.33,
            "at_2009_last_3y": 0,
            "at_2010_last_3y": 0,
            "at_2011_last_3y": -100,
            "at_2012_last_3y": null,
            "at_2013_last_3y": null,
            "at_2014_last_3y": 45.32,
            "at_2015_last_3y": 57.32,
            "at_2016_last_3y": 33.63,
            "at_2017_last_3y": 10.05,
            "at_2018_last_3y": 23.72,
            "at_2019_last_3y": -13.33,
            "at_2020_last_3y": -34.89,
            "at_2021_last_3y": -26.3,
            "at_2022_last_3y": -26.3,
            "at_2023_last_3y": -26.3,
            "at_2006_last_all": -61.76,
            "at_2007_last_all": -29.41,
            "at_2008_last_all": -41.18,
            "at_2009_last_all": -41.18,
            "at_2010_last_all": -41.18,
            "at_2011_last_all": -41.18,
            "at_2012_last_all": -41.18,
            "at_2013_last_all": -41.18,
            "at_2014_last_all": -28.82,
            "at_2015_last_all": -16.55,
            "at_2016_last_all": -16.24,
            "at_2017_last_all": -20.68,
            "at_2018_last_all": -9.71,
            "at_2019_last_all": -15.48,
            "at_2020_last_all": -21.98,
            "at_2021_last_all": -21.98,
            "at_2022_last_all": -13.27,
            "at_2023_last_all": -13.27
        },
        "latest_eps": 4.45,
        "latest_price": 29,
        "latest_roe": 18.68,
        "latest_gross_margin": 8.24,
        "latest_equity": 1678318,
        "latest_revenue": 253971,
        "latest_gross_profit": 20931,
        "latest_net_income": -3473,
        "latest_debt_ratio": 35.94,
        "latest_current_ratio": 228.66,
        "latest_account_receivable_turnover_ratio": 2.11,
        "latest_inventory_turnover_ratio": 0.45,
        "latest_reinvestment_rate": 71.03,
        "latest_research_to_sale_ratio": 1.77
    },
    "eps_dividends": {
        "1999": {
            "cash": 0,
            "stock": 3,
            "eps": 0
        },
        "2001": {
            "cash": 0.2,
            "stock": 1.45,
            "eps": 1.73
        },
        "2002": {
            "cash": 0,
            "stock": 0,
            "eps": 0.83
        },
        "2003": {
            "cash": 0.6,
            "stock": 0,
            "eps": 0.56
        },
        "2004": {
            "cash": 0.4,
            "stock": 0,
            "eps": 0.21
        },
        "2005": {
            "cash": 0.15,
            "stock": 0,
            "eps": -2.91
        },
        "2006": {
            "cash": 0,
            "stock": 0,
            "eps": 0.18
        },
        "2007": {
            "cash": 0,
            "stock": 0,
            "eps": 1.2
        },
        "2008": {
            "cash": 0.15,
            "stock": 0.15,
            "eps": -0.56
        },
        "2009": {
            "cash": 0,
            "stock": 0,
            "eps": -0.97
        },
        "2010": {
            "cash": 0,
            "stock": 0,
            "eps": -0.86
        },
        "2011": {
            "cash": 0,
            "stock": 0,
            "eps": -0.48
        },
        "2012": {
            "cash": 0,
            "stock": 0,
            "eps": -0.25
        },
        "2013": {
            "cash": 0,
            "stock": 0,
            "eps": 1.39
        },
        "2014": {
            "cash": 0,
            "stock": 0,
            "eps": 2.02
        },
        "2015": {
            "cash": 0.89,
            "stock": 0,
            "eps": 3.42
        },
        "2016": {
            "cash": 1.2,
            "stock": 0,
            "eps": 2.95
        },
        "2017": {
            "cash": 1.2,
            "stock": 0,
            "eps": 1.16
        },
        "2018": {
            "cash": 1,
            "stock": 0,
            "eps": 5.07
        },
        "2019": {
            "cash": 1.8,
            "stock": 0,
            "eps": 1.07
        },
        "2020": {
            "cash": 0.8,
            "stock": 0,
            "eps": -0.29
        },
        "2021": {
            "cash": 0,
            "stock": 0,
            "eps": 1.36
        },
        "2022": {
            "cash": 0.8,
            "stock": 0,
            "eps": 6
        },
        "2023": {
            "cash": 2.5,
            "stock": 0,
            "eps": -0.05
        }
    },
    "dividends": {
        "1999-06-25": {
            "cash": 0,
            "stock": 3
        },
        "2001-06-15": {
            "cash": 0.2,
            "stock": 1.45
        },
        "2003-04-24": {
            "cash": 0.6,
            "stock": 0
        },
        "2004-04-28": {
            "cash": 0.4,
            "stock": 0
        },
        "2005-02-22": {
            "cash": 0.15,
            "stock": 0
        },
        "2008-04-25": {
            "cash": 0.15,
            "stock": 0.15
        },
        "2015-10-08": {
            "cash": 0.89,
            "stock": 0
        },
        "2016-10-05": {
            "cash": 1.2,
            "stock": 0
        },
        "2017-10-06": {
            "cash": 1.2,
            "stock": 0
        },
        "2018-10-05": {
            "cash": 1,
            "stock": 0
        },
        "2019-10-04": {
            "cash": 1.8,
            "stock": 0
        },
        "2020-10-05": {
            "cash": 0.8,
            "stock": 0
        },
        "2022-09-26": {
            "cash": 0.8,
            "stock": 0
        },
        "2023-03-23": {
            "cash": 2.5,
            "stock": 0
        }
    },
    "prices": {
        "200101": "無",
        "200102": "無",
        "200103": "無",
        "200104": "無",
        "200105": "無",
        "200106": "無",
        "200107": "無",
        "200108": "無",
        "200109": "無",
        "200110": "無",
        "200111": "無",
        "200112": "無",
        "200201": "無",
        "200202": "無",
        "200203": "無",
        "200204": "無",
        "200205": "無",
        "200206": "無",
        "200207": "無",
        "200208": "無",
        "200209": "無",
        "200210": "18.00",
        "200211": "18.11",
        "200212": "20.16",
        "200301": "19.47",
        "200302": "17.68",
        "200303": "16.62",
        "200304": "15.50",
        "200305": "15.47",
        "200306": "15.84",
        "200307": "16.13",
        "200308": "16.10",
        "200309": "15.26",
        "200310": "14.30",
        "200311": "14.70",
        "200312": "15.60",
        "200401": "16.30",
        "200402": "17.70",
        "200403": "16.42",
        "200404": "19.15",
        "200405": "14.53",
        "200406": "13.36",
        "200407": "12.75",
        "200408": "12.18",
        "200409": "12.09",
        "200410": "10.72",
        "200411": "9.81",
        "200412": "8.85",
        "200501": "9.35",
        "200502": "8.97",
        "200503": "8.72",
        "200504": "7.11",
        "200505": "6.64",
        "200506": "6.75",
        "200507": "6.92",
        "200508": "6.62",
        "200509": "6.58",
        "200510": "6.68",
        "200511": "6.68",
        "200512": "6.56",
        "200601": "6.40",
        "200602": "6.04",
        "200603": "5.54",
        "200604": "5.29",
        "200605": "6.27",
        "200606": "6.03",
        "200607": "5.97",
        "200608": "5.88",
        "200609": "6.11",
        "200610": "7.39",
        "200611": "9.90",
        "200612": "10.06",
        "200701": "10.18",
        "200702": "9.74",
        "200703": "11.32",
        "200704": "12.32",
        "200705": "14.55",
        "200706": "15.81",
        "200707": "16.03",
        "200708": "14.20",
        "200709": "14.64",
        "200710": "13.34",
        "200711": "12.65",
        "200712": "12.06",
        "200801": "11.23",
        "200802": "10.74",
        "200803": "11.18",
        "200804": "11.29",
        "200805": "10.22",
        "200806": "8.43",
        "200807": "6.35",
        "200808": "6.09",
        "200809": "4.73",
        "200810": "4.19",
        "200811": "3.98",
        "200812": "4.10",
        "200901": "4.20",
        "200902": "3.93",
        "200903": "4.48",
        "200904": "5.52",
        "200905": "5.77",
        "200906": "5.73",
        "200907": "5.59",
        "200908": "5.88",
        "200909": "6.01",
        "200910": "7.15",
        "200911": "7.15",
        "200912": "8.09",
        "201001": "8.22",
        "201002": "7.21",
        "201003": "8.71",
        "201004": "10.53",
        "201005": "9.87",
        "201006": "9.37",
        "201007": "9.74",
        "201008": "9.91",
        "201009": "9.68",
        "201010": "9.41",
        "201011": "8.50",
        "201012": "8.55",
        "201101": "8.77",
        "201102": "8.68",
        "201103": "8.06",
        "201104": "8.14",
        "201105": "8.20",
        "201106": "7.79",
        "201107": "7.30",
        "201108": "6.86",
        "201109": "6.62",
        "201110": "7.01",
        "201111": "6.44",
        "201112": "5.81",
        "201201": "5.77",
        "201202": "6.65",
        "201203": "7.04",
        "201204": "5.95",
        "201205": "5.52",
        "201206": "5.36",
        "201207": "5.46",
        "201208": "5.54",
        "201209": "5.87",
        "201210": "5.80",
        "201211": "5.72",
        "201212": "6.41",
        "201301": "6.61",
        "201302": "6.88",
        "201303": "6.97",
        "201304": "7.74",
        "201305": "9.13",
        "201306": "9.79",
        "201307": "10.07",
        "201308": "13.93",
        "201309": "16.02",
        "201310": "20.32",
        "201311": "18.43",
        "201312": "19.75",
        "201401": "20.24",
        "201402": "20.91",
        "201403": "20.87",
        "201404": "21.81",
        "201405": "22.09",
        "201406": "22.00",
        "201407": "21.99",
        "201408": "21.79",
        "201409": "20.70",
        "201410": "16.55",
        "201411": "15.83",
        "201412": "17.64",
        "201501": "19.13",
        "201502": "20.59",
        "201503": "22.12",
        "201504": "20.59",
        "201505": "29.25",
        "201506": "39.18",
        "201507": "34.54",
        "201508": "34.04",
        "201509": "36.08",
        "201510": "36.40",
        "201511": "35.56",
        "201512": "30.82",
        "201601": "27.56",
        "201602": "32.72",
        "201603": "34.25",
        "201604": "29.67",
        "201605": "29.00",
        "201606": "30.90",
        "201607": "34.29",
        "201608": "31.62",
        "201609": "30.39",
        "201610": "26.69",
        "201611": "23.57",
        "201612": "26.79",
        "201701": "27.81",
        "201702": "27.14",
        "201703": "26.92",
        "201704": "25.06",
        "201705": "23.18",
        "201706": "22.66",
        "201707": "23.03",
        "201708": "22.59",
        "201709": "21.73",
        "201710": "22.74",
        "201711": "21.53",
        "201712": "20.57",
        "201801": "19.31",
        "201802": "17.84",
        "201803": "18.07",
        "201804": "17.64",
        "201805": "18.10",
        "201806": "19.20",
        "201807": "20.97",
        "201808": "23.95",
        "201809": "28.83",
        "201810": "24.86",
        "201811": "22.66",
        "201812": "23.22",
        "201901": "21.81",
        "201902": "23.59",
        "201903": "25.44",
        "201904": "25.22",
        "201905": "23.62",
        "201906": "23.94",
        "201907": "24.37",
        "201908": "23.27",
        "201909": "20.93",
        "201910": "19.95",
        "201911": "20.01",
        "201912": "19.99",
        "202001": "20.01",
        "202002": "18.86",
        "202003": "14.73",
        "202004": "14.72",
        "202005": "16.58",
        "202006": "17.80",
        "202007": "17.82",
        "202008": "19.99",
        "202009": "21.95",
        "202010": "20.91",
        "202011": "19.72",
        "202012": "19.62",
        "202101": "18.53",
        "202102": "18.59",
        "202103": "19.30",
        "202104": "20.89",
        "202105": "18.15",
        "202106": "18.06",
        "202107": "17.90",
        "202108": "17.30",
        "202109": "16.92",
        "202110": "17.49",
        "202111": "19.34",
        "202112": "22.25",
        "202201": "20.34",
        "202202": "19.44",
        "202203": "18.71",
        "202204": "20.17",
        "202205": "24.22",
        "202206": "30.20",
        "202207": "28.31",
        "202208": "39.38",
        "202209": "36.38",
        "202210": "28.16",
        "202211": "31.02",
        "202212": "30.32",
        "202301": "28.53",
        "202302": "29.18",
        "202303": "31.22",
        "202304": "30.29",
        "202305": "28.25",
        "202306": "28.76"
    },
    "quarters": {
        "20011": {
            "year_quarter": 20011,
            "year": 2001,
            "quarter": 1,
            "eps": 0.6,
            "eps_growth_year": 11.11,
            "eps_4q": 2.72,
            "eps_4q_growth_year": null,
            "roe": 3.66,
            "roe_4q": 3.66,
            "gross_profit": 63185,
            "gross_margin": 20.23,
            "gross_margin_4q_avg": 20.23,
            "net_income": 31522,
            "revenue": 312352,
            "common_shares": 523250,
            "book_valuer_per_share": 16.75,
            "book_valuer_per_share_4q_avg": 16.75,
            "equity": 876210,
            "current_ratio": 171.49,
            "debt_ratio": 28.88,
            "inventory_turnover_ratio": 2.04,
            "account_receivable_turnover_ratio": null,
            "reinvestment_rate": null,
            "research_to_sale_ratio": null,
            "price_fair": 0,
            "eps_avg_yearly": 0,
            "eps_latest_yearly": 0,
            "eps_growth_yearly": 0
        },
        "20012": {
            "year_quarter": 20012,
            "year": 2001,
            "quarter": 2,
            "eps": 0.25,
            "eps_growth_year": -68.75,
            "eps_4q": 2.18,
            "eps_4q_growth_year": null,
            "roe": 1.48,
            "roe_4q": 5.140000000000001,
            "gross_profit": 37983,
            "gross_margin": 21.48,
            "gross_margin_4q_avg": 20.86,
            "net_income": 13047,
            "revenue": 176855,
            "common_shares": 523250,
            "book_valuer_per_share": 16.84,
            "book_valuer_per_share_4q_avg": 16.8,
            "equity": 881286,
            "current_ratio": 181.42,
            "debt_ratio": 22.47,
            "inventory_turnover_ratio": 1,
            "account_receivable_turnover_ratio": null,
            "reinvestment_rate": null,
            "research_to_sale_ratio": null,
            "price_fair": 0,
            "eps_avg_yearly": 0,
            "eps_latest_yearly": 0,
            "eps_growth_yearly": 0
        },
        "20013": {
            "year_quarter": 20013,
            "year": 2001,
            "quarter": 3,
            "eps": 0.57,
            "eps_growth_year": -1.72,
            "eps_4q": 1.95,
            "eps_4q_growth_year": null,
            "roe": 3.84,
            "roe_4q": 8.98,
            "gross_profit": 84556,
            "gross_margin": 20.96,
            "gross_margin_4q_avg": 20.89,
            "net_income": 34441,
            "revenue": 403411,
            "common_shares": 600000,
            "book_valuer_per_share": 15.23,
            "book_valuer_per_share_4q_avg": 16.27,
            "equity": 913526,
            "current_ratio": 145.37,
            "debt_ratio": 34.41,
            "inventory_turnover_ratio": 1.83,
            "account_receivable_turnover_ratio": null,
            "reinvestment_rate": null,
            "research_to_sale_ratio": null,
            "price_fair": 0,
            "eps_avg_yearly": 0,
            "eps_latest_yearly": 0,
            "eps_growth_yearly": 0
        },
        "20014": {
            "year_quarter": 20014,
            "year": 2001,
            "quarter": 4,
            "eps": 0.31,
            "eps_growth_year": -58.11,
            "eps_4q": 1.61,
            "eps_4q_growth_year": -37.53,
            "roe": 2.03,
            "roe_4q": 11.01,
            "gross_profit": 58943,
            "gross_margin": 19.1,
            "gross_margin_4q_avg": 20.44,
            "net_income": 18790,
            "revenue": 308648,
            "common_shares": 600000,
            "book_valuer_per_share": 15.57,
            "book_valuer_per_share_4q_avg": 16.1,
            "equity": 934300,
            "current_ratio": 173.27,
            "debt_ratio": 25.44,
            "inventory_turnover_ratio": 1.34,
            "account_receivable_turnover_ratio": null,
            "reinvestment_rate": null,
            "research_to_sale_ratio": null,
            "price_fair": 0,
            "eps_avg_yearly": 0,
            "eps_latest_yearly": 0,
            "eps_growth_yearly": 0
        },
        "20021": {
            "year_quarter": 20021,
            "year": 2002,
            "quarter": 1,
            "eps": 0.2,
            "eps_growth_year": -66.67,
            "eps_4q": 1.28,
            "eps_4q_growth_year": -52.94,
            "roe": 1.3,
            "roe_4q": 8.65,
            "gross_profit": 48157,
            "gross_margin": 18.19,
            "gross_margin_4q_avg": 19.93,
            "net_income": 12270,
            "revenue": 264695,
            "common_shares": 600000,
            "book_valuer_per_share": 15.77,
            "book_valuer_per_share_4q_avg": 15.85,
            "equity": 946475,
            "current_ratio": 174.91,
            "debt_ratio": 23.84,
            "inventory_turnover_ratio": 1.21,
            "account_receivable_turnover_ratio": null,
            "reinvestment_rate": null,
            "research_to_sale_ratio": null,
            "price_fair": 2.4,
            "eps_avg_yearly": 0.8,
            "eps_latest_yearly": 0.8,
            "eps_growth_yearly": -141.94
        },
        "20022": {
            "year_quarter": 20022,
            "year": 2002,
            "quarter": 2,
            "eps": 0.19,
            "eps_growth_year": -24,
            "eps_4q": 1.2,
            "eps_4q_growth_year": -45.09,
            "roe": 1.33,
            "roe_4q": 8.5,
            "gross_profit": 58983,
            "gross_margin": 21.37,
            "gross_margin_4q_avg": 19.91,
            "net_income": 12335,
            "revenue": 276016,
            "common_shares": 600000,
            "book_valuer_per_share": 15.15,
            "book_valuer_per_share_4q_avg": 15.43,
            "equity": 909231,
            "current_ratio": 143.32,
            "debt_ratio": 31.46,
            "inventory_turnover_ratio": 1.14,
            "account_receivable_turnover_ratio": null,
            "reinvestment_rate": null,
            "research_to_sale_ratio": null,
            "price_fair": 2.34,
            "eps_avg_yearly": 0.78,
            "eps_latest_yearly": 0.76,
            "eps_growth_yearly": -80.97
        },
        "20023": {
            "year_quarter": 20023,
            "year": 2002,
            "quarter": 3,
            "eps": 0.26,
            "eps_growth_year": -54.39,
            "eps_4q": 0.93,
            "eps_4q_growth_year": -52.38,
            "roe": 1.83,
            "roe_4q": 6.49,
            "gross_profit": 57733,
            "gross_margin": 16.92,
            "gross_margin_4q_avg": 18.9,
            "net_income": 16841,
            "revenue": 341122,
            "common_shares": 648000,
            "book_valuer_per_share": 14.37,
            "book_valuer_per_share_4q_avg": 15.22,
            "equity": 930901,
            "current_ratio": 134.75,
            "debt_ratio": 33.21,
            "inventory_turnover_ratio": 1.28,
            "account_receivable_turnover_ratio": null,
            "reinvestment_rate": null,
            "research_to_sale_ratio": null,
            "price_fair": 2.6,
            "eps_avg_yearly": 0.87,
            "eps_latest_yearly": 1.04,
            "eps_growth_yearly": -4.86
        },
        "20024": {
            "year_quarter": 20024,
            "year": 2002,
            "quarter": 4,
            "eps": 0.18,
            "eps_growth_year": -41.94,
            "eps_4q": 0.83,
            "eps_4q_growth_year": -48.68,
            "roe": 1.23,
            "roe_4q": 5.69,
            "gross_profit": 60920,
            "gross_margin": 18.76,
            "gross_margin_4q_avg": 18.81,
            "net_income": 11511,
            "revenue": 324779,
            "common_shares": 648000,
            "book_valuer_per_share": 14.54,
            "book_valuer_per_share_4q_avg": 14.96,
            "equity": 942168,
            "current_ratio": 133.97,
            "debt_ratio": 34.75,
            "inventory_turnover_ratio": 1.11,
            "account_receivable_turnover_ratio": null,
            "reinvestment_rate": null,
            "research_to_sale_ratio": null,
            "price_fair": 2.49,
            "eps_avg_yearly": 0.83,
            "eps_latest_yearly": 0.72,
            "eps_growth_yearly": -34.41
        },
        "20031": {
            "year_quarter": 20031,
            "year": 2003,
            "quarter": 1,
            "eps": 0.01,
            "eps_growth_year": -95,
            "eps_4q": 0.65,
            "eps_4q_growth_year": -49.33,
            "roe": 0.07,
            "roe_4q": 4.46,
            "gross_profit": 36646,
            "gross_margin": 18.19,
            "gross_margin_4q_avg": 18.81,
            "net_income": 637,
            "revenue": 201515,
            "common_shares": 648000,
            "book_valuer_per_share": 14.55,
            "book_valuer_per_share_4q_avg": 14.65,
            "equity": 942810,
            "current_ratio": 135.71,
            "debt_ratio": 30.8,
            "inventory_turnover_ratio": 0.71,
            "account_receivable_turnover_ratio": null,
            "reinvestment_rate": null,
            "research_to_sale_ratio": null,
            "price_fair": 2.02,
            "eps_avg_yearly": 0.67,
            "eps_latest_yearly": 0.04,
            "eps_growth_yearly": -103.08
        },
        "20032": {
            "year_quarter": 20032,
            "year": 2003,
            "quarter": 2,
            "eps": 0.09,
            "eps_growth_year": -52.63,
            "eps_4q": 0.52,
            "eps_4q_growth_year": -56.86,
            "roe": 0.66,
            "roe_4q": 3.79,
            "gross_profit": 41049,
            "gross_margin": 17.43,
            "gross_margin_4q_avg": 17.83,
            "net_income": 6107,
            "revenue": 235546,
            "common_shares": 648000,
            "book_valuer_per_share": 14,
            "book_valuer_per_share_4q_avg": 14.37,
            "equity": 907228,
            "current_ratio": 117,
            "debt_ratio": 34.95,
            "inventory_turnover_ratio": 0.84,
            "account_receivable_turnover_ratio": null,
            "reinvestment_rate": null,
            "research_to_sale_ratio": null,
            "price_fair": 21.7,
            "eps_avg_yearly": 0.62,
            "eps_latest_yearly": 0.36,
            "eps_growth_yearly": 447.43
        },
        "20033": {
            "year_quarter": 20033,
            "year": 2003,
            "quarter": 3,
            "eps": 0.07,
            "eps_growth_year": -73.08,
            "eps_4q": 0.37,
            "eps_4q_growth_year": -60.53,
            "roe": 0.47,
            "roe_4q": 2.4299999999999997,
            "gross_profit": 68676,
            "gross_margin": 15.73,
            "gross_margin_4q_avg": 17.53,
            "net_income": 4302,
            "revenue": 436596,
            "common_shares": 648000,
            "book_valuer_per_share": 14.01,
            "book_valuer_per_share_4q_avg": 14.28,
            "equity": 907689,
            "current_ratio": 108.23,
            "debt_ratio": 45.87,
            "inventory_turnover_ratio": 1.43,
            "account_receivable_turnover_ratio": null,
            "reinvestment_rate": null,
            "research_to_sale_ratio": null,
            "price_fair": 20,
            "eps_avg_yearly": 0.57,
            "eps_latest_yearly": 0.28,
            "eps_growth_yearly": 370.81
        },
        "20034": {
            "year_quarter": 20034,
            "year": 2003,
            "quarter": 4,
            "eps": 0.39,
            "eps_growth_year": 116.67,
            "eps_4q": 0.56,
            "eps_4q_growth_year": -32.37,
            "roe": 2.75,
            "roe_4q": 3.9499999999999997,
            "gross_profit": 114434,
            "gross_margin": 16.66,
            "gross_margin_4q_avg": 17,
            "net_income": 25336,
            "revenue": 686808,
            "common_shares": 648000,
            "book_valuer_per_share": 14.41,
            "book_valuer_per_share_4q_avg": 14.24,
            "equity": 934088,
            "current_ratio": 104.57,
            "debt_ratio": 54.9,
            "inventory_turnover_ratio": 1.82,
            "account_receivable_turnover_ratio": null,
            "reinvestment_rate": 80.83,
            "research_to_sale_ratio": null,
            "price_fair": 24.33,
            "eps_avg_yearly": 0.7,
            "eps_latest_yearly": 1.56,
            "eps_growth_yearly": 553.03
        },
        "20041": {
            "year_quarter": 20041,
            "year": 2004,
            "quarter": 1,
            "eps": 0.15,
            "eps_growth_year": 1400,
            "eps_4q": 0.71,
            "eps_4q_growth_year": 9.96,
            "roe": 1.02,
            "roe_4q": 4.9,
            "gross_profit": 71275,
            "gross_margin": 14.92,
            "gross_margin_4q_avg": 16.19,
            "net_income": 9518,
            "revenue": 477768,
            "common_shares": 648000,
            "book_valuer_per_share": 14.51,
            "book_valuer_per_share_4q_avg": 14.23,
            "equity": 940094,
            "current_ratio": 106.36,
            "debt_ratio": 49.9,
            "inventory_turnover_ratio": 1.25,
            "account_receivable_turnover_ratio": null,
            "reinvestment_rate": 44.47,
            "research_to_sale_ratio": null,
            "price_fair": 23.96,
            "eps_avg_yearly": 0.68,
            "eps_latest_yearly": 0.6,
            "eps_growth_yearly": 464.23
        },
        "20042": {
            "year_quarter": 20042,
            "year": 2004,
            "quarter": 2,
            "eps": 0.1,
            "eps_growth_year": 11.11,
            "eps_4q": 0.71,
            "eps_4q_growth_year": 36.96,
            "roe": 0.69,
            "roe_4q": 4.93,
            "gross_profit": 47886,
            "gross_margin": 10.38,
            "gross_margin_4q_avg": 14.42,
            "net_income": 6436,
            "revenue": 461263,
            "common_shares": 648000,
            "book_valuer_per_share": 14.15,
            "book_valuer_per_share_4q_avg": 14.27,
            "equity": 917104,
            "current_ratio": 103,
            "debt_ratio": 50.38,
            "inventory_turnover_ratio": 1.34,
            "account_receivable_turnover_ratio": null,
            "reinvestment_rate": 49.17,
            "research_to_sale_ratio": null,
            "price_fair": 22.96,
            "eps_avg_yearly": 0.66,
            "eps_latest_yearly": 0.4,
            "eps_growth_yearly": 404.48
        },
        "20043": {
            "year_quarter": 20043,
            "year": 2004,
            "quarter": 3,
            "eps": 0.09,
            "eps_growth_year": 28.57,
            "eps_4q": 0.72,
            "eps_4q_growth_year": 96.33,
            "roe": 0.64,
            "roe_4q": 5.1,
            "gross_profit": 42946,
            "gross_margin": 10.08,
            "gross_margin_4q_avg": 13.01,
            "net_income": 5893,
            "revenue": 426039,
            "common_shares": 648000,
            "book_valuer_per_share": 14.26,
            "book_valuer_per_share_4q_avg": 14.33,
            "equity": 924049,
            "current_ratio": 102.56,
            "debt_ratio": 52.84,
            "inventory_turnover_ratio": 1.13,
            "account_receivable_turnover_ratio": null,
            "reinvestment_rate": 53.8,
            "research_to_sale_ratio": null,
            "price_fair": 22.02,
            "eps_avg_yearly": 0.63,
            "eps_latest_yearly": 0.36,
            "eps_growth_yearly": 364.07
        },
        "20044": {
            "year_quarter": 20044,
            "year": 2004,
            "quarter": 4,
            "eps": -0.13,
            "eps_growth_year": -133.33,
            "eps_4q": 0.21,
            "eps_4q_growth_year": -62.5,
            "roe": -0.9,
            "roe_4q": 1.45,
            "gross_profit": 47310,
            "gross_margin": 10.12,
            "gross_margin_4q_avg": 11.38,
            "net_income": -8206,
            "revenue": 467375,
            "common_shares": 648000,
            "book_valuer_per_share": 13.97,
            "book_valuer_per_share_4q_avg": 14.22,
            "equity": 905572,
            "current_ratio": 96.5,
            "debt_ratio": 53.02,
            "inventory_turnover_ratio": 0.97,
            "account_receivable_turnover_ratio": null,
            "reinvestment_rate": 138.94,
            "research_to_sale_ratio": null,
            "price_fair": 22.02,
            "eps_avg_yearly": 0.63,
            "eps_latest_yearly": 0.36,
            "eps_growth_yearly": 364.07
        },
        "20051": {
            "year_quarter": 20051,
            "year": 2005,
            "quarter": 1,
            "eps": -2.11,
            "eps_growth_year": -1506.67,
            "eps_4q": -2.05,
            "eps_4q_growth_year": -386.8,
            "roe": -16.19,
            "roe_4q": -15.76,
            "gross_profit": 24657,
            "gross_margin": 6.09,
            "gross_margin_4q_avg": 9.17,
            "net_income": -135574,
            "revenue": 405187,
            "common_shares": 648000,
            "book_valuer_per_share": 11.87,
            "book_valuer_per_share_4q_avg": 13.56,
            "equity": 769398,
            "current_ratio": 98.97,
            "debt_ratio": 59.33,
            "inventory_turnover_ratio": 0.85,
            "account_receivable_turnover_ratio": null,
            "reinvestment_rate": -566.95,
            "research_to_sale_ratio": null,
            "price_fair": 22.02,
            "eps_avg_yearly": 0.63,
            "eps_latest_yearly": 0.36,
            "eps_growth_yearly": 364.07
        },
        "20052": {
            "year_quarter": 20052,
            "year": 2005,
            "quarter": 2,
            "eps": -0.34,
            "eps_growth_year": -440,
            "eps_4q": -2.46,
            "eps_4q_growth_year": -447.39,
            "roe": -2.86,
            "roe_4q": -19.31,
            "gross_profit": 16630,
            "gross_margin": 4.42,
            "gross_margin_4q_avg": 7.68,
            "net_income": -21579,
            "revenue": 375886,
            "common_shares": 648000,
            "book_valuer_per_share": 11.39,
            "book_valuer_per_share_4q_avg": 12.87,
            "equity": 738388,
            "current_ratio": 122.94,
            "debt_ratio": 51.37,
            "inventory_turnover_ratio": 0.95,
            "account_receivable_turnover_ratio": null,
            "reinvestment_rate": null,
            "research_to_sale_ratio": null,
            "price_fair": 22.02,
            "eps_avg_yearly": 0.63,
            "eps_latest_yearly": 0.36,
            "eps_growth_yearly": 364.07
        },
        "20053": {
            "year_quarter": 20053,
            "year": 2005,
            "quarter": 3,
            "eps": -0.05,
            "eps_growth_year": -155.56,
            "eps_4q": -2.61,
            "eps_4q_growth_year": -461.7,
            "roe": -0.48,
            "roe_4q": -20.43,
            "gross_profit": 24585,
            "gross_margin": 5.45,
            "gross_margin_4q_avg": 6.52,
            "net_income": -3534,
            "revenue": 451467,
            "common_shares": 648000,
            "book_valuer_per_share": 11.44,
            "book_valuer_per_share_4q_avg": 12.17,
            "equity": 741540,
            "current_ratio": 121.23,
            "debt_ratio": 54.9,
            "inventory_turnover_ratio": 1.18,
            "account_receivable_turnover_ratio": null,
            "reinvestment_rate": null,
            "research_to_sale_ratio": null,
            "price_fair": 22.02,
            "eps_avg_yearly": 0.63,
            "eps_latest_yearly": 0.36,
            "eps_growth_yearly": 364.07
        },
        "20054": {
            "year_quarter": 20054,
            "year": 2005,
            "quarter": 4,
            "eps": -0.41,
            "eps_growth_year": null,
            "eps_4q": -2.91,
            "eps_4q_growth_year": -1485.71,
            "roe": -3.67,
            "roe_4q": -23.200000000000003,
            "gross_profit": 20667,
            "gross_margin": 5.53,
            "gross_margin_4q_avg": 5.37,
            "net_income": -26547,
            "revenue": 373855,
            "common_shares": 648000,
            "book_valuer_per_share": 10.9,
            "book_valuer_per_share_4q_avg": 11.4,
            "equity": 706505,
            "current_ratio": 109.48,
            "debt_ratio": 55.65,
            "inventory_turnover_ratio": 0.82,
            "account_receivable_turnover_ratio": null,
            "reinvestment_rate": null,
            "research_to_sale_ratio": null,
            "price_fair": 22.02,
            "eps_avg_yearly": 0.63,
            "eps_latest_yearly": 0.36,
            "eps_growth_yearly": 364.07
        },
        "20061": {
            "year_quarter": 20061,
            "year": 2006,
            "quarter": 1,
            "eps": -0.2,
            "eps_growth_year": null,
            "eps_4q": -0.99,
            "eps_4q_growth_year": null,
            "roe": -1.86,
            "roe_4q": -8.87,
            "gross_profit": 20719,
            "gross_margin": 6.82,
            "gross_margin_4q_avg": 5.56,
            "net_income": -13093,
            "revenue": 303717,
            "common_shares": 648000,
            "book_valuer_per_share": 10.79,
            "book_valuer_per_share_4q_avg": 11.13,
            "equity": 699292,
            "current_ratio": 121.12,
            "debt_ratio": 52.07,
            "inventory_turnover_ratio": 0.72,
            "account_receivable_turnover_ratio": null,
            "reinvestment_rate": null,
            "research_to_sale_ratio": null,
            "price_fair": 21.42,
            "eps_avg_yearly": 0.61,
            "eps_latest_yearly": 0.36,
            "eps_growth_yearly": 414.67
        },
        "20062": {
            "year_quarter": 20062,
            "year": 2006,
            "quarter": 2,
            "eps": -0.03,
            "eps_growth_year": null,
            "eps_4q": -0.7,
            "eps_4q_growth_year": null,
            "roe": -0.3,
            "roe_4q": -6.3100000000000005,
            "gross_profit": 21741,
            "gross_margin": 5.46,
            "gross_margin_4q_avg": 5.82,
            "net_income": -2124,
            "revenue": 398513,
            "common_shares": 648000,
            "book_valuer_per_share": 10.76,
            "book_valuer_per_share_4q_avg": 10.97,
            "equity": 697087,
            "current_ratio": 114.96,
            "debt_ratio": 58.04,
            "inventory_turnover_ratio": 1.22,
            "account_receivable_turnover_ratio": null,
            "reinvestment_rate": null,
            "research_to_sale_ratio": null,
            "price_fair": 20.84,
            "eps_avg_yearly": 0.6,
            "eps_latest_yearly": 0.36,
            "eps_growth_yearly": 462.97
        },
        "20063": {
            "year_quarter": 20063,
            "year": 2006,
            "quarter": 3,
            "eps": 0.39,
            "eps_growth_year": null,
            "eps_4q": -0.27,
            "eps_4q_growth_year": null,
            "roe": 3.5,
            "roe_4q": -2.33,
            "gross_profit": 58719,
            "gross_margin": 8.98,
            "gross_margin_4q_avg": 6.7,
            "net_income": 24852,
            "revenue": 653530,
            "common_shares": 648000,
            "book_valuer_per_share": 11.17,
            "book_valuer_per_share_4q_avg": 10.91,
            "equity": 724124,
            "current_ratio": 126.1,
            "debt_ratio": 60.78,
            "inventory_turnover_ratio": 1.71,
            "account_receivable_turnover_ratio": null,
            "reinvestment_rate": null,
            "research_to_sale_ratio": null,
            "price_fair": 18.9,
            "eps_avg_yearly": 0.54,
            "eps_latest_yearly": 0.36,
            "eps_growth_yearly": 502.42
        },
        "20064": {
            "year_quarter": 20064,
            "year": 2006,
            "quarter": 4,
            "eps": 0.02,
            "eps_growth_year": null,
            "eps_4q": 0.17,
            "eps_4q_growth_year": null,
            "roe": 0.18,
            "roe_4q": 1.5200000000000002,
            "gross_profit": 55405,
            "gross_margin": 9.81,
            "gross_margin_4q_avg": 7.77,
            "net_income": 1310,
            "revenue": 564786,
            "common_shares": 648000,
            "book_valuer_per_share": 11.15,
            "book_valuer_per_share_4q_avg": 10.97,
            "equity": 722279,
            "current_ratio": 120.08,
            "debt_ratio": 60.26,
            "inventory_turnover_ratio": 1.2,
            "account_receivable_turnover_ratio": null,
            "reinvestment_rate": null,
            "research_to_sale_ratio": null,
            "price_fair": 16.1,
            "eps_avg_yearly": 0.46,
            "eps_latest_yearly": 0.08,
            "eps_growth_yearly": 470.37
        },
        "20071": {
            "year_quarter": 20071,
            "year": 2007,
            "quarter": 1,
            "eps": 0.36,
            "eps_growth_year": null,
            "eps_4q": 0.73,
            "eps_4q_growth_year": null,
            "roe": 3.18,
            "roe_4q": 6.5600000000000005,
            "gross_profit": 43460,
            "gross_margin": 10.14,
            "gross_margin_4q_avg": 8.6,
            "net_income": 23474,
            "revenue": 428473,
            "common_shares": 643900,
            "book_valuer_per_share": 11.69,
            "book_valuer_per_share_4q_avg": 11.19,
            "equity": 752908,
            "current_ratio": 138.03,
            "debt_ratio": 55.35,
            "inventory_turnover_ratio": 0.92,
            "account_receivable_turnover_ratio": null,
            "reinvestment_rate": null,
            "research_to_sale_ratio": null,
            "price_fair": 22.23,
            "eps_avg_yearly": 0.64,
            "eps_latest_yearly": 1.44,
            "eps_growth_yearly": 1367.59
        },
        "20072": {
            "year_quarter": 20072,
            "year": 2007,
            "quarter": 2,
            "eps": 0.38,
            "eps_growth_year": null,
            "eps_4q": 1.16,
            "eps_4q_growth_year": null,
            "roe": 3.18,
            "roe_4q": 10.04,
            "gross_profit": 80732,
            "gross_margin": 13.84,
            "gross_margin_4q_avg": 10.69,
            "net_income": 24322,
            "revenue": 583151,
            "common_shares": 643900,
            "book_valuer_per_share": 12.07,
            "book_valuer_per_share_4q_avg": 11.52,
            "equity": 777143,
            "current_ratio": 135.51,
            "debt_ratio": 58.14,
            "inventory_turnover_ratio": 1.46,
            "account_receivable_turnover_ratio": null,
            "reinvestment_rate": null,
            "research_to_sale_ratio": null,
            "price_fair": 27.3,
            "eps_avg_yearly": 0.78,
            "eps_latest_yearly": 1.52,
            "eps_growth_yearly": 970.37
        },
        "20073": {
            "year_quarter": 20073,
            "year": 2007,
            "quarter": 3,
            "eps": 0.45,
            "eps_growth_year": 15.38,
            "eps_4q": 1.2,
            "eps_4q_growth_year": null,
            "roe": 3.7,
            "roe_4q": 10.24,
            "gross_profit": 73454,
            "gross_margin": 12.12,
            "gross_margin_4q_avg": 11.48,
            "net_income": 29293,
            "revenue": 606029,
            "common_shares": 643900,
            "book_valuer_per_share": 12.52,
            "book_valuer_per_share_4q_avg": 11.86,
            "equity": 806185,
            "current_ratio": 135.48,
            "debt_ratio": 58.2,
            "inventory_turnover_ratio": 1.51,
            "account_receivable_turnover_ratio": null,
            "reinvestment_rate": null,
            "research_to_sale_ratio": null,
            "price_fair": 33.95,
            "eps_avg_yearly": 0.97,
            "eps_latest_yearly": 1.8,
            "eps_growth_yearly": 990.69
        },
        "20074": {
            "year_quarter": 20074,
            "year": 2007,
            "quarter": 4,
            "eps": 0.01,
            "eps_growth_year": -50,
            "eps_4q": 1.21,
            "eps_4q_growth_year": 624.12,
            "roe": 0.08,
            "roe_4q": 10.14,
            "gross_profit": 60737,
            "gross_margin": 11.31,
            "gross_margin_4q_avg": 11.85,
            "net_income": 664,
            "revenue": 536954,
            "common_shares": 643900,
            "book_valuer_per_share": 12.49,
            "book_valuer_per_share_4q_avg": 12.19,
            "equity": 804175,
            "current_ratio": 125.49,
            "debt_ratio": 59.35,
            "inventory_turnover_ratio": 1.05,
            "account_receivable_turnover_ratio": null,
            "reinvestment_rate": null,
            "research_to_sale_ratio": null,
            "price_fair": 27.3,
            "eps_avg_yearly": 0.78,
            "eps_latest_yearly": 0.04,
            "eps_growth_yearly": 713.23
        },
        "20081": {
            "year_quarter": 20081,
            "year": 2008,
            "quarter": 1,
            "eps": -0.44,
            "eps_growth_year": -222.22,
            "eps_4q": 0.4,
            "eps_4q_growth_year": -45.2,
            "roe": -3.55,
            "roe_4q": 3.4100000000000006,
            "gross_profit": 35198,
            "gross_margin": 7.79,
            "gross_margin_4q_avg": 11.27,
            "net_income": -28455,
            "revenue": 452025,
            "common_shares": 643900,
            "book_valuer_per_share": 12.39,
            "book_valuer_per_share_4q_avg": 12.37,
            "equity": 797710,
            "current_ratio": 125.39,
            "debt_ratio": 58.08,
            "inventory_turnover_ratio": 0.73,
            "account_receivable_turnover_ratio": null,
            "reinvestment_rate": null,
            "research_to_sale_ratio": null,
            "price_fair": 28.2,
            "eps_avg_yearly": 0.81,
            "eps_latest_yearly": 0.04,
            "eps_growth_yearly": 850.28
        },
        "20082": {
            "year_quarter": 20082,
            "year": 2008,
            "quarter": 2,
            "eps": 0.09,
            "eps_growth_year": -76.32,
            "eps_4q": 0.11,
            "eps_4q_growth_year": -90.17,
            "roe": 0.72,
            "roe_4q": 0.9500000000000002,
            "gross_profit": 39068,
            "gross_margin": 9.27,
            "gross_margin_4q_avg": 10.12,
            "net_income": 5719,
            "revenue": 421415,
            "common_shares": 643900,
            "book_valuer_per_share": 12.37,
            "book_valuer_per_share_4q_avg": 12.44,
            "equity": 796441,
            "current_ratio": 128.55,
            "debt_ratio": 55.44,
            "inventory_turnover_ratio": 0.64,
            "account_receivable_turnover_ratio": null,
            "reinvestment_rate": null,
            "research_to_sale_ratio": null,
            "price_fair": 30.57,
            "eps_avg_yearly": 0.87,
            "eps_latest_yearly": 0.04,
            "eps_growth_yearly": 1014.22
        },
        "20083": {
            "year_quarter": 20083,
            "year": 2008,
            "quarter": 3,
            "eps": 0.42,
            "eps_growth_year": -6.67,
            "eps_4q": 0.08,
            "eps_4q_growth_year": -93.32,
            "roe": 3.35,
            "roe_4q": 0.6000000000000004,
            "gross_profit": 38681,
            "gross_margin": 10.3,
            "gross_margin_4q_avg": 9.67,
            "net_income": 27299,
            "revenue": 375454,
            "common_shares": 653700,
            "book_valuer_per_share": 12.75,
            "book_valuer_per_share_4q_avg": 12.5,
            "equity": 833741,
            "current_ratio": 132.43,
            "debt_ratio": 53.71,
            "inventory_turnover_ratio": 0.54,
            "account_receivable_turnover_ratio": null,
            "reinvestment_rate": null,
            "research_to_sale_ratio": null,
            "price_fair": 38.27,
            "eps_avg_yearly": 1.09,
            "eps_latest_yearly": 1.68,
            "eps_growth_yearly": 1265.33
        },
        "20084": {
            "year_quarter": 20084,
            "year": 2008,
            "quarter": 4,
            "eps": -0.63,
            "eps_growth_year": -6400,
            "eps_4q": -0.56,
            "eps_4q_growth_year": -146.28,
            "roe": -5.09,
            "roe_4q": -4.569999999999999,
            "gross_profit": 450,
            "gross_margin": 0.12,
            "gross_margin_4q_avg": 6.87,
            "net_income": -41374,
            "revenue": 374112,
            "common_shares": 653700,
            "book_valuer_per_share": 12.13,
            "book_valuer_per_share_4q_avg": 12.41,
            "equity": 793156,
            "current_ratio": 131.13,
            "debt_ratio": 52.36,
            "inventory_turnover_ratio": 0.63,
            "account_receivable_turnover_ratio": 3.11,
            "reinvestment_rate": null,
            "research_to_sale_ratio": null,
            "price_fair": 38.27,
            "eps_avg_yearly": 1.09,
            "eps_latest_yearly": 1.68,
            "eps_growth_yearly": 1265.33
        },
        "20091": {
            "year_quarter": 20091,
            "year": 2009,
            "quarter": 1,
            "eps": 0.08,
            "eps_growth_year": null,
            "eps_4q": -0.04,
            "eps_4q_growth_year": -110.52,
            "roe": 0.69,
            "roe_4q": -0.3300000000000003,
            "gross_profit": 16374,
            "gross_margin": 10.11,
            "gross_margin_4q_avg": 7.45,
            "net_income": 5479,
            "revenue": 161993,
            "common_shares": 653700,
            "book_valuer_per_share": 12.28,
            "book_valuer_per_share_4q_avg": 12.38,
            "equity": 802703,
            "current_ratio": 140.91,
            "debt_ratio": 46.26,
            "inventory_turnover_ratio": 0.27,
            "account_receivable_turnover_ratio": 0.81,
            "reinvestment_rate": 2580.84,
            "research_to_sale_ratio": null,
            "price_fair": 38.27,
            "eps_avg_yearly": 1.09,
            "eps_latest_yearly": 1.68,
            "eps_growth_yearly": 1265.33
        },
        "20092": {
            "year_quarter": 20092,
            "year": 2009,
            "quarter": 2,
            "eps": -0.55,
            "eps_growth_year": -711.11,
            "eps_4q": -0.68,
            "eps_4q_growth_year": -697.7,
            "roe": -4.57,
            "roe_4q": -5.620000000000001,
            "gross_profit": 11763,
            "gross_margin": 5.49,
            "gross_margin_4q_avg": 6.51,
            "net_income": -35804,
            "revenue": 214226,
            "common_shares": 653700,
            "book_valuer_per_share": 11.68,
            "book_valuer_per_share_4q_avg": 12.21,
            "equity": 763575,
            "current_ratio": 140.38,
            "debt_ratio": 46,
            "inventory_turnover_ratio": 0.39,
            "account_receivable_turnover_ratio": 1.26,
            "reinvestment_rate": null,
            "research_to_sale_ratio": null,
            "price_fair": 38.27,
            "eps_avg_yearly": 1.09,
            "eps_latest_yearly": 1.68,
            "eps_growth_yearly": 1265.33
        },
        "20093": {
            "year_quarter": 20093,
            "year": 2009,
            "quarter": 3,
            "eps": -0.14,
            "eps_growth_year": -133.33,
            "eps_4q": -1.23,
            "eps_4q_growth_year": -1634,
            "roe": -1.18,
            "roe_4q": -10.15,
            "gross_profit": 20264,
            "gross_margin": 7.09,
            "gross_margin_4q_avg": 5.7,
            "net_income": -8942,
            "revenue": 285975,
            "common_shares": 653700,
            "book_valuer_per_share": 11.52,
            "book_valuer_per_share_4q_avg": 11.9,
            "equity": 753146,
            "current_ratio": 134.9,
            "debt_ratio": 50.68,
            "inventory_turnover_ratio": 0.57,
            "account_receivable_turnover_ratio": 1.35,
            "reinvestment_rate": null,
            "research_to_sale_ratio": null,
            "price_fair": 38.27,
            "eps_avg_yearly": 1.09,
            "eps_latest_yearly": 1.68,
            "eps_growth_yearly": 1265.33
        },
        "20094": {
            "year_quarter": 20094,
            "year": 2009,
            "quarter": 4,
            "eps": -0.36,
            "eps_growth_year": null,
            "eps_4q": -0.96,
            "eps_4q_growth_year": null,
            "roe": -3.21,
            "roe_4q": -8.270000000000001,
            "gross_profit": 8026,
            "gross_margin": 2.54,
            "gross_margin_4q_avg": 6.31,
            "net_income": -23781,
            "revenue": 315924,
            "common_shares": 653700,
            "book_valuer_per_share": 11.15,
            "book_valuer_per_share_4q_avg": 11.66,
            "equity": 728703,
            "current_ratio": 133.71,
            "debt_ratio": 50.38,
            "inventory_turnover_ratio": 0.73,
            "account_receivable_turnover_ratio": 2.51,
            "reinvestment_rate": null,
            "research_to_sale_ratio": null,
            "price_fair": 38.27,
            "eps_avg_yearly": 1.09,
            "eps_latest_yearly": 1.68,
            "eps_growth_yearly": 1265.33
        },
        "20101": {
            "year_quarter": 20101,
            "year": 2010,
            "quarter": 1,
            "eps": -0.02,
            "eps_growth_year": -125,
            "eps_4q": -1.07,
            "eps_4q_growth_year": null,
            "roe": -0.18,
            "roe_4q": -9.14,
            "gross_profit": 28088,
            "gross_margin": 9.78,
            "gross_margin_4q_avg": 6.23,
            "net_income": -1304,
            "revenue": 287170,
            "common_shares": 653700,
            "book_valuer_per_share": 11.12,
            "book_valuer_per_share_4q_avg": 11.37,
            "equity": 727140,
            "current_ratio": 131.26,
            "debt_ratio": 51.87,
            "inventory_turnover_ratio": 0.65,
            "account_receivable_turnover_ratio": 1.14,
            "reinvestment_rate": 19152.23,
            "research_to_sale_ratio": 1.63,
            "price_fair": 38.27,
            "eps_avg_yearly": 1.09,
            "eps_latest_yearly": 1.68,
            "eps_growth_yearly": 1265.33
        },
        "20102": {
            "year_quarter": 20102,
            "year": 2010,
            "quarter": 2,
            "eps": 0.07,
            "eps_growth_year": null,
            "eps_4q": -0.45,
            "eps_4q_growth_year": null,
            "roe": 0.67,
            "roe_4q": -3.8999999999999995,
            "gross_profit": 33830,
            "gross_margin": 10.9,
            "gross_margin_4q_avg": 7.58,
            "net_income": 4878,
            "revenue": 310228,
            "common_shares": 653700,
            "book_valuer_per_share": 11.21,
            "book_valuer_per_share_4q_avg": 11.25,
            "equity": 732730,
            "current_ratio": 133.28,
            "debt_ratio": 51.16,
            "inventory_turnover_ratio": 0.66,
            "account_receivable_turnover_ratio": 1.35,
            "reinvestment_rate": 1546.8,
            "research_to_sale_ratio": 1.47,
            "price_fair": 38.27,
            "eps_avg_yearly": 1.09,
            "eps_latest_yearly": 1.68,
            "eps_growth_yearly": 1265.33
        },
        "20103": {
            "year_quarter": 20103,
            "year": 2010,
            "quarter": 3,
            "eps": -0.11,
            "eps_growth_year": null,
            "eps_4q": -0.42,
            "eps_4q_growth_year": null,
            "roe": -1.03,
            "roe_4q": -3.75,
            "gross_profit": 36392,
            "gross_margin": 9.81,
            "gross_margin_4q_avg": 8.26,
            "net_income": -7501,
            "revenue": 370871,
            "common_shares": 653700,
            "book_valuer_per_share": 11.09,
            "book_valuer_per_share_4q_avg": 11.14,
            "equity": 724825,
            "current_ratio": 128.76,
            "debt_ratio": 54.13,
            "inventory_turnover_ratio": 0.81,
            "account_receivable_turnover_ratio": 1.62,
            "reinvestment_rate": null,
            "research_to_sale_ratio": 1.23,
            "price_fair": 38.27,
            "eps_avg_yearly": 1.09,
            "eps_latest_yearly": 1.68,
            "eps_growth_yearly": 1265.33
        },
        "20104": {
            "year_quarter": 20104,
            "year": 2010,
            "quarter": 4,
            "eps": -0.8,
            "eps_growth_year": null,
            "eps_4q": -0.86,
            "eps_4q_growth_year": null,
            "roe": -7.54,
            "roe_4q": -8.08,
            "gross_profit": 16635,
            "gross_margin": 5.36,
            "gross_margin_4q_avg": 8.96,
            "net_income": -52547,
            "revenue": 310146,
            "common_shares": 653700,
            "book_valuer_per_share": 10.24,
            "book_valuer_per_share_4q_avg": 10.92,
            "equity": 669230,
            "current_ratio": 122.12,
            "debt_ratio": 56.42,
            "inventory_turnover_ratio": 0.71,
            "account_receivable_turnover_ratio": 1.3,
            "reinvestment_rate": null,
            "research_to_sale_ratio": 1.44,
            "price_fair": 45.36,
            "eps_avg_yearly": 1.3,
            "eps_latest_yearly": 1.68,
            "eps_growth_yearly": 1594.29
        },
        "20111": {
            "year_quarter": 20111,
            "year": 2011,
            "quarter": 1,
            "eps": -0.12,
            "eps_growth_year": null,
            "eps_4q": -0.97,
            "eps_4q_growth_year": null,
            "roe": -1.2,
            "roe_4q": -9.1,
            "gross_profit": 11547,
            "gross_margin": 3.41,
            "gross_margin_4q_avg": 7.37,
            "net_income": -8020,
            "revenue": 338358,
            "common_shares": 653700,
            "book_valuer_per_share": 10.13,
            "book_valuer_per_share_4q_avg": 10.67,
            "equity": 662001,
            "current_ratio": 120.07,
            "debt_ratio": 57.56,
            "inventory_turnover_ratio": 0.77,
            "account_receivable_turnover_ratio": 1.54,
            "reinvestment_rate": null,
            "research_to_sale_ratio": 2.06,
            "price_fair": 44.1,
            "eps_avg_yearly": 1.26,
            "eps_latest_yearly": 1.68,
            "eps_growth_yearly": 292.87
        },
        "20112": {
            "year_quarter": 20112,
            "year": 2011,
            "quarter": 2,
            "eps": -0.36,
            "eps_growth_year": -575.85,
            "eps_4q": -1.4,
            "eps_4q_growth_year": null,
            "roe": -3.57,
            "roe_4q": -13.339999999999998,
            "gross_profit": 20536,
            "gross_margin": 6.38,
            "gross_margin_4q_avg": 6.24,
            "net_income": -23212,
            "revenue": 321728,
            "common_shares": 653700,
            "book_valuer_per_share": 9.77,
            "book_valuer_per_share_4q_avg": 10.31,
            "equity": 638597,
            "current_ratio": 121.07,
            "debt_ratio": 60.13,
            "inventory_turnover_ratio": 0.68,
            "account_receivable_turnover_ratio": 1.58,
            "reinvestment_rate": null,
            "research_to_sale_ratio": 1.84,
            "price_fair": 41.07,
            "eps_avg_yearly": 1.17,
            "eps_latest_yearly": 1.68,
            "eps_growth_yearly": 383.08
        },
        "20113": {
            "year_quarter": 20113,
            "year": 2011,
            "quarter": 3,
            "eps": 0.15,
            "eps_growth_year": null,
            "eps_4q": -1.13,
            "eps_4q_growth_year": null,
            "roe": 1.51,
            "roe_4q": -10.8,
            "gross_profit": 14166,
            "gross_margin": 4.94,
            "gross_margin_4q_avg": 5.02,
            "net_income": 9735,
            "revenue": 286859,
            "common_shares": 653700,
            "book_valuer_per_share": 9.97,
            "book_valuer_per_share_4q_avg": 10.03,
            "equity": 651433,
            "current_ratio": 121.7,
            "debt_ratio": 58.47,
            "inventory_turnover_ratio": 0.55,
            "account_receivable_turnover_ratio": 1.59,
            "reinvestment_rate": null,
            "research_to_sale_ratio": 2.13,
            "price_fair": 30.1,
            "eps_avg_yearly": 0.86,
            "eps_latest_yearly": 1.68,
            "eps_growth_yearly": 537.78
        },
        "20114": {
            "year_quarter": 20114,
            "year": 2011,
            "quarter": 4,
            "eps": -0.15,
            "eps_growth_year": null,
            "eps_4q": -0.48,
            "eps_4q_growth_year": null,
            "roe": -1.51,
            "roe_4q": -4.77,
            "gross_profit": 25606,
            "gross_margin": 8.66,
            "gross_margin_4q_avg": 5.85,
            "net_income": -9670,
            "revenue": 295706,
            "common_shares": 653700,
            "book_valuer_per_share": 9.69,
            "book_valuer_per_share_4q_avg": 9.89,
            "equity": 633325,
            "current_ratio": 122.72,
            "debt_ratio": 57.69,
            "inventory_turnover_ratio": 0.53,
            "account_receivable_turnover_ratio": 1.92,
            "reinvestment_rate": null,
            "research_to_sale_ratio": 1.99,
            "price_fair": 58.8,
            "eps_avg_yearly": 1.68,
            "eps_latest_yearly": 1.68,
            "eps_growth_yearly": 1466.67
        },
        "20121": {
            "year_quarter": 20121,
            "year": 2012,
            "quarter": 1,
            "eps": -0.25,
            "eps_growth_year": null,
            "eps_4q": -0.61,
            "eps_4q_growth_year": null,
            "roe": -2.64,
            "roe_4q": -6.210000000000001,
            "gross_profit": 25763,
            "gross_margin": 7.06,
            "gross_margin_4q_avg": 6.76,
            "net_income": -16508,
            "revenue": 364816,
            "common_shares": 653700,
            "book_valuer_per_share": 9.43,
            "book_valuer_per_share_4q_avg": 9.72,
            "equity": 616235,
            "current_ratio": 115.73,
            "debt_ratio": 64.13,
            "inventory_turnover_ratio": 0.68,
            "account_receivable_turnover_ratio": 2.59,
            "reinvestment_rate": null,
            "research_to_sale_ratio": 1.82,
            "price_fair": 58.8,
            "eps_avg_yearly": 1.68,
            "eps_latest_yearly": 1.68,
            "eps_growth_yearly": 1466.67
        },
        "20122": {
            "year_quarter": 20122,
            "year": 2012,
            "quarter": 2,
            "eps": 0.03,
            "eps_growth_year": null,
            "eps_4q": -0.22,
            "eps_4q_growth_year": null,
            "roe": 0.33,
            "roe_4q": -2.3100000000000005,
            "gross_profit": 33111,
            "gross_margin": 9.05,
            "gross_margin_4q_avg": 7.43,
            "net_income": 2043,
            "revenue": 366033,
            "common_shares": 653700,
            "book_valuer_per_share": 9.46,
            "book_valuer_per_share_4q_avg": 9.64,
            "equity": 618187,
            "current_ratio": 122.01,
            "debt_ratio": 62.48,
            "inventory_turnover_ratio": 0.64,
            "account_receivable_turnover_ratio": 2,
            "reinvestment_rate": null,
            "research_to_sale_ratio": 1.58,
            "price_fair": 58.8,
            "eps_avg_yearly": 1.68,
            "eps_latest_yearly": 1.68,
            "eps_growth_yearly": 1466.67
        },
        "20123": {
            "year_quarter": 20123,
            "year": 2012,
            "quarter": 3,
            "eps": -0.01,
            "eps_growth_year": -103.96,
            "eps_4q": -0.38,
            "eps_4q_growth_year": null,
            "roe": -0.06,
            "roe_4q": -3.88,
            "gross_profit": 30765,
            "gross_margin": 8.6,
            "gross_margin_4q_avg": 8.34,
            "net_income": -385,
            "revenue": 357545,
            "common_shares": 653700,
            "book_valuer_per_share": 9.45,
            "book_valuer_per_share_4q_avg": 9.51,
            "equity": 617895,
            "current_ratio": 120.25,
            "debt_ratio": 63.06,
            "inventory_turnover_ratio": 0.6,
            "account_receivable_turnover_ratio": 1.91,
            "reinvestment_rate": null,
            "research_to_sale_ratio": 1.63,
            "price_fair": 0,
            "eps_avg_yearly": 0,
            "eps_latest_yearly": 0,
            "eps_growth_yearly": 0
        },
        "20124": {
            "year_quarter": 20124,
            "year": 2012,
            "quarter": 4,
            "eps": -0.02,
            "eps_growth_year": null,
            "eps_4q": -0.25,
            "eps_4q_growth_year": null,
            "roe": -0.22,
            "roe_4q": -2.5900000000000003,
            "gross_profit": 32381,
            "gross_margin": 8.28,
            "gross_margin_4q_avg": 8.25,
            "net_income": -1329,
            "revenue": 391153,
            "common_shares": 653700,
            "book_valuer_per_share": 9.41,
            "book_valuer_per_share_4q_avg": 9.44,
            "equity": 615126,
            "current_ratio": 122.7,
            "debt_ratio": 63.03,
            "inventory_turnover_ratio": 0.67,
            "account_receivable_turnover_ratio": 2.32,
            "reinvestment_rate": null,
            "research_to_sale_ratio": 1.6,
            "price_fair": 0,
            "eps_avg_yearly": 0,
            "eps_latest_yearly": 0,
            "eps_growth_yearly": 0
        },
        "20131": {
            "year_quarter": 20131,
            "year": 2013,
            "quarter": 1,
            "eps": 0.45,
            "eps_growth_year": null,
            "eps_4q": 0.46,
            "eps_4q_growth_year": null,
            "roe": 4.71,
            "roe_4q": 4.760000000000001,
            "gross_profit": 47186,
            "gross_margin": 10.75,
            "gross_margin_4q_avg": 9.17,
            "net_income": 29460,
            "revenue": 438781,
            "common_shares": 653700,
            "book_valuer_per_share": 9.72,
            "book_valuer_per_share_4q_avg": 9.51,
            "equity": 635325,
            "current_ratio": 128.76,
            "debt_ratio": 59.37,
            "inventory_turnover_ratio": 0.75,
            "account_receivable_turnover_ratio": 2.45,
            "reinvestment_rate": null,
            "research_to_sale_ratio": 1.53,
            "price_fair": 0,
            "eps_avg_yearly": 0,
            "eps_latest_yearly": 0,
            "eps_growth_yearly": 0
        },
        "20132": {
            "year_quarter": 20132,
            "year": 2013,
            "quarter": 2,
            "eps": 0.48,
            "eps_growth_year": 1435.85,
            "eps_4q": 0.9,
            "eps_4q_growth_year": null,
            "roe": 4.79,
            "roe_4q": 9.219999999999999,
            "gross_profit": 57458,
            "gross_margin": 12.31,
            "gross_margin_4q_avg": 9.99,
            "net_income": 31157,
            "revenue": 466720,
            "common_shares": 653700,
            "book_valuer_per_share": 10.2,
            "book_valuer_per_share_4q_avg": 9.7,
            "equity": 666648,
            "current_ratio": 129.76,
            "debt_ratio": 59.94,
            "inventory_turnover_ratio": 0.75,
            "account_receivable_turnover_ratio": 2.08,
            "reinvestment_rate": null,
            "research_to_sale_ratio": 0.97,
            "price_fair": 67.2,
            "eps_avg_yearly": 1.92,
            "eps_latest_yearly": 1.92,
            "eps_growth_yearly": 26.67
        },
        "20133": {
            "year_quarter": 20133,
            "year": 2013,
            "quarter": 3,
            "eps": 0.29,
            "eps_growth_year": null,
            "eps_4q": 1.19,
            "eps_4q_growth_year": null,
            "roe": 2.77,
            "roe_4q": 12.049999999999999,
            "gross_profit": 65559,
            "gross_margin": 12.11,
            "gross_margin_4q_avg": 10.86,
            "net_income": 18697,
            "revenue": 541277,
            "common_shares": 653700,
            "book_valuer_per_share": 10.48,
            "book_valuer_per_share_4q_avg": 9.95,
            "equity": 685293,
            "current_ratio": 128.89,
            "debt_ratio": 61.24,
            "inventory_turnover_ratio": 0.85,
            "account_receivable_turnover_ratio": 2.12,
            "reinvestment_rate": null,
            "research_to_sale_ratio": 1.11,
            "price_fair": 4.62,
            "eps_avg_yearly": 1.54,
            "eps_latest_yearly": 1.16,
            "eps_growth_yearly": -65.83
        },
        "20134": {
            "year_quarter": 20134,
            "year": 2013,
            "quarter": 4,
            "eps": 0.17,
            "eps_growth_year": null,
            "eps_4q": 1.38,
            "eps_4q_growth_year": null,
            "roe": 1.6,
            "roe_4q": 13.870000000000001,
            "gross_profit": 31749,
            "gross_margin": 6.27,
            "gross_margin_4q_avg": 10.36,
            "net_income": 11066,
            "revenue": 506746,
            "common_shares": 653700,
            "book_valuer_per_share": 10.66,
            "book_valuer_per_share_4q_avg": 10.27,
            "equity": 696868,
            "current_ratio": 131.39,
            "debt_ratio": 59.36,
            "inventory_turnover_ratio": 0.86,
            "account_receivable_turnover_ratio": 2.35,
            "reinvestment_rate": null,
            "research_to_sale_ratio": 0.91,
            "price_fair": 3.76,
            "eps_avg_yearly": 1.25,
            "eps_latest_yearly": 0.68,
            "eps_growth_yearly": -99.06
        },
        "20141": {
            "year_quarter": 20141,
            "year": 2014,
            "quarter": 1,
            "eps": 0.4,
            "eps_growth_year": -11.11,
            "eps_4q": 1.33,
            "eps_4q_growth_year": 191.54,
            "roe": 3.65,
            "roe_4q": 12.809999999999999,
            "gross_profit": 48928,
            "gross_margin": 9.32,
            "gross_margin_4q_avg": 10,
            "net_income": 25926,
            "revenue": 525034,
            "common_shares": 653700,
            "book_valuer_per_share": 11.06,
            "book_valuer_per_share_4q_avg": 10.6,
            "equity": 722728,
            "current_ratio": 134.21,
            "debt_ratio": 57.27,
            "inventory_turnover_ratio": 0.83,
            "account_receivable_turnover_ratio": 2.67,
            "reinvestment_rate": -654.85,
            "research_to_sale_ratio": 0.94,
            "price_fair": 46.9,
            "eps_avg_yearly": 1.34,
            "eps_latest_yearly": 1.6,
            "eps_growth_yearly": 61
        },
        "20142": {
            "year_quarter": 20142,
            "year": 2014,
            "quarter": 2,
            "eps": 0.52,
            "eps_growth_year": 8.33,
            "eps_4q": 1.37,
            "eps_4q_growth_year": 51.83,
            "roe": 4.56,
            "roe_4q": 12.579999999999998,
            "gross_profit": 91222,
            "gross_margin": 11.85,
            "gross_margin_4q_avg": 9.89,
            "net_income": 33745,
            "revenue": 769498,
            "common_shares": 653700,
            "book_valuer_per_share": 11.58,
            "book_valuer_per_share_4q_avg": 10.95,
            "equity": 756664,
            "current_ratio": 122.18,
            "debt_ratio": 62.51,
            "inventory_turnover_ratio": 1.16,
            "account_receivable_turnover_ratio": 3.33,
            "reinvestment_rate": -216.5,
            "research_to_sale_ratio": 0.66,
            "price_fair": 52.08,
            "eps_avg_yearly": 1.49,
            "eps_latest_yearly": 2.08,
            "eps_growth_yearly": 72.8
        },
        "20143": {
            "year_quarter": 20143,
            "year": 2014,
            "quarter": 3,
            "eps": 0.64,
            "eps_growth_year": 120.69,
            "eps_4q": 1.72,
            "eps_4q_growth_year": 44.33,
            "roe": 5.38,
            "roe_4q": 15.19,
            "gross_profit": 71004,
            "gross_margin": 10.62,
            "gross_margin_4q_avg": 9.52,
            "net_income": 41821,
            "revenue": 668731,
            "common_shares": 653700,
            "book_valuer_per_share": 12.21,
            "book_valuer_per_share_4q_avg": 11.38,
            "equity": 798221,
            "current_ratio": 139.14,
            "debt_ratio": 59.47,
            "inventory_turnover_ratio": 1.05,
            "account_receivable_turnover_ratio": 2.72,
            "reinvestment_rate": 221.17,
            "research_to_sale_ratio": 0.8,
            "price_fair": 58.33,
            "eps_avg_yearly": 1.67,
            "eps_latest_yearly": 2.56,
            "eps_growth_yearly": 76.05
        },
        "20144": {
            "year_quarter": 20144,
            "year": 2014,
            "quarter": 4,
            "eps": 0.46,
            "eps_growth_year": 169.89,
            "eps_4q": 2.01,
            "eps_4q_growth_year": 45.34,
            "roe": 3.68,
            "roe_4q": 17.27,
            "gross_profit": 48706,
            "gross_margin": 9.02,
            "gross_margin_4q_avg": 10.2,
            "net_income": 29866,
            "revenue": 540256,
            "common_shares": 653700,
            "book_valuer_per_share": 12.64,
            "book_valuer_per_share_4q_avg": 11.87,
            "equity": 826273,
            "current_ratio": 145.23,
            "debt_ratio": 57.29,
            "inventory_turnover_ratio": 0.86,
            "account_receivable_turnover_ratio": 2.17,
            "reinvestment_rate": 127.14,
            "research_to_sale_ratio": 1.25,
            "price_fair": 59.2,
            "eps_avg_yearly": 1.69,
            "eps_latest_yearly": 1.84,
            "eps_growth_yearly": 49.11
        },
        "20151": {
            "year_quarter": 20151,
            "year": 2015,
            "quarter": 1,
            "eps": 0.72,
            "eps_growth_year": 80,
            "eps_4q": 2.33,
            "eps_4q_growth_year": 75.69,
            "roe": 5.55,
            "roe_4q": 19.169999999999998,
            "gross_profit": 100238,
            "gross_margin": 14.79,
            "gross_margin_4q_avg": 11.57,
            "net_income": 47145,
            "revenue": 677683,
            "common_shares": 653700,
            "book_valuer_per_share": 13.37,
            "book_valuer_per_share_4q_avg": 12.45,
            "equity": 873764,
            "current_ratio": 133.57,
            "debt_ratio": 60.81,
            "inventory_turnover_ratio": 1,
            "account_receivable_turnover_ratio": 2.58,
            "reinvestment_rate": 122.29,
            "research_to_sale_ratio": 0.67,
            "price_fair": 64.4,
            "eps_avg_yearly": 1.84,
            "eps_latest_yearly": 2.88,
            "eps_growth_yearly": 71.24
        },
        "20152": {
            "year_quarter": 20152,
            "year": 2015,
            "quarter": 2,
            "eps": 0.5,
            "eps_growth_year": -3.85,
            "eps_4q": 2.32,
            "eps_4q_growth_year": 69.7,
            "roe": 3.82,
            "roe_4q": 18.43,
            "gross_profit": 97435,
            "gross_margin": 13.6,
            "gross_margin_4q_avg": 12.01,
            "net_income": 32940,
            "revenue": 716242,
            "common_shares": 653700,
            "book_valuer_per_share": 12.98,
            "book_valuer_per_share_4q_avg": 12.8,
            "equity": 848754,
            "current_ratio": 122.44,
            "debt_ratio": 67.61,
            "inventory_turnover_ratio": 1.05,
            "account_receivable_turnover_ratio": 2.68,
            "reinvestment_rate": 99.45,
            "research_to_sale_ratio": 0.98,
            "price_fair": 65.02,
            "eps_avg_yearly": 1.86,
            "eps_latest_yearly": 2,
            "eps_growth_yearly": 49.74
        },
        "20153": {
            "year_quarter": 20153,
            "year": 2015,
            "quarter": 3,
            "eps": 1.88,
            "eps_growth_year": 193.75,
            "eps_4q": 3.56,
            "eps_4q_growth_year": 106.6,
            "roe": 13.48,
            "roe_4q": 26.53,
            "gross_profit": 110704,
            "gross_margin": 14.78,
            "gross_margin_4q_avg": 13.05,
            "net_income": 122597,
            "revenue": 748956,
            "common_shares": 653700,
            "book_valuer_per_share": 14.85,
            "book_valuer_per_share_4q_avg": 13.46,
            "equity": 970684,
            "current_ratio": 136.68,
            "debt_ratio": 61.25,
            "inventory_turnover_ratio": 1.06,
            "account_receivable_turnover_ratio": 2.6,
            "reinvestment_rate": 69.81,
            "research_to_sale_ratio": 0.79,
            "price_fair": 84.84,
            "eps_avg_yearly": 2.42,
            "eps_latest_yearly": 7.52,
            "eps_growth_yearly": 155.17
        },
        "20154": {
            "year_quarter": 20154,
            "year": 2015,
            "quarter": 4,
            "eps": 0.32,
            "eps_growth_year": -31.02,
            "eps_4q": 3.42,
            "eps_4q_growth_year": 69.98,
            "roe": 2.1,
            "roe_4q": 24.95,
            "gross_profit": 87670,
            "gross_margin": 14.29,
            "gross_margin_4q_avg": 14.37,
            "net_income": 20602,
            "revenue": 613677,
            "common_shares": 653700,
            "book_valuer_per_share": 15.15,
            "book_valuer_per_share_4q_avg": 14.09,
            "equity": 990484,
            "current_ratio": 128.14,
            "debt_ratio": 66.61,
            "inventory_turnover_ratio": 0.87,
            "account_receivable_turnover_ratio": 1.79,
            "reinvestment_rate": 53.64,
            "research_to_sale_ratio": 1.3,
            "price_fair": 81.2,
            "eps_avg_yearly": 2.32,
            "eps_latest_yearly": 1.28,
            "eps_growth_yearly": 110.89
        },
        "20161": {
            "year_quarter": 20161,
            "year": 2016,
            "quarter": 1,
            "eps": 0.89,
            "eps_growth_year": 23.61,
            "eps_4q": 3.58,
            "eps_4q_growth_year": 53.39,
            "roe": 5.68,
            "roe_4q": 25.08,
            "gross_profit": 127003,
            "gross_margin": 17.42,
            "gross_margin_4q_avg": 15.02,
            "net_income": 57905,
            "revenue": 728957,
            "common_shares": 653700,
            "book_valuer_per_share": 16.05,
            "book_valuer_per_share_4q_avg": 14.76,
            "equity": 1048945,
            "current_ratio": 147.88,
            "debt_ratio": 58.88,
            "inventory_turnover_ratio": 1.02,
            "account_receivable_turnover_ratio": 2.14,
            "reinvestment_rate": 48.58,
            "research_to_sale_ratio": 0.78,
            "price_fair": 84.82,
            "eps_avg_yearly": 2.42,
            "eps_latest_yearly": 3.56,
            "eps_growth_yearly": 161.02
        },
        "20162": {
            "year_quarter": 20162,
            "year": 2016,
            "quarter": 2,
            "eps": 0.64,
            "eps_growth_year": 28,
            "eps_4q": 3.72,
            "eps_4q_growth_year": 60.23,
            "roe": 4.08,
            "roe_4q": 25.34,
            "gross_profit": 108041,
            "gross_margin": 14.64,
            "gross_margin_4q_avg": 15.28,
            "net_income": 42082,
            "revenue": 737824,
            "common_shares": 653700,
            "book_valuer_per_share": 15.5,
            "book_valuer_per_share_4q_avg": 15.39,
            "equity": 1013381,
            "current_ratio": 129.97,
            "debt_ratio": 67.24,
            "inventory_turnover_ratio": 1.1,
            "account_receivable_turnover_ratio": 2.33,
            "reinvestment_rate": 47.45,
            "research_to_sale_ratio": 0.75,
            "price_fair": 85.18,
            "eps_avg_yearly": 2.43,
            "eps_latest_yearly": 2.56,
            "eps_growth_yearly": 139.99
        },
        "20163": {
            "year_quarter": 20163,
            "year": 2016,
            "quarter": 3,
            "eps": 0.24,
            "eps_growth_year": -87.23,
            "eps_4q": 2.09,
            "eps_4q_growth_year": -41.27,
            "roe": 1.56,
            "roe_4q": 13.42,
            "gross_profit": 106014,
            "gross_margin": 13.93,
            "gross_margin_4q_avg": 15.07,
            "net_income": 15992,
            "revenue": 761011,
            "common_shares": 653700,
            "book_valuer_per_share": 15.77,
            "book_valuer_per_share_4q_avg": 15.62,
            "equity": 1030639,
            "current_ratio": 126.04,
            "debt_ratio": 69.78,
            "inventory_turnover_ratio": 1.12,
            "account_receivable_turnover_ratio": 2.42,
            "reinvestment_rate": 45.78,
            "research_to_sale_ratio": 0.65,
            "price_fair": 81.5,
            "eps_avg_yearly": 2.33,
            "eps_latest_yearly": 0.96,
            "eps_growth_yearly": 112.14
        },
        "20164": {
            "year_quarter": 20164,
            "year": 2016,
            "quarter": 4,
            "eps": 1.18,
            "eps_growth_year": 274.37,
            "eps_4q": 2.95,
            "eps_4q_growth_year": -13.52,
            "roe": 7.22,
            "roe_4q": 18.54,
            "gross_profit": 94442,
            "gross_margin": 12.7,
            "gross_margin_4q_avg": 14.67,
            "net_income": 77128,
            "revenue": 743415,
            "common_shares": 653700,
            "book_valuer_per_share": 16.9,
            "book_valuer_per_share_4q_avg": 16.06,
            "equity": 1104585,
            "current_ratio": 136.94,
            "debt_ratio": 64.88,
            "inventory_turnover_ratio": 1.13,
            "account_receivable_turnover_ratio": 2.14,
            "reinvestment_rate": 36.66,
            "research_to_sale_ratio": 0.8,
            "price_fair": 87.08,
            "eps_avg_yearly": 2.49,
            "eps_latest_yearly": 4.72,
            "eps_growth_yearly": 209.1
        },
        "20171": {
            "year_quarter": 20171,
            "year": 2017,
            "quarter": 1,
            "eps": -0.43,
            "eps_growth_year": -148.31,
            "eps_4q": 1.64,
            "eps_4q_growth_year": -54.29,
            "roe": -2.58,
            "roe_4q": 10.28,
            "gross_profit": 99892,
            "gross_margin": 13.04,
            "gross_margin_4q_avg": 13.58,
            "net_income": -28210,
            "revenue": 766247,
            "common_shares": 653700,
            "book_valuer_per_share": 16.5,
            "book_valuer_per_share_4q_avg": 16.17,
            "equity": 1078721,
            "current_ratio": 131.4,
            "debt_ratio": 67.29,
            "inventory_turnover_ratio": 1.17,
            "account_receivable_turnover_ratio": 2.06,
            "reinvestment_rate": 40.25,
            "research_to_sale_ratio": 0.68,
            "price_fair": 87.08,
            "eps_avg_yearly": 2.49,
            "eps_latest_yearly": 4.72,
            "eps_growth_yearly": 209.1
        },
        "20172": {
            "year_quarter": 20172,
            "year": 2017,
            "quarter": 2,
            "eps": 0.72,
            "eps_growth_year": 12.5,
            "eps_4q": 1.72,
            "eps_4q_growth_year": -53.83,
            "roe": 4.46,
            "roe_4q": 10.66,
            "gross_profit": 88349,
            "gross_margin": 12.42,
            "gross_margin_4q_avg": 13.02,
            "net_income": 47372,
            "revenue": 711124,
            "common_shares": 653700,
            "book_valuer_per_share": 16.01,
            "book_valuer_per_share_4q_avg": 16.3,
            "equity": 1046761,
            "current_ratio": 129.44,
            "debt_ratio": 67.95,
            "inventory_turnover_ratio": 1.11,
            "account_receivable_turnover_ratio": 2.09,
            "reinvestment_rate": 39.48,
            "research_to_sale_ratio": 0.68,
            "price_fair": 88.5,
            "eps_avg_yearly": 2.53,
            "eps_latest_yearly": 4.72,
            "eps_growth_yearly": 222.14
        },
        "20173": {
            "year_quarter": 20173,
            "year": 2017,
            "quarter": 3,
            "eps": 0.53,
            "eps_growth_year": 120.83,
            "eps_4q": 2.01,
            "eps_4q_growth_year": -3.94,
            "roe": 3.28,
            "roe_4q": 12.379999999999999,
            "gross_profit": 87544,
            "gross_margin": 12.74,
            "gross_margin_4q_avg": 12.73,
            "net_income": 34916,
            "revenue": 686892,
            "common_shares": 653700,
            "book_valuer_per_share": 16.54,
            "book_valuer_per_share_4q_avg": 16.49,
            "equity": 1080948,
            "current_ratio": 130.31,
            "debt_ratio": 66.17,
            "inventory_turnover_ratio": 1.05,
            "account_receivable_turnover_ratio": 1.92,
            "reinvestment_rate": 43.43,
            "research_to_sale_ratio": 0.71,
            "price_fair": 90.9,
            "eps_avg_yearly": 2.6,
            "eps_latest_yearly": 2.12,
            "eps_growth_yearly": 225.9
        },
        "20174": {
            "year_quarter": 20174,
            "year": 2017,
            "quarter": 4,
            "eps": 0.34,
            "eps_growth_year": -71.08,
            "eps_4q": 1.17,
            "eps_4q_growth_year": -60.45,
            "roe": 2.04,
            "roe_4q": 7.200000000000001,
            "gross_profit": 82386,
            "gross_margin": 12.95,
            "gross_margin_4q_avg": 12.79,
            "net_income": 22302,
            "revenue": 636230,
            "common_shares": 653700,
            "book_valuer_per_share": 16.86,
            "book_valuer_per_share_4q_avg": 16.48,
            "equity": 1102394,
            "current_ratio": 129.83,
            "debt_ratio": 65.53,
            "inventory_turnover_ratio": 0.9,
            "account_receivable_turnover_ratio": 1.81,
            "reinvestment_rate": 49.81,
            "research_to_sale_ratio": 0.69,
            "price_fair": 92.6,
            "eps_avg_yearly": 2.65,
            "eps_latest_yearly": 1.36,
            "eps_growth_yearly": 227.48
        },
        "20181": {
            "year_quarter": 20181,
            "year": 2018,
            "quarter": 1,
            "eps": 0.21,
            "eps_growth_year": null,
            "eps_4q": 1.81,
            "eps_4q_growth_year": 10.55,
            "roe": 1.23,
            "roe_4q": 11.01,
            "gross_profit": 77210,
            "gross_margin": 10.39,
            "gross_margin_4q_avg": 12.13,
            "net_income": 13693,
            "revenue": 743286,
            "common_shares": 653700,
            "book_valuer_per_share": 17.08,
            "book_valuer_per_share_4q_avg": 16.62,
            "equity": 1116279,
            "current_ratio": 131.89,
            "debt_ratio": 63.71,
            "inventory_turnover_ratio": 1.08,
            "account_receivable_turnover_ratio": 2.61,
            "reinvestment_rate": 50.15,
            "research_to_sale_ratio": 0.7,
            "price_fair": 90.7,
            "eps_avg_yearly": 2.59,
            "eps_latest_yearly": 0.84,
            "eps_growth_yearly": 177.91
        },
        "20182": {
            "year_quarter": 20182,
            "year": 2018,
            "quarter": 2,
            "eps": 1.05,
            "eps_growth_year": 45.83,
            "eps_4q": 2.13,
            "eps_4q_growth_year": 24.01,
            "roe": 6.11,
            "roe_4q": 12.659999999999998,
            "gross_profit": 60165,
            "gross_margin": 8.87,
            "gross_margin_4q_avg": 11.24,
            "net_income": 68333,
            "revenue": 678425,
            "common_shares": 653700,
            "book_valuer_per_share": 17.13,
            "book_valuer_per_share_4q_avg": 16.9,
            "equity": 1119596,
            "current_ratio": 132.71,
            "debt_ratio": 64.61,
            "inventory_turnover_ratio": 1.09,
            "account_receivable_turnover_ratio": 2.38,
            "reinvestment_rate": 50.68,
            "research_to_sale_ratio": 0.83,
            "price_fair": 96,
            "eps_avg_yearly": 2.74,
            "eps_latest_yearly": 4.2,
            "eps_growth_yearly": 283.62
        },
        "20183": {
            "year_quarter": 20183,
            "year": 2018,
            "quarter": 3,
            "eps": 0.28,
            "eps_growth_year": -47.17,
            "eps_4q": 1.88,
            "eps_4q_growth_year": -6.48,
            "roe": 1.63,
            "roe_4q": 11.010000000000002,
            "gross_profit": 70651,
            "gross_margin": 10.59,
            "gross_margin_4q_avg": 10.7,
            "net_income": 18378,
            "revenue": 667295,
            "common_shares": 653700,
            "book_valuer_per_share": 17.44,
            "book_valuer_per_share_4q_avg": 17.13,
            "equity": 1140290,
            "current_ratio": 131.45,
            "debt_ratio": 62.9,
            "inventory_turnover_ratio": 1.07,
            "account_receivable_turnover_ratio": 2.06,
            "reinvestment_rate": 13.61,
            "research_to_sale_ratio": 0.89,
            "price_fair": 92.4,
            "eps_avg_yearly": 2.64,
            "eps_latest_yearly": 1.12,
            "eps_growth_yearly": 256.07
        },
        "20184": {
            "year_quarter": 20184,
            "year": 2018,
            "quarter": 4,
            "eps": 3.53,
            "eps_growth_year": 935.38,
            "eps_4q": 5.07,
            "eps_4q_growth_year": 333.77,
            "roe": 18.45,
            "roe_4q": 27.419999999999998,
            "gross_profit": 43281,
            "gross_margin": 8.56,
            "gross_margin_4q_avg": 9.6,
            "net_income": 230911,
            "revenue": 505396,
            "common_shares": 653700,
            "book_valuer_per_share": 20.84,
            "book_valuer_per_share_4q_avg": 18.12,
            "equity": 1362319,
            "current_ratio": 154.66,
            "debt_ratio": 56.41,
            "inventory_turnover_ratio": 0.82,
            "account_receivable_turnover_ratio": 1.98,
            "reinvestment_rate": 15.02,
            "research_to_sale_ratio": 1.43,
            "price_fair": 123.1,
            "eps_avg_yearly": 3.52,
            "eps_latest_yearly": 14.12,
            "eps_growth_yearly": 595.74
        },
        "20191": {
            "year_quarter": 20191,
            "year": 2019,
            "quarter": 1,
            "eps": 0.65,
            "eps_growth_year": 209.52,
            "eps_4q": 5.51,
            "eps_4q_growth_year": 204.51,
            "roe": 3.08,
            "roe_4q": 29.27,
            "gross_profit": 71772,
            "gross_margin": 11.18,
            "gross_margin_4q_avg": 9.8,
            "net_income": 42557,
            "revenue": 641883,
            "common_shares": 653700,
            "book_valuer_per_share": 21.5,
            "book_valuer_per_share_4q_avg": 19.23,
            "equity": 1405595,
            "current_ratio": 155.65,
            "debt_ratio": 55.04,
            "inventory_turnover_ratio": 1.05,
            "account_receivable_turnover_ratio": 3.02,
            "reinvestment_rate": 13.1,
            "research_to_sale_ratio": 0.67,
            "price_fair": 122.4,
            "eps_avg_yearly": 3.5,
            "eps_latest_yearly": 2.6,
            "eps_growth_yearly": 556.28
        },
        "20192": {
            "year_quarter": 20192,
            "year": 2019,
            "quarter": 2,
            "eps": 0.34,
            "eps_growth_year": -67.62,
            "eps_4q": 4.8,
            "eps_4q_growth_year": 125.37,
            "roe": 1.62,
            "roe_4q": 24.779999999999998,
            "gross_profit": 59926,
            "gross_margin": 10.5,
            "gross_margin_4q_avg": 10.21,
            "net_income": 21964,
            "revenue": 570847,
            "common_shares": 653700,
            "book_valuer_per_share": 20.03,
            "book_valuer_per_share_4q_avg": 19.95,
            "equity": 1309357,
            "current_ratio": 152.61,
            "debt_ratio": 55.81,
            "inventory_turnover_ratio": 0.98,
            "account_receivable_turnover_ratio": 1.89,
            "reinvestment_rate": 20.08,
            "research_to_sale_ratio": 0.86,
            "price_fair": 120.8,
            "eps_avg_yearly": 3.45,
            "eps_latest_yearly": 1.36,
            "eps_growth_yearly": 551.39
        },
        "20193": {
            "year_quarter": 20193,
            "year": 2019,
            "quarter": 3,
            "eps": 0.4,
            "eps_growth_year": 42.86,
            "eps_4q": 4.92,
            "eps_4q_growth_year": 162,
            "roe": 1.97,
            "roe_4q": 25.119999999999997,
            "gross_profit": 59698,
            "gross_margin": 12.25,
            "gross_margin_4q_avg": 10.62,
            "net_income": 26061,
            "revenue": 487170,
            "common_shares": 653700,
            "book_valuer_per_share": 20.43,
            "book_valuer_per_share_4q_avg": 20.7,
            "equity": 1335380,
            "current_ratio": 152.98,
            "debt_ratio": 56.33,
            "inventory_turnover_ratio": 0.84,
            "account_receivable_turnover_ratio": 1.12,
            "reinvestment_rate": 26.92,
            "research_to_sale_ratio": 0.99,
            "price_fair": 106,
            "eps_avg_yearly": 3.03,
            "eps_latest_yearly": 1.6,
            "eps_growth_yearly": 477.57
        },
        "20194": {
            "year_quarter": 20194,
            "year": 2019,
            "quarter": 4,
            "eps": -0.32,
            "eps_growth_year": -108.96,
            "eps_4q": 1.07,
            "eps_4q_growth_year": -78.9,
            "roe": -1.56,
            "roe_4q": 5.11,
            "gross_profit": 48025,
            "gross_margin": 9.68,
            "gross_margin_4q_avg": 10.9,
            "net_income": -20689,
            "revenue": 495924,
            "common_shares": 653700,
            "book_valuer_per_share": 20.14,
            "book_valuer_per_share_4q_avg": 20.53,
            "equity": 1316347,
            "current_ratio": 141.34,
            "debt_ratio": 60.81,
            "inventory_turnover_ratio": 0.95,
            "account_receivable_turnover_ratio": 1.04,
            "reinvestment_rate": 36.58,
            "research_to_sale_ratio": 1.1,
            "price_fair": 110.71,
            "eps_avg_yearly": 3.16,
            "eps_latest_yearly": 1.6,
            "eps_growth_yearly": 539.84
        },
        "20201": {
            "year_quarter": 20201,
            "year": 2020,
            "quarter": 1,
            "eps": 0.42,
            "eps_growth_year": -35.38,
            "eps_4q": 0.84,
            "eps_4q_growth_year": -84.79,
            "roe": 2.06,
            "roe_4q": 4.09,
            "gross_profit": 42884,
            "gross_margin": 9.42,
            "gross_margin_4q_avg": 10.46,
            "net_income": 27448,
            "revenue": 455152,
            "common_shares": 653700,
            "book_valuer_per_share": 20.55,
            "book_valuer_per_share_4q_avg": 20.29,
            "equity": 1343566,
            "current_ratio": 134.7,
            "debt_ratio": 63.92,
            "inventory_turnover_ratio": 0.91,
            "account_receivable_turnover_ratio": 1.05,
            "reinvestment_rate": 52.29,
            "research_to_sale_ratio": 1.13,
            "price_fair": 109.55,
            "eps_avg_yearly": 3.13,
            "eps_latest_yearly": 1.6,
            "eps_growth_yearly": 525.45
        },
        "20202": {
            "year_quarter": 20202,
            "year": 2020,
            "quarter": 2,
            "eps": -0.16,
            "eps_growth_year": -147.06,
            "eps_4q": 0.34,
            "eps_4q_growth_year": -92.88,
            "roe": -0.8,
            "roe_4q": 1.67,
            "gross_profit": 54307,
            "gross_margin": 11.09,
            "gross_margin_4q_avg": 10.61,
            "net_income": -10478,
            "revenue": 489625,
            "common_shares": 653700,
            "book_valuer_per_share": 19.61,
            "book_valuer_per_share_4q_avg": 20.18,
            "equity": 1281757,
            "current_ratio": 125.64,
            "debt_ratio": 67.99,
            "inventory_turnover_ratio": 0.94,
            "account_receivable_turnover_ratio": 1.1,
            "reinvestment_rate": 60.82,
            "research_to_sale_ratio": 0.92,
            "price_fair": 111.36,
            "eps_avg_yearly": 3.18,
            "eps_latest_yearly": 1.6,
            "eps_growth_yearly": 583.43
        },
        "20203": {
            "year_quarter": 20203,
            "year": 2020,
            "quarter": 3,
            "eps": -0.18,
            "eps_growth_year": -145,
            "eps_4q": -0.23,
            "eps_4q_growth_year": -104.72,
            "roe": -0.9,
            "roe_4q": -1.2000000000000002,
            "gross_profit": 60977,
            "gross_margin": 9.8,
            "gross_margin_4q_avg": 10,
            "net_income": -11443,
            "revenue": 622432,
            "common_shares": 653700,
            "book_valuer_per_share": 19.47,
            "book_valuer_per_share_4q_avg": 19.94,
            "equity": 1272912,
            "current_ratio": 122.6,
            "debt_ratio": 70.7,
            "inventory_turnover_ratio": 1.1,
            "account_receivable_turnover_ratio": 1.26,
            "reinvestment_rate": 71.8,
            "research_to_sale_ratio": 0.74,
            "price_fair": 119.14,
            "eps_avg_yearly": 3.4,
            "eps_latest_yearly": 1.6,
            "eps_growth_yearly": 666.78
        },
        "20204": {
            "year_quarter": 20204,
            "year": 2020,
            "quarter": 4,
            "eps": -0.37,
            "eps_growth_year": null,
            "eps_4q": -0.28,
            "eps_4q_growth_year": -126.6,
            "roe": -1.91,
            "roe_4q": -1.5500000000000003,
            "gross_profit": 59207,
            "gross_margin": 8.15,
            "gross_margin_4q_avg": 9.62,
            "net_income": -24119,
            "revenue": 726114,
            "common_shares": 653700,
            "book_valuer_per_share": 19.14,
            "book_valuer_per_share_4q_avg": 19.69,
            "equity": 1251074,
            "current_ratio": 118.68,
            "debt_ratio": 71.8,
            "inventory_turnover_ratio": 1.24,
            "account_receivable_turnover_ratio": 1.31,
            "reinvestment_rate": 102.44,
            "research_to_sale_ratio": 0.57,
            "price_fair": 114.02,
            "eps_avg_yearly": 3.26,
            "eps_latest_yearly": 1.6,
            "eps_growth_yearly": 566.79
        },
        "20211": {
            "year_quarter": 20211,
            "year": 2021,
            "quarter": 1,
            "eps": 0.14,
            "eps_growth_year": -66.67,
            "eps_4q": -0.57,
            "eps_4q_growth_year": -167.74,
            "roe": 0.71,
            "roe_4q": -2.9000000000000004,
            "gross_profit": 56330,
            "gross_margin": 9.15,
            "gross_margin_4q_avg": 9.55,
            "net_income": 8932,
            "revenue": 615378,
            "common_shares": 653700,
            "book_valuer_per_share": 19.27,
            "book_valuer_per_share_4q_avg": 19.37,
            "equity": 1259820,
            "current_ratio": 128.02,
            "debt_ratio": 65.09,
            "inventory_turnover_ratio": 1.02,
            "account_receivable_turnover_ratio": 1.12,
            "reinvestment_rate": 100.75,
            "research_to_sale_ratio": 0.79,
            "price_fair": 114.02,
            "eps_avg_yearly": 3.26,
            "eps_latest_yearly": 1.6,
            "eps_growth_yearly": 566.79
        },
        "20212": {
            "year_quarter": 20212,
            "year": 2021,
            "quarter": 2,
            "eps": 0.15,
            "eps_growth_year": null,
            "eps_4q": -0.26,
            "eps_4q_growth_year": -176.07,
            "roe": 0.76,
            "roe_4q": -1.3399999999999999,
            "gross_profit": 76188,
            "gross_margin": 10.3,
            "gross_margin_4q_avg": 9.35,
            "net_income": 9635,
            "revenue": 739407,
            "common_shares": 653700,
            "book_valuer_per_share": 19.46,
            "book_valuer_per_share_4q_avg": 19.34,
            "equity": 1271916,
            "current_ratio": 124.72,
            "debt_ratio": 65.92,
            "inventory_turnover_ratio": 1.1,
            "account_receivable_turnover_ratio": 1.35,
            "reinvestment_rate": 119.95,
            "research_to_sale_ratio": 0.6,
            "price_fair": 104.72,
            "eps_avg_yearly": 2.99,
            "eps_latest_yearly": 0.6,
            "eps_growth_yearly": 512.97
        },
        "20213": {
            "year_quarter": 20213,
            "year": 2021,
            "quarter": 3,
            "eps": 0.82,
            "eps_growth_year": null,
            "eps_4q": 0.74,
            "eps_4q_growth_year": null,
            "roe": 4.13,
            "roe_4q": 3.6899999999999995,
            "gross_profit": 96713,
            "gross_margin": 11.42,
            "gross_margin_4q_avg": 9.76,
            "net_income": 53600,
            "revenue": 846996,
            "common_shares": 653700,
            "book_valuer_per_share": 20.27,
            "book_valuer_per_share_4q_avg": 19.54,
            "equity": 1325082,
            "current_ratio": 123.31,
            "debt_ratio": 66.36,
            "inventory_turnover_ratio": 1.09,
            "account_receivable_turnover_ratio": 1.35,
            "reinvestment_rate": 115.78,
            "research_to_sale_ratio": 0.63,
            "price_fair": 108.78,
            "eps_avg_yearly": 3.11,
            "eps_latest_yearly": 3.28,
            "eps_growth_yearly": 702.19
        },
        "20214": {
            "year_quarter": 20214,
            "year": 2021,
            "quarter": 4,
            "eps": 0.25,
            "eps_growth_year": null,
            "eps_4q": 1.35,
            "eps_4q_growth_year": null,
            "roe": 1.22,
            "roe_4q": 6.819999999999999,
            "gross_profit": 106705,
            "gross_margin": 11.34,
            "gross_margin_4q_avg": 10.55,
            "net_income": 16262,
            "revenue": 940862,
            "common_shares": 653700,
            "book_valuer_per_share": 20.53,
            "book_valuer_per_share_4q_avg": 19.88,
            "equity": 1342359,
            "current_ratio": 123.15,
            "debt_ratio": 65.88,
            "inventory_turnover_ratio": 1.12,
            "account_receivable_turnover_ratio": 1.25,
            "reinvestment_rate": 109.03,
            "research_to_sale_ratio": 0.53,
            "price_fair": 107.52,
            "eps_avg_yearly": 3.07,
            "eps_latest_yearly": 1,
            "eps_growth_yearly": 688.72
        },
        "20221": {
            "year_quarter": 20221,
            "year": 2022,
            "quarter": 1,
            "eps": 1.5,
            "eps_growth_year": 971.43,
            "eps_4q": 2.71,
            "eps_4q_growth_year": null,
            "roe": 7.04,
            "roe_4q": 13.15,
            "gross_profit": 86609,
            "gross_margin": 10.58,
            "gross_margin_4q_avg": 10.91,
            "net_income": 97796,
            "revenue": 818816,
            "common_shares": 653700,
            "book_valuer_per_share": 21.99,
            "book_valuer_per_share_4q_avg": 20.56,
            "equity": 1437363,
            "current_ratio": 131.75,
            "debt_ratio": 61.49,
            "inventory_turnover_ratio": 1.02,
            "account_receivable_turnover_ratio": 1.02,
            "reinvestment_rate": 91.6,
            "research_to_sale_ratio": 0.72,
            "price_fair": 125.58,
            "eps_avg_yearly": 3.59,
            "eps_latest_yearly": 6,
            "eps_growth_yearly": 904.02
        },
        "20222": {
            "year_quarter": 20222,
            "year": 2022,
            "quarter": 2,
            "eps": 3.06,
            "eps_growth_year": 1940,
            "eps_4q": 5.62,
            "eps_4q_growth_year": null,
            "roe": 13.23,
            "roe_4q": 25.619999999999997,
            "gross_profit": 90984,
            "gross_margin": 12.29,
            "gross_margin_4q_avg": 11.41,
            "net_income": 199974,
            "revenue": 740122,
            "common_shares": 653700,
            "book_valuer_per_share": 24.24,
            "book_valuer_per_share_4q_avg": 21.76,
            "equity": 1584800,
            "current_ratio": 144.49,
            "debt_ratio": 56.39,
            "inventory_turnover_ratio": 0.94,
            "account_receivable_turnover_ratio": 1.1,
            "reinvestment_rate": 69.97,
            "research_to_sale_ratio": 0.72,
            "price_fair": 153.72,
            "eps_avg_yearly": 4.39,
            "eps_latest_yearly": 12.24,
            "eps_growth_yearly": 785.62
        },
        "20223": {
            "year_quarter": 20223,
            "year": 2022,
            "quarter": 3,
            "eps": 1.73,
            "eps_growth_year": 110.98,
            "eps_4q": 6.54,
            "eps_4q_growth_year": 789.31,
            "roe": 6.9,
            "roe_4q": 28.39,
            "gross_profit": 92750,
            "gross_margin": 14.3,
            "gross_margin_4q_avg": 12.13,
            "net_income": 113266,
            "revenue": 648791,
            "common_shares": 653700,
            "book_valuer_per_share": 25.97,
            "book_valuer_per_share_4q_avg": 23.18,
            "equity": 1697568,
            "current_ratio": 188.35,
            "debt_ratio": 44.4,
            "inventory_turnover_ratio": 0.85,
            "account_receivable_turnover_ratio": 1.6,
            "reinvestment_rate": 54.68,
            "research_to_sale_ratio": 0.79,
            "price_fair": 174.02,
            "eps_avg_yearly": 4.97,
            "eps_latest_yearly": 6.92,
            "eps_growth_yearly": 797.57
        },
        "20224": {
            "year_quarter": 20224,
            "year": 2022,
            "quarter": 4,
            "eps": -0.29,
            "eps_growth_year": -215.58,
            "eps_4q": 6,
            "eps_4q_growth_year": 343.56,
            "roe": -1.11,
            "roe_4q": 26.06,
            "gross_profit": 26168,
            "gross_margin": 8.95,
            "gross_margin_4q_avg": 11.53,
            "net_income": -18796,
            "revenue": 292350,
            "common_shares": 653700,
            "book_valuer_per_share": 25.73,
            "book_valuer_per_share_4q_avg": 24.48,
            "equity": 1681797,
            "current_ratio": 231.18,
            "debt_ratio": 36.5,
            "inventory_turnover_ratio": 0.46,
            "account_receivable_turnover_ratio": 1.66,
            "reinvestment_rate": 71,
            "research_to_sale_ratio": 1.54,
            "price_fair": 138.44,
            "eps_avg_yearly": 3.96,
            "eps_latest_yearly": 6.92,
            "eps_growth_yearly": 370.31
        },
        "20231": {
            "year_quarter": 20231,
            "year": 2023,
            "quarter": 1,
            "eps": -0.05,
            "eps_growth_year": -103.33,
            "eps_4q": 4.45,
            "eps_4q_growth_year": 64.12,
            "roe": -0.21,
            "roe_4q": 18.810000000000002,
            "gross_profit": 20931,
            "gross_margin": 8.24,
            "gross_margin_4q_avg": 10.95,
            "net_income": -3473,
            "revenue": 253971,
            "common_shares": 653700,
            "book_valuer_per_share": 25.67,
            "book_valuer_per_share_4q_avg": 25.4,
            "equity": 1678318,
            "current_ratio": 228.66,
            "debt_ratio": 35.94,
            "inventory_turnover_ratio": 0.45,
            "account_receivable_turnover_ratio": 2.11,
            "reinvestment_rate": 71.03,
            "research_to_sale_ratio": 1.77,
            "price_fair": 144.38,
            "eps_avg_yearly": 4.13,
            "eps_latest_yearly": 6.92,
            "eps_growth_yearly": 457.39
        }
    },
    "months": {
        "2002-10": {
            "month": "2002-10",
            "price": "18.00",
            "revenue": 126972
        },
        "2002-11": {
            "month": "2002-11",
            "price": "18.11",
            "revenue": 96873
        },
        "2002-12": {
            "month": "2002-12",
            "price": "20.16",
            "revenue": 97048
        },
        "2003-01": {
            "month": "2003-01",
            "price": "19.47",
            "revenue": 72471
        },
        "2003-02": {
            "month": "2003-02",
            "price": "17.68",
            "revenue": 50003
        },
        "2003-03": {
            "month": "2003-03",
            "price": "16.62",
            "revenue": 79485
        },
        "2003-04": {
            "month": "2003-04",
            "price": "15.50",
            "revenue": 95462
        },
        "2003-05": {
            "month": "2003-05",
            "price": "15.47",
            "revenue": 58886
        },
        "2003-06": {
            "month": "2003-06",
            "price": "15.84",
            "revenue": 82133
        },
        "2003-07": {
            "month": "2003-07",
            "price": "16.13",
            "revenue": 141583
        },
        "2003-08": {
            "month": "2003-08",
            "price": "16.10",
            "revenue": 153176
        },
        "2003-09": {
            "month": "2003-09",
            "price": "15.26",
            "revenue": 141836
        },
        "2003-10": {
            "month": "2003-10",
            "price": "14.30",
            "revenue": 229936
        },
        "2003-11": {
            "month": "2003-11",
            "price": "14.70",
            "revenue": 200973
        },
        "2003-12": {
            "month": "2003-12",
            "price": "15.60",
            "revenue": 258114
        },
        "2004-01": {
            "month": "2004-01",
            "price": "16.30",
            "revenue": 189078
        },
        "2004-02": {
            "month": "2004-02",
            "price": "17.70",
            "revenue": 122102
        },
        "2004-03": {
            "month": "2004-03",
            "price": "16.42",
            "revenue": 164263
        },
        "2004-04": {
            "month": "2004-04",
            "price": "19.15",
            "revenue": 149566
        },
        "2004-05": {
            "month": "2004-05",
            "price": "14.53",
            "revenue": 157566
        },
        "2004-06": {
            "month": "2004-06",
            "price": "13.36",
            "revenue": 156946
        },
        "2004-07": {
            "month": "2004-07",
            "price": "12.75",
            "revenue": 146123
        },
        "2004-08": {
            "month": "2004-08",
            "price": "12.18",
            "revenue": 119090
        },
        "2004-09": {
            "month": "2004-09",
            "price": "12.09",
            "revenue": 158331
        },
        "2004-10": {
            "month": "2004-10",
            "price": "10.72",
            "revenue": 163246
        },
        "2004-11": {
            "month": "2004-11",
            "price": "9.81",
            "revenue": 150026
        },
        "2004-12": {
            "month": "2004-12",
            "price": "8.85",
            "revenue": 157798
        },
        "2005-01": {
            "month": "2005-01",
            "price": "9.35",
            "revenue": 99119
        },
        "2005-02": {
            "month": "2005-02",
            "price": "8.97",
            "revenue": 105485
        },
        "2005-03": {
            "month": "2005-03",
            "price": "8.72",
            "revenue": 200556
        },
        "2005-04": {
            "month": "2005-04",
            "price": "7.11",
            "revenue": 141361
        },
        "2005-05": {
            "month": "2005-05",
            "price": "6.64",
            "revenue": 104754
        },
        "2005-06": {
            "month": "2005-06",
            "price": "6.75",
            "revenue": 129804
        },
        "2005-07": {
            "month": "2005-07",
            "price": "6.92",
            "revenue": 128077
        },
        "2005-08": {
            "month": "2005-08",
            "price": "6.62",
            "revenue": 163848
        },
        "2005-09": {
            "month": "2005-09",
            "price": "6.58",
            "revenue": 159633
        },
        "2005-10": {
            "month": "2005-10",
            "price": "6.68",
            "revenue": 143391
        },
        "2005-11": {
            "month": "2005-11",
            "price": "6.68",
            "revenue": 125586
        },
        "2005-12": {
            "month": "2005-12",
            "price": "6.56",
            "revenue": 104569
        },
        "2006-01": {
            "month": "2006-01",
            "price": "6.40",
            "revenue": 96342
        },
        "2006-02": {
            "month": "2006-02",
            "price": "6.04",
            "revenue": 63233
        },
        "2006-03": {
            "month": "2006-03",
            "price": "5.54",
            "revenue": 145419
        },
        "2006-04": {
            "month": "2006-04",
            "price": "5.29",
            "revenue": 102488
        },
        "2006-05": {
            "month": "2006-05",
            "price": "6.27",
            "revenue": 140682
        },
        "2006-06": {
            "month": "2006-06",
            "price": "6.03",
            "revenue": 154066
        },
        "2006-07": {
            "month": "2006-07",
            "price": "5.97",
            "revenue": 203104
        },
        "2006-08": {
            "month": "2006-08",
            "price": "5.88",
            "revenue": 209358
        },
        "2006-09": {
            "month": "2006-09",
            "price": "6.11",
            "revenue": 241068
        },
        "2006-10": {
            "month": "2006-10",
            "price": "7.39",
            "revenue": 194361
        },
        "2006-11": {
            "month": "2006-11",
            "price": "9.90",
            "revenue": 193975
        },
        "2006-12": {
            "month": "2006-12",
            "price": "10.06",
            "revenue": 176449
        },
        "2007-01": {
            "month": "2007-01",
            "price": "10.18",
            "revenue": 136135
        },
        "2007-02": {
            "month": "2007-02",
            "price": "9.74",
            "revenue": 117967
        },
        "2007-03": {
            "month": "2007-03",
            "price": "11.32",
            "revenue": 174371
        },
        "2007-04": {
            "month": "2007-04",
            "price": "12.32",
            "revenue": 185776
        },
        "2007-05": {
            "month": "2007-05",
            "price": "14.55",
            "revenue": 234567
        },
        "2007-06": {
            "month": "2007-06",
            "price": "15.81",
            "revenue": 162807
        },
        "2007-07": {
            "month": "2007-07",
            "price": "16.03",
            "revenue": 198616
        },
        "2007-08": {
            "month": "2007-08",
            "price": "14.20",
            "revenue": 252533
        },
        "2007-09": {
            "month": "2007-09",
            "price": "14.64",
            "revenue": 154881
        },
        "2007-10": {
            "month": "2007-10",
            "price": "13.34",
            "revenue": 164083
        },
        "2007-11": {
            "month": "2007-11",
            "price": "12.65",
            "revenue": 158102
        },
        "2007-12": {
            "month": "2007-12",
            "price": "12.06",
            "revenue": 214769
        },
        "2008-01": {
            "month": "2008-01",
            "price": "11.23",
            "revenue": 219694
        },
        "2008-02": {
            "month": "2008-02",
            "price": "10.74",
            "revenue": 80639
        },
        "2008-03": {
            "month": "2008-03",
            "price": "11.18",
            "revenue": 108933
        },
        "2008-04": {
            "month": "2008-04",
            "price": "11.29",
            "revenue": 125608
        },
        "2008-05": {
            "month": "2008-05",
            "price": "10.22",
            "revenue": 114267
        },
        "2008-06": {
            "month": "2008-06",
            "price": "8.43",
            "revenue": 116364
        },
        "2008-07": {
            "month": "2008-07",
            "price": "6.35",
            "revenue": 88050
        },
        "2008-08": {
            "month": "2008-08",
            "price": "6.09",
            "revenue": 143157
        },
        "2008-09": {
            "month": "2008-09",
            "price": "4.73",
            "revenue": 68473
        },
        "2008-10": {
            "month": "2008-10",
            "price": "4.19",
            "revenue": 97716
        },
        "2008-11": {
            "month": "2008-11",
            "price": "3.98",
            "revenue": 115200
        },
        "2008-12": {
            "month": "2008-12",
            "price": "4.10",
            "revenue": 104234
        },
        "2009-01": {
            "month": "2009-01",
            "price": "4.20",
            "revenue": 74171
        },
        "2009-02": {
            "month": "2009-02",
            "price": "3.93",
            "revenue": 29384
        },
        "2009-03": {
            "month": "2009-03",
            "price": "4.48",
            "revenue": 40521
        },
        "2009-04": {
            "month": "2009-04",
            "price": "5.52",
            "revenue": 78986
        },
        "2009-05": {
            "month": "2009-05",
            "price": "5.77",
            "revenue": 53671
        },
        "2009-06": {
            "month": "2009-06",
            "price": "5.73",
            "revenue": 50261
        },
        "2009-07": {
            "month": "2009-07",
            "price": "5.59",
            "revenue": 68456
        },
        "2009-08": {
            "month": "2009-08",
            "price": "5.88",
            "revenue": 73906
        },
        "2009-09": {
            "month": "2009-09",
            "price": "6.01",
            "revenue": 101277
        },
        "2009-10": {
            "month": "2009-10",
            "price": "7.15",
            "revenue": 113143
        },
        "2009-11": {
            "month": "2009-11",
            "price": "7.15",
            "revenue": 66093
        },
        "2009-12": {
            "month": "2009-12",
            "price": "8.09",
            "revenue": 105267
        },
        "2010-01": {
            "month": "2010-01",
            "price": "8.22",
            "revenue": 99048
        },
        "2010-02": {
            "month": "2010-02",
            "price": "7.21",
            "revenue": 58804
        },
        "2010-03": {
            "month": "2010-03",
            "price": "8.71",
            "revenue": 94142
        },
        "2010-04": {
            "month": "2010-04",
            "price": "10.53",
            "revenue": 102537
        },
        "2010-05": {
            "month": "2010-05",
            "price": "9.87",
            "revenue": 73027
        },
        "2010-06": {
            "month": "2010-06",
            "price": "9.37",
            "revenue": 87581
        },
        "2010-07": {
            "month": "2010-07",
            "price": "9.74",
            "revenue": 83041
        },
        "2010-08": {
            "month": "2010-08",
            "price": "9.91",
            "revenue": 89819
        },
        "2010-09": {
            "month": "2010-09",
            "price": "9.68",
            "revenue": 113464
        },
        "2010-10": {
            "month": "2010-10",
            "price": "9.41",
            "revenue": 75938
        },
        "2010-11": {
            "month": "2010-11",
            "price": "8.50",
            "revenue": 62763
        },
        "2010-12": {
            "month": "2010-12",
            "price": "8.55",
            "revenue": 102047
        },
        "2011-01": {
            "month": "2011-01",
            "price": "8.77",
            "revenue": 130497
        },
        "2011-02": {
            "month": "2011-02",
            "price": "8.68",
            "revenue": 54758
        },
        "2011-03": {
            "month": "2011-03",
            "price": "8.06",
            "revenue": 111771
        },
        "2011-04": {
            "month": "2011-04",
            "price": "8.14",
            "revenue": 78921
        },
        "2011-05": {
            "month": "2011-05",
            "price": "8.20",
            "revenue": 75481
        },
        "2011-06": {
            "month": "2011-06",
            "price": "7.79",
            "revenue": 100445
        },
        "2011-07": {
            "month": "2011-07",
            "price": "7.30",
            "revenue": 84823
        },
        "2011-08": {
            "month": "2011-08",
            "price": "6.86",
            "revenue": 69173
        },
        "2011-09": {
            "month": "2011-09",
            "price": "6.62",
            "revenue": 84717
        },
        "2011-10": {
            "month": "2011-10",
            "price": "7.01",
            "revenue": 72156
        },
        "2011-11": {
            "month": "2011-11",
            "price": "6.44",
            "revenue": 101947
        },
        "2011-12": {
            "month": "2011-12",
            "price": "5.81",
            "revenue": 77399
        },
        "2012-01": {
            "month": "2012-01",
            "price": "5.77",
            "revenue": 106830
        },
        "2012-02": {
            "month": "2012-02",
            "price": "6.65",
            "revenue": 92145
        },
        "2012-03": {
            "month": "2012-03",
            "price": "7.04",
            "revenue": 141384
        },
        "2012-04": {
            "month": "2012-04",
            "price": "5.95",
            "revenue": 123261
        },
        "2012-05": {
            "month": "2012-05",
            "price": "5.52",
            "revenue": 124979
        },
        "2012-06": {
            "month": "2012-06",
            "price": "5.36",
            "revenue": 99464
        },
        "2012-07": {
            "month": "2012-07",
            "price": "5.46",
            "revenue": 124438
        },
        "2012-08": {
            "month": "2012-08",
            "price": "5.54",
            "revenue": 127624
        },
        "2012-09": {
            "month": "2012-09",
            "price": "5.87",
            "revenue": 66711
        },
        "2012-10": {
            "month": "2012-10",
            "price": "5.80",
            "revenue": 144085
        },
        "2012-11": {
            "month": "2012-11",
            "price": "5.72",
            "revenue": 94714
        },
        "2012-12": {
            "month": "2012-12",
            "price": "6.41",
            "revenue": 130868
        },
        "2013-01": {
            "month": "2013-01",
            "price": "6.61",
            "revenue": 172296
        },
        "2013-02": {
            "month": "2013-02",
            "price": "6.88",
            "revenue": 110892
        },
        "2013-03": {
            "month": "2013-03",
            "price": "6.97",
            "revenue": 157087
        },
        "2013-04": {
            "month": "2013-04",
            "price": "7.74",
            "revenue": 145508
        },
        "2013-05": {
            "month": "2013-05",
            "price": "9.13",
            "revenue": 174839
        },
        "2013-06": {
            "month": "2013-06",
            "price": "9.79",
            "revenue": 144998
        },
        "2013-07": {
            "month": "2013-07",
            "price": "10.07",
            "revenue": 156372
        },
        "2013-08": {
            "month": "2013-08",
            "price": "13.93",
            "revenue": 168314
        },
        "2013-09": {
            "month": "2013-09",
            "price": "16.02",
            "revenue": 216645
        },
        "2013-10": {
            "month": "2013-10",
            "price": "20.32",
            "revenue": 202754
        },
        "2013-11": {
            "month": "2013-11",
            "price": "18.43",
            "revenue": 159330
        },
        "2013-12": {
            "month": "2013-12",
            "price": "19.75",
            "revenue": 144097
        },
        "2014-01": {
            "month": "2014-01",
            "price": "20.24",
            "revenue": 202717
        },
        "2014-02": {
            "month": "2014-02",
            "price": "20.91",
            "revenue": 143623
        },
        "2014-03": {
            "month": "2014-03",
            "price": "20.87",
            "revenue": 178626
        },
        "2014-04": {
            "month": "2014-04",
            "price": "21.81",
            "revenue": 278363
        },
        "2014-05": {
            "month": "2014-05",
            "price": "22.09",
            "revenue": 234976
        },
        "2014-06": {
            "month": "2014-06",
            "price": "22.00",
            "revenue": 256198
        },
        "2014-07": {
            "month": "2014-07",
            "price": "21.99",
            "revenue": 280426
        },
        "2014-08": {
            "month": "2014-08",
            "price": "21.79",
            "revenue": 224630
        },
        "2014-09": {
            "month": "2014-09",
            "price": "20.70",
            "revenue": 163777
        },
        "2014-10": {
            "month": "2014-10",
            "price": "16.55",
            "revenue": 152242
        },
        "2014-11": {
            "month": "2014-11",
            "price": "15.83",
            "revenue": 191064
        },
        "2014-12": {
            "month": "2014-12",
            "price": "17.64",
            "revenue": 196744
        },
        "2015-01": {
            "month": "2015-01",
            "price": "19.13",
            "revenue": 275229
        },
        "2015-02": {
            "month": "2015-02",
            "price": "20.59",
            "revenue": 207310
        },
        "2015-03": {
            "month": "2015-03",
            "price": "22.12",
            "revenue": 200435
        },
        "2015-04": {
            "month": "2015-04",
            "price": "20.59",
            "revenue": 183144
        },
        "2015-05": {
            "month": "2015-05",
            "price": "29.25",
            "revenue": 274293
        },
        "2015-06": {
            "month": "2015-06",
            "price": "39.18",
            "revenue": 253454
        },
        "2015-07": {
            "month": "2015-07",
            "price": "34.54",
            "revenue": 267901
        },
        "2015-08": {
            "month": "2015-08",
            "price": "34.04",
            "revenue": 242264
        },
        "2015-09": {
            "month": "2015-09",
            "price": "36.08",
            "revenue": 238769
        },
        "2015-10": {
            "month": "2015-10",
            "price": "36.40",
            "revenue": 224377
        },
        "2015-11": {
            "month": "2015-11",
            "price": "35.56",
            "revenue": 168031
        },
        "2015-12": {
            "month": "2015-12",
            "price": "30.82",
            "revenue": 221186
        },
        "2016-01": {
            "month": "2016-01",
            "price": "27.56",
            "revenue": 314530
        },
        "2016-02": {
            "month": "2016-02",
            "price": "32.72",
            "revenue": 188167
        },
        "2016-03": {
            "month": "2016-03",
            "price": "34.25",
            "revenue": 225848
        },
        "2016-04": {
            "month": "2016-04",
            "price": "29.67",
            "revenue": 258858
        },
        "2016-05": {
            "month": "2016-05",
            "price": "29.00",
            "revenue": 260572
        },
        "2016-06": {
            "month": "2016-06",
            "price": "30.90",
            "revenue": 218574
        },
        "2016-07": {
            "month": "2016-07",
            "price": "34.29",
            "revenue": 270080
        },
        "2016-08": {
            "month": "2016-08",
            "price": "31.62",
            "revenue": 290495
        },
        "2016-09": {
            "month": "2016-09",
            "price": "30.39",
            "revenue": 200329
        },
        "2016-10": {
            "month": "2016-10",
            "price": "26.69",
            "revenue": 260716
        },
        "2016-11": {
            "month": "2016-11",
            "price": "23.57",
            "revenue": 240832
        },
        "2016-12": {
            "month": "2016-12",
            "price": "26.79",
            "revenue": 263291
        },
        "2017-01": {
            "month": "2017-01",
            "price": "27.81",
            "revenue": 298311
        },
        "2017-02": {
            "month": "2017-02",
            "price": "27.14",
            "revenue": 223859
        },
        "2017-03": {
            "month": "2017-03",
            "price": "26.92",
            "revenue": 244239
        },
        "2017-04": {
            "month": "2017-04",
            "price": "25.06",
            "revenue": 235059
        },
        "2017-05": {
            "month": "2017-05",
            "price": "23.18",
            "revenue": 243499
        },
        "2017-06": {
            "month": "2017-06",
            "price": "22.66",
            "revenue": 245484
        },
        "2017-07": {
            "month": "2017-07",
            "price": "23.03",
            "revenue": 204365
        },
        "2017-08": {
            "month": "2017-08",
            "price": "22.59",
            "revenue": 214354
        },
        "2017-09": {
            "month": "2017-09",
            "price": "21.73",
            "revenue": 270982
        },
        "2017-10": {
            "month": "2017-10",
            "price": "22.74",
            "revenue": 234873
        },
        "2017-11": {
            "month": "2017-11",
            "price": "21.53",
            "revenue": 229036
        },
        "2017-12": {
            "month": "2017-12",
            "price": "20.57",
            "revenue": 190584
        },
        "2018-01": {
            "month": "2018-01",
            "price": "19.31",
            "revenue": 321833
        },
        "2018-02": {
            "month": "2018-02",
            "price": "17.84",
            "revenue": 195405
        },
        "2018-03": {
            "month": "2018-03",
            "price": "18.07",
            "revenue": 225765
        },
        "2018-04": {
            "month": "2018-04",
            "price": "17.64",
            "revenue": 202041
        },
        "2018-05": {
            "month": "2018-05",
            "price": "18.10",
            "revenue": 252376
        },
        "2018-06": {
            "month": "2018-06",
            "price": "19.20",
            "revenue": 224278
        },
        "2018-07": {
            "month": "2018-07",
            "price": "20.97",
            "revenue": 189471
        },
        "2018-08": {
            "month": "2018-08",
            "price": "23.95",
            "revenue": 240517
        },
        "2018-09": {
            "month": "2018-09",
            "price": "28.83",
            "revenue": 237233
        },
        "2018-10": {
            "month": "2018-10",
            "price": "24.86",
            "revenue": 189320
        },
        "2018-11": {
            "month": "2018-11",
            "price": "22.66",
            "revenue": 181321
        },
        "2018-12": {
            "month": "2018-12",
            "price": "23.22",
            "revenue": 137510
        },
        "2019-01": {
            "month": "2019-01",
            "price": "21.81",
            "revenue": 286948
        },
        "2019-02": {
            "month": "2019-02",
            "price": "23.59",
            "revenue": 142568
        },
        "2019-03": {
            "month": "2019-03",
            "price": "25.44",
            "revenue": 212366
        },
        "2019-04": {
            "month": "2019-04",
            "price": "25.22",
            "revenue": 188440
        },
        "2019-05": {
            "month": "2019-05",
            "price": "23.62",
            "revenue": 188676
        },
        "2019-06": {
            "month": "2019-06",
            "price": "23.94",
            "revenue": 193732
        },
        "2019-07": {
            "month": "2019-07",
            "price": "24.37",
            "revenue": 182674
        },
        "2019-08": {
            "month": "2019-08",
            "price": "23.27",
            "revenue": 117691
        },
        "2019-09": {
            "month": "2019-09",
            "price": "20.93",
            "revenue": 186804
        },
        "2019-10": {
            "month": "2019-10",
            "price": "19.95",
            "revenue": 160369
        },
        "2019-11": {
            "month": "2019-11",
            "price": "20.01",
            "revenue": 159709
        },
        "2019-12": {
            "month": "2019-12",
            "price": "19.99",
            "revenue": 175847
        },
        "2020-01": {
            "month": "2020-01",
            "price": "20.01",
            "revenue": 164226
        },
        "2020-02": {
            "month": "2020-02",
            "price": "18.86",
            "revenue": 101242
        },
        "2020-03": {
            "month": "2020-03",
            "price": "14.73",
            "revenue": 189668
        },
        "2020-04": {
            "month": "2020-04",
            "price": "14.72",
            "revenue": 157734
        },
        "2020-05": {
            "month": "2020-05",
            "price": "16.58",
            "revenue": 168045
        },
        "2020-06": {
            "month": "2020-06",
            "price": "17.80",
            "revenue": 163862
        },
        "2020-07": {
            "month": "2020-07",
            "price": "17.82",
            "revenue": 206821
        },
        "2020-08": {
            "month": "2020-08",
            "price": "19.99",
            "revenue": 198573
        },
        "2020-09": {
            "month": "2020-09",
            "price": "21.95",
            "revenue": 215803
        },
        "2020-10": {
            "month": "2020-10",
            "price": "20.91",
            "revenue": 276238
        },
        "2020-11": {
            "month": "2020-11",
            "price": "19.72",
            "revenue": 214757
        },
        "2020-12": {
            "month": "2020-12",
            "price": "19.62",
            "revenue": 236566
        },
        "2021-01": {
            "month": "2021-01",
            "price": "18.53",
            "revenue": 209247
        },
        "2021-02": {
            "month": "2021-02",
            "price": "18.59",
            "revenue": 189094
        },
        "2021-03": {
            "month": "2021-03",
            "price": "19.30",
            "revenue": 217037
        },
        "2021-04": {
            "month": "2021-04",
            "price": "20.89",
            "revenue": 243445
        },
        "2021-05": {
            "month": "2021-05",
            "price": "18.15",
            "revenue": 272787
        },
        "2021-06": {
            "month": "2021-06",
            "price": "18.06",
            "revenue": 223175
        },
        "2021-07": {
            "month": "2021-07",
            "price": "17.90",
            "revenue": 315567
        },
        "2021-08": {
            "month": "2021-08",
            "price": "17.30",
            "revenue": 241574
        },
        "2021-09": {
            "month": "2021-09",
            "price": "16.92",
            "revenue": 290452
        },
        "2021-10": {
            "month": "2021-10",
            "price": "17.49",
            "revenue": 326922
        },
        "2021-11": {
            "month": "2021-11",
            "price": "19.34",
            "revenue": 324837
        },
        "2021-12": {
            "month": "2021-12",
            "price": "22.25",
            "revenue": 294709
        },
        "2022-01": {
            "month": "2022-01",
            "price": "20.34",
            "revenue": 320702
        },
        "2022-02": {
            "month": "2022-02",
            "price": "19.44",
            "revenue": 219689
        },
        "2022-03": {
            "month": "2022-03",
            "price": "18.71",
            "revenue": 279659
        },
        "2022-04": {
            "month": "2022-04",
            "price": "20.17",
            "revenue": 231345
        },
        "2022-05": {
            "month": "2022-05",
            "price": "24.22",
            "revenue": 235813
        },
        "2022-06": {
            "month": "2022-06",
            "price": "30.20",
            "revenue": 272970
        },
        "2022-07": {
            "month": "2022-07",
            "price": "28.31",
            "revenue": 232621
        },
        "2022-08": {
            "month": "2022-08",
            "price": "39.38",
            "revenue": 214396
        },
        "2022-09": {
            "month": "2022-09",
            "price": "36.38",
            "revenue": 201775
        },
        "2022-10": {
            "month": "2022-10",
            "price": "28.16",
            "revenue": 112048
        },
        "2022-11": {
            "month": "2022-11",
            "price": "31.02",
            "revenue": 103592
        },
        "2022-12": {
            "month": "2022-12",
            "price": "30.32",
            "revenue": 76708
        },
        "2023-01": {
            "month": "2023-01",
            "price": "28.53",
            "revenue": 90674
        },
        "2023-02": {
            "month": "2023-02",
            "price": "29.18",
            "revenue": 51681
        },
        "2023-03": {
            "month": "2023-03",
            "price": "31.22",
            "revenue": 111617
        },
        "2023-04": {
            "month": "2023-04",
            "price": "30.29",
            "revenue": 151212
        },
        "2023-05": {
            "month": "2023-05",
            "price": "28.25",
            "revenue": 155084
        }
    }
}
