{
    "summary": {
        "stock_name": "錩泰",
        "stock_id": "1541",
        "category": "電機機械",
        "main_business": "主要經營手工具、電腦機械、馬達、電動工具、自動控制系統。<br>電動測試儀器、木工機械及五金零件之製造加工及買賣業務。",
        "website_url": "http://www.toty.com.tw",
        "ceo": "張經金",
        "pe_ratio": 21,
        "report_year_from": 2001,
        "report_year_to": 2023,
        "age": 23,
        "eps_negative_percentage": 17,
        "eps_growth_avg": {
            "last_all": -4.58,
            "last_2y": -33.69,
            "last_4y": 16.15,
            "last_8y": 8.12,
            "last_12y": -2.69,
            "last_16y": 2.78,
            "last_20y": -10.73,
            "at_2006_last_3y": -73.82,
            "at_2007_last_3y": -30.74,
            "at_2008_last_3y": -18.55,
            "at_2009_last_3y": 48.12,
            "at_2010_last_3y": 16.48,
            "at_2011_last_3y": -33.52,
            "at_2012_last_3y": -26.14,
            "at_2013_last_3y": -89.21,
            "at_2014_last_3y": -100,
            "at_2015_last_3y": 73.91,
            "at_2016_last_3y": 47.65,
            "at_2017_last_3y": 11.48,
            "at_2018_last_3y": -1.92,
            "at_2019_last_3y": 4.6,
            "at_2020_last_3y": 19.71,
            "at_2021_last_3y": 26.31,
            "at_2022_last_3y": 34.53,
            "at_2023_last_3y": -4.82,
            "at_2024_last_3y": -4.82,
            "at_2006_last_all": -30.36,
            "at_2007_last_all": -4.29,
            "at_2008_last_all": -12.85,
            "at_2009_last_all": 3.27,
            "at_2010_last_all": -6.94,
            "at_2011_last_all": -17.28,
            "at_2012_last_all": -17.28,
            "at_2013_last_all": -17.28,
            "at_2014_last_all": -17.28,
            "at_2015_last_all": -8.16,
            "at_2016_last_all": -5.48,
            "at_2017_last_all": -10.09,
            "at_2018_last_all": -12.55,
            "at_2019_last_all": -4.51,
            "at_2020_last_all": 1.24,
            "at_2021_last_all": -0.99,
            "at_2022_last_all": -1.48,
            "at_2023_last_all": -4.58,
            "at_2024_last_all": -4.58
        },
        "latest_eps": 1.46,
        "latest_price": 31.35,
        "latest_roe": 6.08,
        "latest_gross_margin": 20.39,
        "latest_equity": 1911182,
        "latest_revenue": 1089918,
        "latest_gross_profit": 222271,
        "latest_net_income": 38583,
        "latest_debt_ratio": 51.96,
        "latest_current_ratio": 175.02,
        "latest_account_receivable_turnover_ratio": 0.9,
        "latest_inventory_turnover_ratio": 0.72,
        "latest_reinvestment_rate": -2.92,
        "latest_research_to_sale_ratio": 0.39
    },
    "eps_dividends": {
        "1943": {
            "cash": 0.85,
            "stock": 1.05,
            "eps": 0
        },
        "2001": {
            "cash": 0,
            "stock": 0,
            "eps": 0.65
        },
        "2002": {
            "cash": 0,
            "stock": 0,
            "eps": 2.36
        },
        "2003": {
            "cash": 0,
            "stock": 0,
            "eps": 1.67
        },
        "2004": {
            "cash": 1.28,
            "stock": 0.1,
            "eps": 0.13
        },
        "2005": {
            "cash": 0,
            "stock": 0,
            "eps": -0.53
        },
        "2006": {
            "cash": 0,
            "stock": 0,
            "eps": 0.18
        },
        "2007": {
            "cash": 0,
            "stock": 0,
            "eps": 1.15
        },
        "2008": {
            "cash": 0.1,
            "stock": 0.5,
            "eps": 0.51
        },
        "2009": {
            "cash": 0,
            "stock": 0,
            "eps": 2.41
        },
        "2010": {
            "cash": 0.98,
            "stock": 0.98,
            "eps": 0.52
        },
        "2011": {
            "cash": 0,
            "stock": 0,
            "eps": -0.06
        },
        "2012": {
            "cash": 0,
            "stock": 0,
            "eps": -1.02
        },
        "2013": {
            "cash": 0,
            "stock": 0,
            "eps": -0.29
        },
        "2014": {
            "cash": 0,
            "stock": 0,
            "eps": 2.07
        },
        "2015": {
            "cash": 1.71,
            "stock": 0,
            "eps": 3.6
        },
        "2016": {
            "cash": 3.21,
            "stock": 0,
            "eps": 4.37
        },
        "2017": {
            "cash": 3.3,
            "stock": 0,
            "eps": 1.71
        },
        "2018": {
            "cash": 1.5,
            "stock": 0,
            "eps": 0.99
        },
        "2019": {
            "cash": 1,
            "stock": 0,
            "eps": 3.19
        },
        "2020": {
            "cash": 0,
            "stock": 0,
            "eps": 5.8
        },
        "2021": {
            "cash": 3,
            "stock": 0,
            "eps": 3.8
        },
        "2022": {
            "cash": 2.5,
            "stock": 0,
            "eps": 3.45
        },
        "2023": {
            "cash": 1,
            "stock": 0,
            "eps": 1.47
        },
        "2024": {
            "cash": 0.5,
            "stock": 0,
            "eps": 0
        }
    },
    "dividends": {
        "1943-03-25": {
            "cash": 0.85,
            "stock": 1.05
        },
        "2004-04-23": {
            "cash": 1.28,
            "stock": 0.1
        },
        "2008-03-24": {
            "cash": 0.1,
            "stock": 0.5
        },
        "2010-03-29": {
            "cash": 0.98,
            "stock": 0.98
        },
        "2015-09-18": {
            "cash": 1.71,
            "stock": 0
        },
        "2016-09-22": {
            "cash": 3.21,
            "stock": 0
        },
        "2017-09-20": {
            "cash": 3.3,
            "stock": 0
        },
        "2018-09-20": {
            "cash": 1.5,
            "stock": 0
        },
        "2019-09-20": {
            "cash": 1,
            "stock": 0
        },
        "2021-10-28": {
            "cash": 3,
            "stock": 0
        },
        "2022-09-20": {
            "cash": 2.5,
            "stock": 0
        },
        "2023-08-24": {
            "cash": 1,
            "stock": 0
        },
        "2024-03-14": {
            "cash": 0.5,
            "stock": 0
        }
    },
    "prices": {
        "200101": "無",
        "200102": "無",
        "200103": "無",
        "200104": "無",
        "200105": "無",
        "200106": "無",
        "200107": "無",
        "200108": "無",
        "200109": "無",
        "200110": "無",
        "200111": "無",
        "200112": "無",
        "200201": "無",
        "200202": "無",
        "200203": "無",
        "200204": "無",
        "200205": "無",
        "200206": "無",
        "200207": "無",
        "200208": "無",
        "200209": "無",
        "200210": "無",
        "200211": "無",
        "200212": "無",
        "200301": "無",
        "200302": "無",
        "200303": "33.93",
        "200304": "33.02",
        "200305": "30.50",
        "200306": "27.81",
        "200307": "26.32",
        "200308": "25.18",
        "200309": "24.22",
        "200310": "23.11",
        "200311": "23.75",
        "200312": "23.40",
        "200401": "23.25",
        "200402": "23.98",
        "200403": "23.28",
        "200404": "22.50",
        "200405": "17.81",
        "200406": "17.43",
        "200407": "16.50",
        "200408": "15.67",
        "200409": "14.79",
        "200410": "14.14",
        "200411": "13.91",
        "200412": "13.95",
        "200501": "14.06",
        "200502": "13.87",
        "200503": "13.10",
        "200504": "12.65",
        "200505": "12.69",
        "200506": "11.95",
        "200507": "11.53",
        "200508": "11.35",
        "200509": "9.60",
        "200510": "9.23",
        "200511": "9.35",
        "200512": "9.57",
        "200601": "9.84",
        "200602": "10.22",
        "200603": "9.79",
        "200604": "9.57",
        "200605": "9.32",
        "200606": "8.74",
        "200607": "8.63",
        "200608": "8.95",
        "200609": "8.18",
        "200610": "8.23",
        "200611": "8.98",
        "200612": "10.00",
        "200701": "10.60",
        "200702": "10.66",
        "200703": "15.01",
        "200704": "22.30",
        "200705": "17.46",
        "200706": "19.44",
        "200707": "20.62",
        "200708": "17.68",
        "200709": "17.39",
        "200710": "16.21",
        "200711": "13.66",
        "200712": "12.55",
        "200801": "11.78",
        "200802": "10.97",
        "200803": "11.65",
        "200804": "12.75",
        "200805": "13.63",
        "200806": "11.33",
        "200807": "9.12",
        "200808": "8.44",
        "200809": "7.24",
        "200810": "6.61",
        "200811": "6.18",
        "200812": "6.06",
        "200901": "5.95",
        "200902": "6.10",
        "200903": "8.48",
        "200904": "8.68",
        "200905": "10.58",
        "200906": "11.05",
        "200907": "11.42",
        "200908": "12.44",
        "200909": "19.47",
        "200910": "22.78",
        "200911": "23.66",
        "200912": "23.39",
        "201001": "22.01",
        "201002": "18.59",
        "201003": "19.46",
        "201004": "26.58",
        "201005": "20.99",
        "201006": "21.20",
        "201007": "21.44",
        "201008": "22.26",
        "201009": "20.59",
        "201010": "17.79",
        "201011": "15.01",
        "201012": "17.09",
        "201101": "17.91",
        "201102": "16.54",
        "201103": "15.74",
        "201104": "15.42",
        "201105": "14.22",
        "201106": "12.96",
        "201107": "12.62",
        "201108": "9.85",
        "201109": "9.02",
        "201110": "8.61",
        "201111": "8.79",
        "201112": "8.49",
        "201201": "8.85",
        "201202": "11.14",
        "201203": "14.10",
        "201204": "12.33",
        "201205": "11.54",
        "201206": "10.90",
        "201207": "10.86",
        "201208": "11.48",
        "201209": "11.73",
        "201210": "11.20",
        "201211": "10.01",
        "201212": "10.23",
        "201301": "10.78",
        "201302": "10.62",
        "201303": "10.30",
        "201304": "10.06",
        "201305": "10.31",
        "201306": "10.69",
        "201307": "10.80",
        "201308": "11.92",
        "201309": "12.68",
        "201310": "14.77",
        "201311": "13.63",
        "201312": "13.38",
        "201401": "14.12",
        "201402": "16.36",
        "201403": "17.55",
        "201404": "17.95",
        "201405": "19.44",
        "201406": "18.20",
        "201407": "17.80",
        "201408": "17.95",
        "201409": "16.45",
        "201410": "16.29",
        "201411": "15.77",
        "201412": "16.15",
        "201501": "17.12",
        "201502": "17.37",
        "201503": "17.78",
        "201504": "22.18",
        "201505": "22.36",
        "201506": "21.30",
        "201507": "19.34",
        "201508": "23.02",
        "201509": "41.96",
        "201510": "53.39",
        "201511": "57.02",
        "201512": "42.85",
        "201601": "42.77",
        "201602": "54.05",
        "201603": "54.19",
        "201604": "60.57",
        "201605": "55.45",
        "201606": "57.04",
        "201607": "62.12",
        "201608": "57.25",
        "201609": "55.54",
        "201610": "48.40",
        "201611": "44.49",
        "201612": "50.75",
        "201701": "59.11",
        "201702": "60.08",
        "201703": "62.20",
        "201704": "59.31",
        "201705": "56.17",
        "201706": "52.22",
        "201707": "51.17",
        "201708": "52.89",
        "201709": "48.78",
        "201710": "46.39",
        "201711": "47.12",
        "201712": "46.44",
        "201801": "45.70",
        "201802": "43.17",
        "201803": "44.04",
        "201804": "38.95",
        "201805": "35.52",
        "201806": "38.16",
        "201807": "38.04",
        "201808": "35.93",
        "201809": "31.38",
        "201810": "27.55",
        "201811": "29.25",
        "201812": "31.36",
        "201901": "30.26",
        "201902": "29.72",
        "201903": "29.90",
        "201904": "29.20",
        "201905": "27.91",
        "201906": "33.51",
        "201907": "36.33",
        "201908": "35.24",
        "201909": "35.49",
        "201910": "34.83",
        "201911": "37.69",
        "201912": "36.99",
        "202001": "36.24",
        "202002": "36.47",
        "202003": "31.08",
        "202004": "30.62",
        "202005": "37.69",
        "202006": "38.07",
        "202007": "43.02",
        "202008": "52.90",
        "202009": "55.74",
        "202010": "52.50",
        "202011": "51.61",
        "202012": "53.99",
        "202101": "53.10",
        "202102": "53.75",
        "202103": "55.43",
        "202104": "59.71",
        "202105": "50.36",
        "202106": "50.10",
        "202107": "49.98",
        "202108": "45.14",
        "202109": "46.43",
        "202110": "44.31",
        "202111": "43.46",
        "202112": "43.55",
        "202201": "43.13",
        "202202": "43.21",
        "202203": "43.21",
        "202204": "44.16",
        "202205": "46.91",
        "202206": "49.53",
        "202207": "36.26",
        "202208": "38.40",
        "202209": "34.52",
        "202210": "31.01",
        "202211": "33.53",
        "202212": "34.11",
        "202301": "33.46",
        "202302": "35.58",
        "202303": "35.80",
        "202304": "34.78",
        "202305": "34.36",
        "202306": "36.28",
        "202307": "36.65",
        "202308": "32.86",
        "202309": "30.91",
        "202310": "30.36",
        "202311": "33.35",
        "202312": "32.93"
    },
    "quarters": {
        "20011": {
            "year_quarter": 20011,
            "year": 2001,
            "quarter": 1,
            "eps": 0.07,
            "eps_growth_year": null,
            "eps_4q": null,
            "eps_4q_growth_year": null,
            "roe": 0.54,
            "roe_4q": 0.54,
            "gross_profit": 39032,
            "gross_margin": 18.36,
            "gross_margin_4q_avg": 18.36,
            "net_income": 2730,
            "net_income_4q": null,
            "revenue": 212551,
            "revenue_4q": null,
            "common_shares": 368240,
            "book_valuer_per_share": 13.85,
            "book_valuer_per_share_4q_avg": 13.85,
            "equity": 510075,
            "current_ratio": 144.83,
            "debt_ratio": 47.93,
            "inventory_turnover_ratio": 1.23,
            "account_receivable_turnover_ratio": null,
            "reinvestment_rate": null,
            "research_to_sale_ratio": null,
            "price_fair": 0,
            "eps_avg_yearly": 0,
            "eps_latest_yearly": 0,
            "eps_growth_yearly": 0
        },
        "20012": {
            "year_quarter": 20012,
            "year": 2001,
            "quarter": 2,
            "eps": null,
            "eps_growth_year": null,
            "eps_4q": null,
            "eps_4q_growth_year": null,
            "roe": null,
            "roe_4q": 0.54,
            "gross_profit": null,
            "gross_margin": null,
            "gross_margin_4q_avg": 9.18,
            "net_income": null,
            "net_income_4q": null,
            "revenue": null,
            "revenue_4q": null,
            "common_shares": null,
            "book_valuer_per_share": null,
            "book_valuer_per_share_4q_avg": 6.93,
            "equity": null,
            "current_ratio": null,
            "debt_ratio": null,
            "inventory_turnover_ratio": null,
            "account_receivable_turnover_ratio": null,
            "reinvestment_rate": null,
            "research_to_sale_ratio": null,
            "price_fair": 0,
            "eps_avg_yearly": 0,
            "eps_latest_yearly": 0,
            "eps_growth_yearly": 0
        },
        "20013": {
            "year_quarter": 20013,
            "year": 2001,
            "quarter": 3,
            "eps": null,
            "eps_growth_year": null,
            "eps_4q": null,
            "eps_4q_growth_year": null,
            "roe": null,
            "roe_4q": 0.54,
            "gross_profit": null,
            "gross_margin": null,
            "gross_margin_4q_avg": 6.12,
            "net_income": null,
            "net_income_4q": null,
            "revenue": null,
            "revenue_4q": null,
            "common_shares": null,
            "book_valuer_per_share": null,
            "book_valuer_per_share_4q_avg": 4.62,
            "equity": null,
            "current_ratio": null,
            "debt_ratio": null,
            "inventory_turnover_ratio": null,
            "account_receivable_turnover_ratio": null,
            "reinvestment_rate": null,
            "research_to_sale_ratio": null,
            "price_fair": 0,
            "eps_avg_yearly": 0,
            "eps_latest_yearly": 0,
            "eps_growth_yearly": 0
        },
        "20014": {
            "year_quarter": 20014,
            "year": 2001,
            "quarter": 4,
            "eps": 0.58,
            "eps_growth_year": null,
            "eps_4q": null,
            "eps_4q_growth_year": null,
            "roe": 4.33,
            "roe_4q": 4.87,
            "gross_profit": 76264,
            "gross_margin": 18.07,
            "gross_margin_4q_avg": 9.11,
            "net_income": 28046,
            "net_income_4q": null,
            "revenue": 421984,
            "revenue_4q": null,
            "common_shares": 480030,
            "book_valuer_per_share": 13.51,
            "book_valuer_per_share_4q_avg": 6.84,
            "equity": 648429,
            "current_ratio": 178.07,
            "debt_ratio": 41.36,
            "inventory_turnover_ratio": 2.57,
            "account_receivable_turnover_ratio": null,
            "reinvestment_rate": null,
            "research_to_sale_ratio": null,
            "price_fair": 0,
            "eps_avg_yearly": 0,
            "eps_latest_yearly": 0,
            "eps_growth_yearly": 0
        },
        "20021": {
            "year_quarter": 20021,
            "year": 2002,
            "quarter": 1,
            "eps": 0.5,
            "eps_growth_year": 614.29,
            "eps_4q": null,
            "eps_4q_growth_year": null,
            "roe": 3.66,
            "roe_4q": 7.99,
            "gross_profit": 52333,
            "gross_margin": 20,
            "gross_margin_4q_avg": 9.52,
            "net_income": 24189,
            "net_income_4q": null,
            "revenue": 261616,
            "revenue_4q": null,
            "common_shares": 480030,
            "book_valuer_per_share": 14.01,
            "book_valuer_per_share_4q_avg": 6.88,
            "equity": 672619,
            "current_ratio": 245.38,
            "debt_ratio": 28.22,
            "inventory_turnover_ratio": 1.65,
            "account_receivable_turnover_ratio": null,
            "reinvestment_rate": null,
            "research_to_sale_ratio": null,
            "price_fair": 6,
            "eps_avg_yearly": 2,
            "eps_latest_yearly": 2,
            "eps_growth_yearly": -55.17
        },
        "20022": {
            "year_quarter": 20022,
            "year": 2002,
            "quarter": 2,
            "eps": 0.36,
            "eps_growth_year": null,
            "eps_4q": null,
            "eps_4q_growth_year": null,
            "roe": 3.18,
            "roe_4q": 11.17,
            "gross_profit": 79934,
            "gross_margin": 19.52,
            "gross_margin_4q_avg": 14.4,
            "net_income": 21694,
            "net_income_4q": null,
            "revenue": 409452,
            "revenue_4q": null,
            "common_shares": 605037,
            "book_valuer_per_share": 11.42,
            "book_valuer_per_share_4q_avg": 9.74,
            "equity": 690712,
            "current_ratio": 218.77,
            "debt_ratio": 32.44,
            "inventory_turnover_ratio": 2.55,
            "account_receivable_turnover_ratio": null,
            "reinvestment_rate": null,
            "research_to_sale_ratio": null,
            "price_fair": 5.16,
            "eps_avg_yearly": 1.72,
            "eps_latest_yearly": 1.44,
            "eps_growth_yearly": -83.59
        },
        "20023": {
            "year_quarter": 20023,
            "year": 2002,
            "quarter": 3,
            "eps": 0.86,
            "eps_growth_year": null,
            "eps_4q": 2.08,
            "eps_4q_growth_year": null,
            "roe": 7.25,
            "roe_4q": 18.42,
            "gross_profit": 101733,
            "gross_margin": 21.93,
            "gross_margin_4q_avg": 19.88,
            "net_income": 51939,
            "net_income_4q": null,
            "revenue": 463857,
            "revenue_4q": null,
            "common_shares": 605037,
            "book_valuer_per_share": 12.27,
            "book_valuer_per_share_4q_avg": 12.8,
            "equity": 742652,
            "current_ratio": 227.67,
            "debt_ratio": 31.27,
            "inventory_turnover_ratio": 2.47,
            "account_receivable_turnover_ratio": null,
            "reinvestment_rate": null,
            "research_to_sale_ratio": null,
            "price_fair": 80.27,
            "eps_avg_yearly": 2.29,
            "eps_latest_yearly": 3.44,
            "eps_growth_yearly": 129.46
        },
        "20024": {
            "year_quarter": 20024,
            "year": 2002,
            "quarter": 4,
            "eps": 0.64,
            "eps_growth_year": 10.34,
            "eps_4q": 2.27,
            "eps_4q_growth_year": null,
            "roe": 5.05,
            "roe_4q": 19.14,
            "gross_profit": 74201,
            "gross_margin": 18.36,
            "gross_margin_4q_avg": 19.95,
            "net_income": 38437,
            "net_income_4q": null,
            "revenue": 404126,
            "revenue_4q": null,
            "common_shares": 605037,
            "book_valuer_per_share": 12.91,
            "book_valuer_per_share_4q_avg": 12.65,
            "equity": 781088,
            "current_ratio": 223.13,
            "debt_ratio": 29.23,
            "inventory_turnover_ratio": 2.22,
            "account_receivable_turnover_ratio": null,
            "reinvestment_rate": null,
            "research_to_sale_ratio": null,
            "price_fair": 82.6,
            "eps_avg_yearly": 2.36,
            "eps_latest_yearly": 2.56,
            "eps_growth_yearly": 71.51
        },
        "20031": {
            "year_quarter": 20031,
            "year": 2003,
            "quarter": 1,
            "eps": 0.32,
            "eps_growth_year": -36,
            "eps_4q": 2.16,
            "eps_4q_growth_year": null,
            "roe": 2.46,
            "roe_4q": 17.94,
            "gross_profit": 52681,
            "gross_margin": 15.81,
            "gross_margin_4q_avg": 18.91,
            "net_income": 19448,
            "net_income_4q": null,
            "revenue": 333133,
            "revenue_4q": null,
            "common_shares": 605037,
            "book_valuer_per_share": 13.23,
            "book_valuer_per_share_4q_avg": 12.46,
            "equity": 800537,
            "current_ratio": 195.45,
            "debt_ratio": 34.12,
            "inventory_turnover_ratio": 1.83,
            "account_receivable_turnover_ratio": null,
            "reinvestment_rate": null,
            "research_to_sale_ratio": null,
            "price_fair": 58.34,
            "eps_avg_yearly": 2.14,
            "eps_latest_yearly": 1.28,
            "eps_growth_yearly": 17.21
        },
        "20032": {
            "year_quarter": 20032,
            "year": 2003,
            "quarter": 2,
            "eps": 0.23,
            "eps_growth_year": -36.11,
            "eps_4q": 1.86,
            "eps_4q_growth_year": null,
            "roe": 1.99,
            "roe_4q": 16.75,
            "gross_profit": 51179,
            "gross_margin": 14.3,
            "gross_margin_4q_avg": 17.6,
            "net_income": 15520,
            "net_income_4q": null,
            "revenue": 357892,
            "revenue_4q": null,
            "common_shares": 605037,
            "book_valuer_per_share": 12.57,
            "book_valuer_per_share_4q_avg": 12.75,
            "equity": 760528,
            "current_ratio": 174.98,
            "debt_ratio": 37.5,
            "inventory_turnover_ratio": 1.65,
            "account_receivable_turnover_ratio": null,
            "reinvestment_rate": null,
            "research_to_sale_ratio": null,
            "price_fair": 5.82,
            "eps_avg_yearly": 1.94,
            "eps_latest_yearly": 0.92,
            "eps_growth_yearly": -4.41
        },
        "20033": {
            "year_quarter": 20033,
            "year": 2003,
            "quarter": 3,
            "eps": 0.54,
            "eps_growth_year": -37.21,
            "eps_4q": 1.63,
            "eps_4q_growth_year": -21.63,
            "roe": 4.66,
            "roe_4q": 14.16,
            "gross_profit": 92823,
            "gross_margin": 16.28,
            "gross_margin_4q_avg": 16.19,
            "net_income": 36255,
            "net_income_4q": null,
            "revenue": 570033,
            "revenue_4q": null,
            "common_shares": 672166,
            "book_valuer_per_share": 11.85,
            "book_valuer_per_share_4q_avg": 12.64,
            "equity": 796784,
            "current_ratio": 164.55,
            "debt_ratio": 41.53,
            "inventory_turnover_ratio": 2.35,
            "account_receivable_turnover_ratio": null,
            "reinvestment_rate": null,
            "research_to_sale_ratio": null,
            "price_fair": 69,
            "eps_avg_yearly": 1.97,
            "eps_latest_yearly": 2.16,
            "eps_growth_yearly": 73.24
        },
        "20034": {
            "year_quarter": 20034,
            "year": 2003,
            "quarter": 4,
            "eps": 0.58,
            "eps_growth_year": -9.38,
            "eps_4q": 1.64,
            "eps_4q_growth_year": -27.62,
            "roe": 4.77,
            "roe_4q": 13.879999999999999,
            "gross_profit": 72836,
            "gross_margin": 13.23,
            "gross_margin_4q_avg": 14.91,
            "net_income": 38896,
            "net_income_4q": null,
            "revenue": 550596,
            "revenue_4q": null,
            "common_shares": 672166,
            "book_valuer_per_share": 12.43,
            "book_valuer_per_share_4q_avg": 12.52,
            "equity": 835679,
            "current_ratio": 236,
            "debt_ratio": 58.29,
            "inventory_turnover_ratio": 2.13,
            "account_receivable_turnover_ratio": null,
            "reinvestment_rate": null,
            "research_to_sale_ratio": null,
            "price_fair": 70.53,
            "eps_avg_yearly": 2.02,
            "eps_latest_yearly": 2.32,
            "eps_growth_yearly": 67.79
        },
        "20041": {
            "year_quarter": 20041,
            "year": 2004,
            "quarter": 1,
            "eps": 0.03,
            "eps_growth_year": -90.62,
            "eps_4q": 1.23,
            "eps_4q_growth_year": -43.34,
            "roe": 0.27,
            "roe_4q": 11.69,
            "gross_profit": 62425,
            "gross_margin": 11.87,
            "gross_margin_4q_avg": 13.92,
            "net_income": 2274,
            "net_income_4q": null,
            "revenue": 525978,
            "revenue_4q": null,
            "common_shares": 672166,
            "book_valuer_per_share": 12.47,
            "book_valuer_per_share_4q_avg": 12.33,
            "equity": 837954,
            "current_ratio": 238.53,
            "debt_ratio": 58.05,
            "inventory_turnover_ratio": 1.71,
            "account_receivable_turnover_ratio": null,
            "reinvestment_rate": null,
            "research_to_sale_ratio": null,
            "price_fair": 50.73,
            "eps_avg_yearly": 1.8,
            "eps_latest_yearly": 0.12,
            "eps_growth_yearly": 18.11
        },
        "20042": {
            "year_quarter": 20042,
            "year": 2004,
            "quarter": 2,
            "eps": 0.56,
            "eps_growth_year": 143.48,
            "eps_4q": 1.69,
            "eps_4q_growth_year": -9.05,
            "roe": 4.72,
            "roe_4q": 14.42,
            "gross_profit": 61886,
            "gross_margin": 10.14,
            "gross_margin_4q_avg": 12.88,
            "net_income": 38392,
            "net_income_4q": null,
            "revenue": 610426,
            "revenue_4q": null,
            "common_shares": 672166,
            "book_valuer_per_share": 11.72,
            "book_valuer_per_share_4q_avg": 12.12,
            "equity": 787808,
            "current_ratio": 218.37,
            "debt_ratio": 60.62,
            "inventory_turnover_ratio": 1.9,
            "account_receivable_turnover_ratio": null,
            "reinvestment_rate": null,
            "research_to_sale_ratio": null,
            "price_fair": 64.68,
            "eps_avg_yearly": 1.85,
            "eps_latest_yearly": 2.24,
            "eps_growth_yearly": 722.97
        },
        "20043": {
            "year_quarter": 20043,
            "year": 2004,
            "quarter": 3,
            "eps": 0.33,
            "eps_growth_year": -38.89,
            "eps_4q": 1.49,
            "eps_4q_growth_year": -8.67,
            "roe": 2.83,
            "roe_4q": 12.59,
            "gross_profit": 53508,
            "gross_margin": 11.21,
            "gross_margin_4q_avg": 11.61,
            "net_income": 22601,
            "net_income_4q": null,
            "revenue": 477366,
            "revenue_4q": null,
            "common_shares": 682778,
            "book_valuer_per_share": 11.88,
            "book_valuer_per_share_4q_avg": 12.13,
            "equity": 811323,
            "current_ratio": 219.42,
            "debt_ratio": 59.7,
            "inventory_turnover_ratio": 1.42,
            "account_receivable_turnover_ratio": null,
            "reinvestment_rate": null,
            "research_to_sale_ratio": null,
            "price_fair": 63,
            "eps_avg_yearly": 1.8,
            "eps_latest_yearly": 1.32,
            "eps_growth_yearly": 642.31
        },
        "20044": {
            "year_quarter": 20044,
            "year": 2004,
            "quarter": 4,
            "eps": -0.79,
            "eps_growth_year": -236.21,
            "eps_4q": 0.15,
            "eps_4q_growth_year": -90.87,
            "roe": -6.87,
            "roe_4q": 0.9499999999999997,
            "gross_profit": 31918,
            "gross_margin": 4.42,
            "gross_margin_4q_avg": 9.41,
            "net_income": -53862,
            "net_income_4q": null,
            "revenue": 721664,
            "revenue_4q": null,
            "common_shares": 682778,
            "book_valuer_per_share": 11.09,
            "book_valuer_per_share_4q_avg": 11.79,
            "equity": 757460,
            "current_ratio": 205.28,
            "debt_ratio": 61.92,
            "inventory_turnover_ratio": 2.44,
            "account_receivable_turnover_ratio": null,
            "reinvestment_rate": null,
            "research_to_sale_ratio": null,
            "price_fair": 63,
            "eps_avg_yearly": 1.8,
            "eps_latest_yearly": 1.32,
            "eps_growth_yearly": 642.31
        },
        "20051": {
            "year_quarter": 20051,
            "year": 2005,
            "quarter": 1,
            "eps": -0.41,
            "eps_growth_year": -1466.67,
            "eps_4q": -0.31,
            "eps_4q_growth_year": -124.97,
            "roe": -3.79,
            "roe_4q": -3.1100000000000003,
            "gross_profit": 15900,
            "gross_margin": 3.47,
            "gross_margin_4q_avg": 7.31,
            "net_income": -28147,
            "net_income_4q": null,
            "revenue": 458286,
            "revenue_4q": null,
            "common_shares": 682778,
            "book_valuer_per_share": 10.68,
            "book_valuer_per_share_4q_avg": 11.34,
            "equity": 729314,
            "current_ratio": 315.49,
            "debt_ratio": 53.35,
            "inventory_turnover_ratio": 2.11,
            "account_receivable_turnover_ratio": null,
            "reinvestment_rate": null,
            "research_to_sale_ratio": null,
            "price_fair": 63,
            "eps_avg_yearly": 1.8,
            "eps_latest_yearly": 1.32,
            "eps_growth_yearly": 642.31
        },
        "20052": {
            "year_quarter": 20052,
            "year": 2005,
            "quarter": 2,
            "eps": -0.21,
            "eps_growth_year": -137.5,
            "eps_4q": -1.08,
            "eps_4q_growth_year": -163.92,
            "roe": -1.98,
            "roe_4q": -9.81,
            "gross_profit": 12978,
            "gross_margin": 4.49,
            "gross_margin_4q_avg": 5.9,
            "net_income": -14324,
            "net_income_4q": null,
            "revenue": 288767,
            "revenue_4q": null,
            "common_shares": 682778,
            "book_valuer_per_share": 10.47,
            "book_valuer_per_share_4q_avg": 11.03,
            "equity": 714989,
            "current_ratio": 319.49,
            "debt_ratio": 53.3,
            "inventory_turnover_ratio": 1.6,
            "account_receivable_turnover_ratio": null,
            "reinvestment_rate": null,
            "research_to_sale_ratio": null,
            "price_fair": 63,
            "eps_avg_yearly": 1.8,
            "eps_latest_yearly": 1.32,
            "eps_growth_yearly": 642.31
        },
        "20053": {
            "year_quarter": 20053,
            "year": 2005,
            "quarter": 3,
            "eps": 0.55,
            "eps_growth_year": 66.67,
            "eps_4q": -0.87,
            "eps_4q_growth_year": -158.02,
            "roe": 5.1,
            "roe_4q": -7.540000000000001,
            "gross_profit": 55853,
            "gross_margin": 10.99,
            "gross_margin_4q_avg": 5.84,
            "net_income": 37433,
            "net_income_4q": null,
            "revenue": 508351,
            "revenue_4q": null,
            "common_shares": 682778,
            "book_valuer_per_share": 11.02,
            "book_valuer_per_share_4q_avg": 10.82,
            "equity": 752421,
            "current_ratio": 261.14,
            "debt_ratio": 55.18,
            "inventory_turnover_ratio": 2.42,
            "account_receivable_turnover_ratio": null,
            "reinvestment_rate": 178.01,
            "research_to_sale_ratio": null,
            "price_fair": 63,
            "eps_avg_yearly": 1.8,
            "eps_latest_yearly": 1.32,
            "eps_growth_yearly": 642.31
        },
        "20054": {
            "year_quarter": 20054,
            "year": 2005,
            "quarter": 4,
            "eps": -0.46,
            "eps_growth_year": null,
            "eps_4q": -0.53,
            "eps_4q_growth_year": -453.33,
            "roe": -4.22,
            "roe_4q": -4.890000000000001,
            "gross_profit": 12717,
            "gross_margin": 3.48,
            "gross_margin_4q_avg": 5.61,
            "net_income": -31114,
            "net_income_4q": null,
            "revenue": 365579,
            "revenue_4q": null,
            "common_shares": 682778,
            "book_valuer_per_share": 10.56,
            "book_valuer_per_share_4q_avg": 10.68,
            "equity": 721308,
            "current_ratio": 117.65,
            "debt_ratio": 53.13,
            "inventory_turnover_ratio": 2.19,
            "account_receivable_turnover_ratio": null,
            "reinvestment_rate": 142.92,
            "research_to_sale_ratio": null,
            "price_fair": 63,
            "eps_avg_yearly": 1.8,
            "eps_latest_yearly": 1.32,
            "eps_growth_yearly": 642.31
        },
        "20061": {
            "year_quarter": 20061,
            "year": 2006,
            "quarter": 1,
            "eps": -0.25,
            "eps_growth_year": null,
            "eps_4q": -0.37,
            "eps_4q_growth_year": null,
            "roe": -2.42,
            "roe_4q": -3.52,
            "gross_profit": 3700,
            "gross_margin": 1.84,
            "gross_margin_4q_avg": 5.2,
            "net_income": -17265,
            "net_income_4q": null,
            "revenue": 200621,
            "revenue_4q": null,
            "common_shares": 682778,
            "book_valuer_per_share": 10.31,
            "book_valuer_per_share_4q_avg": 10.59,
            "equity": 704043,
            "current_ratio": 113.23,
            "debt_ratio": 51.57,
            "inventory_turnover_ratio": 1.43,
            "account_receivable_turnover_ratio": null,
            "reinvestment_rate": 119.25,
            "research_to_sale_ratio": null,
            "price_fair": 62.3,
            "eps_avg_yearly": 1.78,
            "eps_latest_yearly": 1.32,
            "eps_growth_yearly": 712.06
        },
        "20062": {
            "year_quarter": 20062,
            "year": 2006,
            "quarter": 2,
            "eps": -0.07,
            "eps_growth_year": null,
            "eps_4q": -0.23,
            "eps_4q_growth_year": null,
            "roe": -0.67,
            "roe_4q": -2.21,
            "gross_profit": 9489,
            "gross_margin": 3.26,
            "gross_margin_4q_avg": 4.89,
            "net_income": -4719,
            "net_income_4q": null,
            "revenue": 291286,
            "revenue_4q": null,
            "common_shares": 682778,
            "book_valuer_per_share": 10.24,
            "book_valuer_per_share_4q_avg": 10.53,
            "equity": 699324,
            "current_ratio": 110.04,
            "debt_ratio": 52.57,
            "inventory_turnover_ratio": 1.84,
            "account_receivable_turnover_ratio": null,
            "reinvestment_rate": 142.28,
            "research_to_sale_ratio": null,
            "price_fair": 63.62,
            "eps_avg_yearly": 1.82,
            "eps_latest_yearly": 1.32,
            "eps_growth_yearly": 803.62
        },
        "20063": {
            "year_quarter": 20063,
            "year": 2006,
            "quarter": 3,
            "eps": 0.4,
            "eps_growth_year": -27.27,
            "eps_4q": -0.38,
            "eps_4q_growth_year": null,
            "roe": 3.84,
            "roe_4q": -3.4699999999999998,
            "gross_profit": 51167,
            "gross_margin": 11.32,
            "gross_margin_4q_avg": 4.98,
            "net_income": 27362,
            "net_income_4q": null,
            "revenue": 452001,
            "revenue_4q": null,
            "common_shares": 682778,
            "book_valuer_per_share": 10.64,
            "book_valuer_per_share_4q_avg": 10.44,
            "equity": 726685,
            "current_ratio": 111.6,
            "debt_ratio": 54.11,
            "inventory_turnover_ratio": 2.1,
            "account_receivable_turnover_ratio": null,
            "reinvestment_rate": 168.14,
            "research_to_sale_ratio": null,
            "price_fair": 56.53,
            "eps_avg_yearly": 1.62,
            "eps_latest_yearly": 1.32,
            "eps_growth_yearly": 834.63
        },
        "20064": {
            "year_quarter": 20064,
            "year": 2006,
            "quarter": 4,
            "eps": 0.1,
            "eps_growth_year": null,
            "eps_4q": 0.18,
            "eps_4q_growth_year": null,
            "roe": 0.91,
            "roe_4q": 1.6600000000000001,
            "gross_profit": 54961,
            "gross_margin": 9.77,
            "gross_margin_4q_avg": 6.55,
            "net_income": 6637,
            "net_income_4q": null,
            "revenue": 562479,
            "revenue_4q": null,
            "common_shares": 682778,
            "book_valuer_per_share": 10.74,
            "book_valuer_per_share_4q_avg": 10.48,
            "equity": 733323,
            "current_ratio": 113.19,
            "debt_ratio": 50.46,
            "inventory_turnover_ratio": 2.55,
            "account_receivable_turnover_ratio": null,
            "reinvestment_rate": 168.3,
            "research_to_sale_ratio": null,
            "price_fair": 47.08,
            "eps_avg_yearly": 1.35,
            "eps_latest_yearly": 0.4,
            "eps_growth_yearly": 809.92
        },
        "20071": {
            "year_quarter": 20071,
            "year": 2007,
            "quarter": 1,
            "eps": 0.19,
            "eps_growth_year": null,
            "eps_4q": 0.62,
            "eps_4q_growth_year": null,
            "roe": 1.73,
            "roe_4q": 5.8100000000000005,
            "gross_profit": 38008,
            "gross_margin": 10.95,
            "gross_margin_4q_avg": 8.83,
            "net_income": 12814,
            "net_income_4q": null,
            "revenue": 347075,
            "revenue_4q": null,
            "common_shares": 682778,
            "book_valuer_per_share": 10.93,
            "book_valuer_per_share_4q_avg": 10.64,
            "equity": 746136,
            "current_ratio": 120.21,
            "debt_ratio": 38.9,
            "inventory_turnover_ratio": 1.79,
            "account_receivable_turnover_ratio": null,
            "reinvestment_rate": 185.93,
            "research_to_sale_ratio": null,
            "price_fair": 44.8,
            "eps_avg_yearly": 1.28,
            "eps_latest_yearly": 0.76,
            "eps_growth_yearly": 879.92
        },
        "20072": {
            "year_quarter": 20072,
            "year": 2007,
            "quarter": 2,
            "eps": 0.16,
            "eps_growth_year": null,
            "eps_4q": 0.84,
            "eps_4q_growth_year": null,
            "roe": 1.46,
            "roe_4q": 7.9399999999999995,
            "gross_profit": 44232,
            "gross_margin": 10.58,
            "gross_margin_4q_avg": 10.66,
            "net_income": 10956,
            "net_income_4q": null,
            "revenue": 418070,
            "revenue_4q": null,
            "common_shares": 683646,
            "book_valuer_per_share": 11.1,
            "book_valuer_per_share_4q_avg": 10.85,
            "equity": 758802,
            "current_ratio": 119.79,
            "debt_ratio": 41.48,
            "inventory_turnover_ratio": 2.02,
            "account_receivable_turnover_ratio": null,
            "reinvestment_rate": 217.51,
            "research_to_sale_ratio": null,
            "price_fair": 43.58,
            "eps_avg_yearly": 1.25,
            "eps_latest_yearly": 0.64,
            "eps_growth_yearly": 886.08
        },
        "20073": {
            "year_quarter": 20073,
            "year": 2007,
            "quarter": 3,
            "eps": 0.62,
            "eps_growth_year": 55,
            "eps_4q": 1.06,
            "eps_4q_growth_year": null,
            "roe": 5.44,
            "roe_4q": 9.540000000000001,
            "gross_profit": 82391,
            "gross_margin": 13.62,
            "gross_margin_4q_avg": 11.23,
            "net_income": 42431,
            "net_income_4q": null,
            "revenue": 604757,
            "revenue_4q": null,
            "common_shares": 683646,
            "book_valuer_per_share": 11.72,
            "book_valuer_per_share_4q_avg": 11.12,
            "equity": 801233,
            "current_ratio": 123.77,
            "debt_ratio": 46.49,
            "inventory_turnover_ratio": 2.36,
            "account_receivable_turnover_ratio": null,
            "reinvestment_rate": 175.1,
            "research_to_sale_ratio": null,
            "price_fair": 44.98,
            "eps_avg_yearly": 1.29,
            "eps_latest_yearly": 2.48,
            "eps_growth_yearly": 962.44
        },
        "20074": {
            "year_quarter": 20074,
            "year": 2007,
            "quarter": 4,
            "eps": 0.18,
            "eps_growth_year": 80,
            "eps_4q": 1.13,
            "eps_4q_growth_year": 524.64,
            "roe": 1.55,
            "roe_4q": 10.18,
            "gross_profit": 47155,
            "gross_margin": 9.79,
            "gross_margin_4q_avg": 11.24,
            "net_income": 12533,
            "net_income_4q": null,
            "revenue": 481682,
            "revenue_4q": null,
            "common_shares": 683646,
            "book_valuer_per_share": 11.9,
            "book_valuer_per_share_4q_avg": 11.41,
            "equity": 813766,
            "current_ratio": 142.34,
            "debt_ratio": 35.57,
            "inventory_turnover_ratio": 2.14,
            "account_receivable_turnover_ratio": null,
            "reinvestment_rate": 214.05,
            "research_to_sale_ratio": null,
            "price_fair": 37.98,
            "eps_avg_yearly": 1.09,
            "eps_latest_yearly": 0.72,
            "eps_growth_yearly": 923.26
        },
        "20081": {
            "year_quarter": 20081,
            "year": 2008,
            "quarter": 1,
            "eps": -0.26,
            "eps_growth_year": -236.84,
            "eps_4q": 0.7,
            "eps_4q_growth_year": 11.81,
            "roe": -2.22,
            "roe_4q": 6.23,
            "gross_profit": 26061,
            "gross_margin": 8.62,
            "gross_margin_4q_avg": 10.65,
            "net_income": -17893,
            "net_income_4q": null,
            "revenue": 302315,
            "revenue_4q": null,
            "common_shares": 683646,
            "book_valuer_per_share": 11.64,
            "book_valuer_per_share_4q_avg": 11.59,
            "equity": 795873,
            "current_ratio": 159.83,
            "debt_ratio": 27.72,
            "inventory_turnover_ratio": 1.5,
            "account_receivable_turnover_ratio": null,
            "reinvestment_rate": 317.76,
            "research_to_sale_ratio": null,
            "price_fair": 42.8,
            "eps_avg_yearly": 1.22,
            "eps_latest_yearly": 0.72,
            "eps_growth_yearly": 1109.34
        },
        "20082": {
            "year_quarter": 20082,
            "year": 2008,
            "quarter": 2,
            "eps": -0.23,
            "eps_growth_year": -243.75,
            "eps_4q": 0.31,
            "eps_4q_growth_year": -62.79,
            "roe": -1.99,
            "roe_4q": 2.7800000000000002,
            "gross_profit": 5872,
            "gross_margin": 1.57,
            "gross_margin_4q_avg": 8.4,
            "net_income": -15612,
            "net_income_4q": null,
            "revenue": 373414,
            "revenue_4q": null,
            "common_shares": 683646,
            "book_valuer_per_share": 11.26,
            "book_valuer_per_share_4q_avg": 11.63,
            "equity": 769925,
            "current_ratio": 142.23,
            "debt_ratio": 33.86,
            "inventory_turnover_ratio": 1.85,
            "account_receivable_turnover_ratio": null,
            "reinvestment_rate": null,
            "research_to_sale_ratio": null,
            "price_fair": 36.87,
            "eps_avg_yearly": 1.05,
            "eps_latest_yearly": 0.72,
            "eps_growth_yearly": 116.45
        },
        "20083": {
            "year_quarter": 20083,
            "year": 2008,
            "quarter": 3,
            "eps": 0.64,
            "eps_growth_year": 3.23,
            "eps_4q": 0.35,
            "eps_4q_growth_year": -67.49,
            "roe": 5.76,
            "roe_4q": 3.0999999999999996,
            "gross_profit": 59746,
            "gross_margin": 11.9,
            "gross_margin_4q_avg": 7.97,
            "net_income": 45661,
            "net_income_4q": null,
            "revenue": 501999,
            "revenue_4q": null,
            "common_shares": 717828,
            "book_valuer_per_share": 11.36,
            "book_valuer_per_share_4q_avg": 11.54,
            "equity": 815586,
            "current_ratio": 147.29,
            "debt_ratio": 36.23,
            "inventory_turnover_ratio": 2.34,
            "account_receivable_turnover_ratio": null,
            "reinvestment_rate": 612.01,
            "research_to_sale_ratio": null,
            "price_fair": 35,
            "eps_avg_yearly": 1,
            "eps_latest_yearly": 0.72,
            "eps_growth_yearly": 172.59
        },
        "20084": {
            "year_quarter": 20084,
            "year": 2008,
            "quarter": 4,
            "eps": 0.36,
            "eps_growth_year": 100,
            "eps_4q": 0.53,
            "eps_4q_growth_year": -53.22,
            "roe": 3.13,
            "roe_4q": 4.68,
            "gross_profit": 44664,
            "gross_margin": 14.32,
            "gross_margin_4q_avg": 9.1,
            "net_income": 25895,
            "net_income_4q": null,
            "revenue": 311921,
            "revenue_4q": null,
            "common_shares": 717828,
            "book_valuer_per_share": 11.72,
            "book_valuer_per_share_4q_avg": 11.5,
            "equity": 841480,
            "current_ratio": 231.27,
            "debt_ratio": 17.97,
            "inventory_turnover_ratio": 1.87,
            "account_receivable_turnover_ratio": 2.67,
            "reinvestment_rate": 91.39,
            "research_to_sale_ratio": null,
            "price_fair": 37.57,
            "eps_avg_yearly": 1.07,
            "eps_latest_yearly": 1.44,
            "eps_growth_yearly": 114.66
        },
        "20091": {
            "year_quarter": 20091,
            "year": 2009,
            "quarter": 1,
            "eps": 0.29,
            "eps_growth_year": null,
            "eps_4q": 1.08,
            "eps_4q_growth_year": 54.26,
            "roe": 2.42,
            "roe_4q": 9.319999999999999,
            "gross_profit": 28083,
            "gross_margin": 14.65,
            "gross_margin_4q_avg": 10.61,
            "net_income": 20626,
            "net_income_4q": null,
            "revenue": 191677,
            "revenue_4q": null,
            "common_shares": 717828,
            "book_valuer_per_share": 12.01,
            "book_valuer_per_share_4q_avg": 11.59,
            "equity": 862107,
            "current_ratio": 242.59,
            "debt_ratio": 18.19,
            "inventory_turnover_ratio": 1.4,
            "account_receivable_turnover_ratio": 0.94,
            "reinvestment_rate": 43.92,
            "research_to_sale_ratio": null,
            "price_fair": 38,
            "eps_avg_yearly": 1.09,
            "eps_latest_yearly": 1.16,
            "eps_growth_yearly": 87.17
        },
        "20092": {
            "year_quarter": 20092,
            "year": 2009,
            "quarter": 2,
            "eps": 0.67,
            "eps_growth_year": null,
            "eps_4q": 1.95,
            "eps_4q_growth_year": 522.56,
            "roe": 5.43,
            "roe_4q": 16.740000000000002,
            "gross_profit": 103460,
            "gross_margin": 25.72,
            "gross_margin_4q_avg": 16.65,
            "net_income": 48095,
            "net_income_4q": null,
            "revenue": 402326,
            "revenue_4q": null,
            "common_shares": 717828,
            "book_valuer_per_share": 12.68,
            "book_valuer_per_share_4q_avg": 11.94,
            "equity": 910201,
            "current_ratio": 218.89,
            "debt_ratio": 23.09,
            "inventory_turnover_ratio": 2.22,
            "account_receivable_turnover_ratio": 1.38,
            "reinvestment_rate": 20.74,
            "research_to_sale_ratio": null,
            "price_fair": 44.98,
            "eps_avg_yearly": 1.29,
            "eps_latest_yearly": 2.68,
            "eps_growth_yearly": 141.79
        },
        "20093": {
            "year_quarter": 20093,
            "year": 2009,
            "quarter": 3,
            "eps": 0.99,
            "eps_growth_year": 54.69,
            "eps_4q": 2.3,
            "eps_4q_growth_year": 566.01,
            "roe": 7.53,
            "roe_4q": 18.51,
            "gross_profit": 126722,
            "gross_margin": 23.44,
            "gross_margin_4q_avg": 19.53,
            "net_income": 71246,
            "net_income_4q": null,
            "revenue": 540677,
            "revenue_4q": null,
            "common_shares": 717828,
            "book_valuer_per_share": 13.67,
            "book_valuer_per_share_4q_avg": 12.52,
            "equity": 981447,
            "current_ratio": 208.85,
            "debt_ratio": 27.11,
            "inventory_turnover_ratio": 3.09,
            "account_receivable_turnover_ratio": 1.14,
            "reinvestment_rate": 11.49,
            "research_to_sale_ratio": null,
            "price_fair": 55.38,
            "eps_avg_yearly": 1.58,
            "eps_latest_yearly": 3.96,
            "eps_growth_yearly": 147.26
        },
        "20094": {
            "year_quarter": 20094,
            "year": 2009,
            "quarter": 4,
            "eps": 0.46,
            "eps_growth_year": 27.78,
            "eps_4q": 2.41,
            "eps_4q_growth_year": 354.64,
            "roe": 3.27,
            "roe_4q": 18.65,
            "gross_profit": 73590,
            "gross_margin": 19.62,
            "gross_margin_4q_avg": 20.86,
            "net_income": 32673,
            "net_income_4q": null,
            "revenue": 375117,
            "revenue_4q": null,
            "common_shares": 717828,
            "book_valuer_per_share": 14.13,
            "book_valuer_per_share_4q_avg": 13.12,
            "equity": 1014120,
            "current_ratio": 259.67,
            "debt_ratio": 20.83,
            "inventory_turnover_ratio": 2.52,
            "account_receivable_turnover_ratio": 2.3,
            "reinvestment_rate": 2.48,
            "research_to_sale_ratio": null,
            "price_fair": 56.28,
            "eps_avg_yearly": 1.61,
            "eps_latest_yearly": 1.84,
            "eps_growth_yearly": 111.12
        },
        "20101": {
            "year_quarter": 20101,
            "year": 2010,
            "quarter": 1,
            "eps": 0.15,
            "eps_growth_year": -48.28,
            "eps_4q": 2.26,
            "eps_4q_growth_year": 110.19,
            "roe": 1.02,
            "roe_4q": 17.25,
            "gross_profit": 34372,
            "gross_margin": 14.16,
            "gross_margin_4q_avg": 20.74,
            "net_income": 10417,
            "net_income_4q": null,
            "revenue": 242798,
            "revenue_4q": null,
            "common_shares": 717828,
            "book_valuer_per_share": 14.27,
            "book_valuer_per_share_4q_avg": 13.69,
            "equity": 1024537,
            "current_ratio": 294.21,
            "debt_ratio": 18.18,
            "inventory_turnover_ratio": 1.72,
            "account_receivable_turnover_ratio": 0.83,
            "reinvestment_rate": 8.82,
            "research_to_sale_ratio": 1.62,
            "price_fair": 53.07,
            "eps_avg_yearly": 1.52,
            "eps_latest_yearly": 0.6,
            "eps_growth_yearly": 76.52
        },
        "20102": {
            "year_quarter": 20102,
            "year": 2010,
            "quarter": 2,
            "eps": 0.4,
            "eps_growth_year": -41.02,
            "eps_4q": 1.85,
            "eps_4q_growth_year": -5.53,
            "roe": 3.1,
            "roe_4q": 14.920000000000002,
            "gross_profit": 57641,
            "gross_margin": 16.07,
            "gross_margin_4q_avg": 18.32,
            "net_income": 31139,
            "net_income_4q": null,
            "revenue": 358741,
            "revenue_4q": null,
            "common_shares": 717828,
            "book_valuer_per_share": 13.73,
            "book_valuer_per_share_4q_avg": 13.95,
            "equity": 985504,
            "current_ratio": 216.51,
            "debt_ratio": 26,
            "inventory_turnover_ratio": 2.11,
            "account_receivable_turnover_ratio": 1.14,
            "reinvestment_rate": 4.93,
            "research_to_sale_ratio": 1.02,
            "price_fair": 53.32,
            "eps_avg_yearly": 1.52,
            "eps_latest_yearly": 1.6,
            "eps_growth_yearly": 125.69
        },
        "20103": {
            "year_quarter": 20103,
            "year": 2010,
            "quarter": 3,
            "eps": 0.31,
            "eps_growth_year": -68.94,
            "eps_4q": 1.25,
            "eps_4q_growth_year": -45.79,
            "roe": 2.43,
            "roe_4q": 9.82,
            "gross_profit": 68050,
            "gross_margin": 15.5,
            "gross_margin_4q_avg": 16.34,
            "net_income": 24230,
            "net_income_4q": null,
            "revenue": 439091,
            "revenue_4q": null,
            "common_shares": 788000,
            "book_valuer_per_share": 12.81,
            "book_valuer_per_share_4q_avg": 13.74,
            "equity": 1009734,
            "current_ratio": 223.32,
            "debt_ratio": 25.69,
            "inventory_turnover_ratio": 2.5,
            "account_receivable_turnover_ratio": 1.06,
            "reinvestment_rate": 1.07,
            "research_to_sale_ratio": 0.89,
            "price_fair": 52.55,
            "eps_avg_yearly": 1.5,
            "eps_latest_yearly": 1.24,
            "eps_growth_yearly": 109.1
        },
        "20104": {
            "year_quarter": 20104,
            "year": 2010,
            "quarter": 4,
            "eps": -0.34,
            "eps_growth_year": -173.1,
            "eps_4q": 0.5,
            "eps_4q_growth_year": -79.27,
            "roe": -2.66,
            "roe_4q": 3.89,
            "gross_profit": 18913,
            "gross_margin": 7.4,
            "gross_margin_4q_avg": 13.28,
            "net_income": -26499,
            "net_income_4q": null,
            "revenue": 255469,
            "revenue_4q": null,
            "common_shares": 788000,
            "book_valuer_per_share": 12.48,
            "book_valuer_per_share_4q_avg": 13.32,
            "equity": 983235,
            "current_ratio": 318.9,
            "debt_ratio": 15.83,
            "inventory_turnover_ratio": 1.84,
            "account_receivable_turnover_ratio": 0.74,
            "reinvestment_rate": -2.78,
            "research_to_sale_ratio": null,
            "price_fair": 55.77,
            "eps_avg_yearly": 1.59,
            "eps_latest_yearly": 1.24,
            "eps_growth_yearly": 143.19
        },
        "20111": {
            "year_quarter": 20111,
            "year": 2011,
            "quarter": 1,
            "eps": -0.04,
            "eps_growth_year": -126.67,
            "eps_4q": 0.33,
            "eps_4q_growth_year": -85.41,
            "roe": -0.29,
            "roe_4q": 2.58,
            "gross_profit": 47164,
            "gross_margin": 16.53,
            "gross_margin_4q_avg": 13.88,
            "net_income": -2855,
            "net_income_4q": null,
            "revenue": 285306,
            "revenue_4q": null,
            "common_shares": 788000,
            "book_valuer_per_share": 12.44,
            "book_valuer_per_share_4q_avg": 12.87,
            "equity": 980149,
            "current_ratio": 133.86,
            "debt_ratio": 37.19,
            "inventory_turnover_ratio": 1.06,
            "account_receivable_turnover_ratio": 1.01,
            "reinvestment_rate": 17.36,
            "research_to_sale_ratio": 1.88,
            "price_fair": 58.42,
            "eps_avg_yearly": 1.67,
            "eps_latest_yearly": 1.24,
            "eps_growth_yearly": 123.49
        },
        "20112": {
            "year_quarter": 20112,
            "year": 2011,
            "quarter": 2,
            "eps": -0.5,
            "eps_growth_year": -227.33,
            "eps_4q": -0.57,
            "eps_4q_growth_year": -130.78,
            "roe": -4.13,
            "roe_4q": -4.65,
            "gross_profit": 36602,
            "gross_margin": 11.63,
            "gross_margin_4q_avg": 12.77,
            "net_income": -39648,
            "net_income_4q": null,
            "revenue": 314637,
            "revenue_4q": null,
            "common_shares": 788000,
            "book_valuer_per_share": 11.93,
            "book_valuer_per_share_4q_avg": 12.42,
            "equity": 940443,
            "current_ratio": 122.67,
            "debt_ratio": 37.9,
            "inventory_turnover_ratio": 0.91,
            "account_receivable_turnover_ratio": 0.98,
            "reinvestment_rate": 1.19,
            "research_to_sale_ratio": 3.34,
            "price_fair": 62.02,
            "eps_avg_yearly": 1.77,
            "eps_latest_yearly": 1.24,
            "eps_growth_yearly": 142.15
        },
        "20113": {
            "year_quarter": 20113,
            "year": 2011,
            "quarter": 3,
            "eps": 0.32,
            "eps_growth_year": 5.63,
            "eps_4q": -0.55,
            "eps_4q_growth_year": -144.09,
            "roe": 2.69,
            "roe_4q": -4.390000000000001,
            "gross_profit": 74481,
            "gross_margin": 16.13,
            "gross_margin_4q_avg": 12.92,
            "net_income": 25594,
            "net_income_4q": null,
            "revenue": 461825,
            "revenue_4q": null,
            "common_shares": 788000,
            "book_valuer_per_share": 12.24,
            "book_valuer_per_share_4q_avg": 12.27,
            "equity": 964721,
            "current_ratio": 118.5,
            "debt_ratio": 44.51,
            "inventory_turnover_ratio": 1.3,
            "account_receivable_turnover_ratio": 1.1,
            "reinvestment_rate": 9.15,
            "research_to_sale_ratio": 1.4,
            "price_fair": 59.27,
            "eps_avg_yearly": 1.69,
            "eps_latest_yearly": 1.24,
            "eps_growth_yearly": 30.17
        },
        "20114": {
            "year_quarter": 20114,
            "year": 2011,
            "quarter": 4,
            "eps": 0.16,
            "eps_growth_year": null,
            "eps_4q": -0.05,
            "eps_4q_growth_year": -110.08,
            "roe": 1.33,
            "roe_4q": -0.4000000000000003,
            "gross_profit": 108049,
            "gross_margin": 25.5,
            "gross_margin_4q_avg": 17.45,
            "net_income": 12949,
            "net_income_4q": null,
            "revenue": 423685,
            "revenue_4q": null,
            "common_shares": 788000,
            "book_valuer_per_share": 12.41,
            "book_valuer_per_share_4q_avg": 12.26,
            "equity": 978033,
            "current_ratio": 127.25,
            "debt_ratio": 41.92,
            "inventory_turnover_ratio": 0.84,
            "account_receivable_turnover_ratio": 0.92,
            "reinvestment_rate": 12.25,
            "research_to_sale_ratio": 2.08,
            "price_fair": 58.96,
            "eps_avg_yearly": 1.68,
            "eps_latest_yearly": 0.64,
            "eps_growth_yearly": 39.48
        },
        "20121": {
            "year_quarter": 20121,
            "year": 2012,
            "quarter": 1,
            "eps": 0.02,
            "eps_growth_year": null,
            "eps_4q": 0,
            "eps_4q_growth_year": -99.22,
            "roe": 0.13,
            "roe_4q": 0.020000000000000462,
            "gross_profit": 106326,
            "gross_margin": 20.46,
            "gross_margin_4q_avg": 18.43,
            "net_income": 1307,
            "net_income_4q": null,
            "revenue": 519573,
            "revenue_4q": null,
            "common_shares": 788000,
            "book_valuer_per_share": 12.44,
            "book_valuer_per_share_4q_avg": 12.26,
            "equity": 980541,
            "current_ratio": 125.65,
            "debt_ratio": 44.3,
            "inventory_turnover_ratio": 1.06,
            "account_receivable_turnover_ratio": 1.07,
            "reinvestment_rate": 59.37,
            "research_to_sale_ratio": 1.59,
            "price_fair": 15.24,
            "eps_avg_yearly": 1.52,
            "eps_latest_yearly": 0.08,
            "eps_growth_yearly": 0.54
        },
        "20122": {
            "year_quarter": 20122,
            "year": 2012,
            "quarter": 2,
            "eps": -0.16,
            "eps_growth_year": null,
            "eps_4q": 0.34,
            "eps_4q_growth_year": null,
            "roe": -1.32,
            "roe_4q": 2.83,
            "gross_profit": 58229,
            "gross_margin": 14.99,
            "gross_margin_4q_avg": 19.27,
            "net_income": -12881,
            "net_income_4q": null,
            "revenue": 388481,
            "revenue_4q": null,
            "common_shares": 788000,
            "book_valuer_per_share": 12.29,
            "book_valuer_per_share_4q_avg": 12.35,
            "equity": 968782,
            "current_ratio": 130.35,
            "debt_ratio": 39.9,
            "inventory_turnover_ratio": 0.97,
            "account_receivable_turnover_ratio": 0.75,
            "reinvestment_rate": 50.29,
            "research_to_sale_ratio": 2.88,
            "price_fair": 15.24,
            "eps_avg_yearly": 1.52,
            "eps_latest_yearly": 0.08,
            "eps_growth_yearly": 0.54
        },
        "20123": {
            "year_quarter": 20123,
            "year": 2012,
            "quarter": 3,
            "eps": -0.25,
            "eps_growth_year": -176.12,
            "eps_4q": -0.23,
            "eps_4q_growth_year": null,
            "roe": -2.03,
            "roe_4q": -1.8899999999999997,
            "gross_profit": 57100,
            "gross_margin": 14.16,
            "gross_margin_4q_avg": 18.78,
            "net_income": -19482,
            "net_income_4q": null,
            "revenue": 403287,
            "revenue_4q": null,
            "common_shares": 788000,
            "book_valuer_per_share": 12.03,
            "book_valuer_per_share_4q_avg": 12.29,
            "equity": 948043,
            "current_ratio": 125.94,
            "debt_ratio": 41.75,
            "inventory_turnover_ratio": 1.09,
            "account_receivable_turnover_ratio": 0.82,
            "reinvestment_rate": 55.23,
            "research_to_sale_ratio": 2.33,
            "price_fair": 15.24,
            "eps_avg_yearly": 1.52,
            "eps_latest_yearly": 0.08,
            "eps_growth_yearly": 0.54
        },
        "20124": {
            "year_quarter": 20124,
            "year": 2012,
            "quarter": 4,
            "eps": -0.63,
            "eps_growth_year": -485.55,
            "eps_4q": -1.03,
            "eps_4q_growth_year": null,
            "roe": -5.41,
            "roe_4q": -8.629999999999999,
            "gross_profit": 19433,
            "gross_margin": 6.93,
            "gross_margin_4q_avg": 14.14,
            "net_income": -49925,
            "net_income_4q": null,
            "revenue": 280556,
            "revenue_4q": null,
            "common_shares": 788000,
            "book_valuer_per_share": 11.39,
            "book_valuer_per_share_4q_avg": 12.04,
            "equity": 897617,
            "current_ratio": 124.54,
            "debt_ratio": 37.99,
            "inventory_turnover_ratio": 0.86,
            "account_receivable_turnover_ratio": 0.61,
            "reinvestment_rate": 61.65,
            "research_to_sale_ratio": 5.8,
            "price_fair": 46.06,
            "eps_avg_yearly": 1.53,
            "eps_latest_yearly": 0.08,
            "eps_growth_yearly": 20.04
        },
        "20131": {
            "year_quarter": 20131,
            "year": 2013,
            "quarter": 1,
            "eps": -0.08,
            "eps_growth_year": -500,
            "eps_4q": -1.13,
            "eps_4q_growth_year": -43995.86,
            "roe": -0.71,
            "roe_4q": -9.47,
            "gross_profit": 55802,
            "gross_margin": 14.88,
            "gross_margin_4q_avg": 12.74,
            "net_income": -6366,
            "net_income_4q": null,
            "revenue": 375028,
            "revenue_4q": null,
            "common_shares": 788000,
            "book_valuer_per_share": 11.33,
            "book_valuer_per_share_4q_avg": 11.76,
            "equity": 892608,
            "current_ratio": 123.5,
            "debt_ratio": 41.54,
            "inventory_turnover_ratio": 1.05,
            "account_receivable_turnover_ratio": 0.95,
            "reinvestment_rate": 16.25,
            "research_to_sale_ratio": 2.98,
            "price_fair": 55.3,
            "eps_avg_yearly": 1.58,
            "eps_latest_yearly": 0.08,
            "eps_growth_yearly": 32.27
        },
        "20132": {
            "year_quarter": 20132,
            "year": 2013,
            "quarter": 2,
            "eps": 0.27,
            "eps_growth_year": null,
            "eps_4q": -0.69,
            "eps_4q_growth_year": -301.19,
            "roe": 2.38,
            "roe_4q": -5.77,
            "gross_profit": 88376,
            "gross_margin": 17.52,
            "gross_margin_4q_avg": 13.37,
            "net_income": 21515,
            "net_income_4q": null,
            "revenue": 504496,
            "revenue_4q": null,
            "common_shares": 788000,
            "book_valuer_per_share": 11.6,
            "book_valuer_per_share_4q_avg": 11.59,
            "equity": 914404,
            "current_ratio": 121.6,
            "debt_ratio": 46.93,
            "inventory_turnover_ratio": 1.37,
            "account_receivable_turnover_ratio": 1.02,
            "reinvestment_rate": 30.81,
            "research_to_sale_ratio": 2.26,
            "price_fair": 4.27,
            "eps_avg_yearly": 1.42,
            "eps_latest_yearly": 0.08,
            "eps_growth_yearly": -38
        },
        "20133": {
            "year_quarter": 20133,
            "year": 2013,
            "quarter": 3,
            "eps": -0.19,
            "eps_growth_year": null,
            "eps_4q": -0.63,
            "eps_4q_growth_year": null,
            "roe": -1.67,
            "roe_4q": -5.41,
            "gross_profit": 56775,
            "gross_margin": 11.12,
            "gross_margin_4q_avg": 12.61,
            "net_income": -15102,
            "net_income_4q": null,
            "revenue": 510491,
            "revenue_4q": null,
            "common_shares": 788000,
            "book_valuer_per_share": 11.41,
            "book_valuer_per_share_4q_avg": 11.43,
            "equity": 899062,
            "current_ratio": 119.15,
            "debt_ratio": 49,
            "inventory_turnover_ratio": 1.42,
            "account_receivable_turnover_ratio": 0.84,
            "reinvestment_rate": null,
            "research_to_sale_ratio": 2.62,
            "price_fair": 3,
            "eps_avg_yearly": 1,
            "eps_latest_yearly": 0.08,
            "eps_growth_yearly": -76.17
        },
        "20134": {
            "year_quarter": 20134,
            "year": 2013,
            "quarter": 4,
            "eps": -0.29,
            "eps_growth_year": null,
            "eps_4q": -0.29,
            "eps_4q_growth_year": null,
            "roe": -2.57,
            "roe_4q": -2.5700000000000003,
            "gross_profit": 26982,
            "gross_margin": 6.02,
            "gross_margin_4q_avg": 12.39,
            "net_income": -22806,
            "net_income_4q": null,
            "revenue": 448139,
            "revenue_4q": null,
            "common_shares": 788000,
            "book_valuer_per_share": 11.12,
            "book_valuer_per_share_4q_avg": 11.37,
            "equity": 876369,
            "current_ratio": 116.96,
            "debt_ratio": 51.02,
            "inventory_turnover_ratio": 1.16,
            "account_receivable_turnover_ratio": 0.75,
            "reinvestment_rate": null,
            "research_to_sale_ratio": 2.9,
            "price_fair": 2.5,
            "eps_avg_yearly": 0.83,
            "eps_latest_yearly": 0.08,
            "eps_growth_yearly": -48.58
        },
        "20141": {
            "year_quarter": 20141,
            "year": 2014,
            "quarter": 1,
            "eps": 0.5,
            "eps_growth_year": null,
            "eps_4q": 0.29,
            "eps_4q_growth_year": null,
            "roe": 4.39,
            "roe_4q": 2.53,
            "gross_profit": 102222,
            "gross_margin": 15.72,
            "gross_margin_4q_avg": 12.6,
            "net_income": 39332,
            "net_income_4q": null,
            "revenue": 650439,
            "revenue_4q": null,
            "common_shares": 788000,
            "book_valuer_per_share": 11.63,
            "book_valuer_per_share_4q_avg": 11.44,
            "equity": 916733,
            "current_ratio": 120.06,
            "debt_ratio": 52.58,
            "inventory_turnover_ratio": 1.48,
            "account_receivable_turnover_ratio": 0.96,
            "reinvestment_rate": null,
            "research_to_sale_ratio": 1.9,
            "price_fair": 14.83,
            "eps_avg_yearly": 0.89,
            "eps_latest_yearly": 0.08,
            "eps_growth_yearly": 6.67
        },
        "20142": {
            "year_quarter": 20142,
            "year": 2014,
            "quarter": 2,
            "eps": 0.12,
            "eps_growth_year": -55.56,
            "eps_4q": 0.14,
            "eps_4q_growth_year": null,
            "roe": 1.04,
            "roe_4q": 1.19,
            "gross_profit": 91989,
            "gross_margin": 13.92,
            "gross_margin_4q_avg": 11.7,
            "net_income": 9534,
            "net_income_4q": null,
            "revenue": 661052,
            "revenue_4q": null,
            "common_shares": 788000,
            "book_valuer_per_share": 11.73,
            "book_valuer_per_share_4q_avg": 11.47,
            "equity": 924225,
            "current_ratio": 120.04,
            "debt_ratio": 54.77,
            "inventory_turnover_ratio": 1.47,
            "account_receivable_turnover_ratio": 0.83,
            "reinvestment_rate": null,
            "research_to_sale_ratio": 1.63,
            "price_fair": 1.83,
            "eps_avg_yearly": 0.61,
            "eps_latest_yearly": 0.48,
            "eps_growth_yearly": -236
        },
        "20143": {
            "year_quarter": 20143,
            "year": 2014,
            "quarter": 3,
            "eps": 0.63,
            "eps_growth_year": null,
            "eps_4q": 0.95,
            "eps_4q_growth_year": null,
            "roe": 5.12,
            "roe_4q": 7.98,
            "gross_profit": 103675,
            "gross_margin": 14.32,
            "gross_margin_4q_avg": 12.5,
            "net_income": 48613,
            "net_income_4q": null,
            "revenue": 724160,
            "revenue_4q": null,
            "common_shares": 788000,
            "book_valuer_per_share": 12.37,
            "book_valuer_per_share_4q_avg": 11.71,
            "equity": 974486,
            "current_ratio": 127.5,
            "debt_ratio": 53.21,
            "inventory_turnover_ratio": 1.47,
            "account_receivable_turnover_ratio": 0.84,
            "reinvestment_rate": null,
            "research_to_sale_ratio": 1.5,
            "price_fair": 32.55,
            "eps_avg_yearly": 0.93,
            "eps_latest_yearly": 2.52,
            "eps_growth_yearly": 211.5
        },
        "20144": {
            "year_quarter": 20144,
            "year": 2014,
            "quarter": 4,
            "eps": 0.82,
            "eps_growth_year": null,
            "eps_4q": 2.06,
            "eps_4q_growth_year": null,
            "roe": 6.44,
            "roe_4q": 16.990000000000002,
            "gross_profit": 112494,
            "gross_margin": 17.24,
            "gross_margin_4q_avg": 15.3,
            "net_income": 64845,
            "net_income_4q": null,
            "revenue": 652383,
            "revenue_4q": null,
            "common_shares": 788000,
            "book_valuer_per_share": 13.2,
            "book_valuer_per_share_4q_avg": 12.23,
            "equity": 1040434,
            "current_ratio": 137.7,
            "debt_ratio": 50.4,
            "inventory_turnover_ratio": 1.31,
            "account_receivable_turnover_ratio": 0.71,
            "reinvestment_rate": -16.84,
            "research_to_sale_ratio": 1.76,
            "price_fair": 49,
            "eps_avg_yearly": 1.4,
            "eps_latest_yearly": 3.28,
            "eps_growth_yearly": 193.33
        },
        "20151": {
            "year_quarter": 20151,
            "year": 2015,
            "quarter": 1,
            "eps": 0.43,
            "eps_growth_year": -14,
            "eps_4q": 1.99,
            "eps_4q_growth_year": 583.4,
            "roe": 3.2,
            "roe_4q": 15.8,
            "gross_profit": 125376,
            "gross_margin": 18.77,
            "gross_margin_4q_avg": 16.06,
            "net_income": 33774,
            "net_income_4q": null,
            "revenue": 667895,
            "revenue_4q": null,
            "common_shares": 788000,
            "book_valuer_per_share": 13.62,
            "book_valuer_per_share_4q_avg": 12.73,
            "equity": 1073295,
            "current_ratio": 145.34,
            "debt_ratio": 47.17,
            "inventory_turnover_ratio": 1.32,
            "account_receivable_turnover_ratio": 0.73,
            "reinvestment_rate": -105.17,
            "research_to_sale_ratio": 1.54,
            "price_fair": 50.87,
            "eps_avg_yearly": 1.45,
            "eps_latest_yearly": 1.72,
            "eps_growth_yearly": 129.4
        },
        "20152": {
            "year_quarter": 20152,
            "year": 2015,
            "quarter": 2,
            "eps": 0.51,
            "eps_growth_year": 325,
            "eps_4q": 2.38,
            "eps_4q_growth_year": 1608.86,
            "roe": 3.9,
            "roe_4q": 18.66,
            "gross_profit": 127497,
            "gross_margin": 19.84,
            "gross_margin_4q_avg": 17.54,
            "net_income": 40025,
            "net_income_4q": null,
            "revenue": 642516,
            "revenue_4q": null,
            "common_shares": 788000,
            "book_valuer_per_share": 12.4,
            "book_valuer_per_share_4q_avg": 12.9,
            "equity": 977015,
            "current_ratio": 133.53,
            "debt_ratio": 51.9,
            "inventory_turnover_ratio": 1.22,
            "account_receivable_turnover_ratio": 0.75,
            "reinvestment_rate": -47.66,
            "research_to_sale_ratio": 1.71,
            "price_fair": 53.8,
            "eps_avg_yearly": 1.54,
            "eps_latest_yearly": 2.04,
            "eps_growth_yearly": 121.54
        },
        "20153": {
            "year_quarter": 20153,
            "year": 2015,
            "quarter": 3,
            "eps": 1.91,
            "eps_growth_year": 203.17,
            "eps_4q": 3.67,
            "eps_4q_growth_year": 286.76,
            "roe": 14.23,
            "roe_4q": 27.77,
            "gross_profit": 205317,
            "gross_margin": 21.08,
            "gross_margin_4q_avg": 19.23,
            "net_income": 150165,
            "net_income_4q": null,
            "revenue": 973860,
            "revenue_4q": null,
            "common_shares": 788000,
            "book_valuer_per_share": 14.39,
            "book_valuer_per_share_4q_avg": 13.4,
            "equity": 1133998,
            "current_ratio": 149.03,
            "debt_ratio": 52.5,
            "inventory_turnover_ratio": 1.81,
            "account_receivable_turnover_ratio": 0.94,
            "reinvestment_rate": -32.98,
            "research_to_sale_ratio": 1.23,
            "price_fair": 80.5,
            "eps_avg_yearly": 2.3,
            "eps_latest_yearly": 7.64,
            "eps_growth_yearly": 243.61
        },
        "20154": {
            "year_quarter": 20154,
            "year": 2015,
            "quarter": 4,
            "eps": 0.75,
            "eps_growth_year": -8.72,
            "eps_4q": 3.59,
            "eps_4q_growth_year": 74.44,
            "roe": 5.09,
            "roe_4q": 26.419999999999998,
            "gross_profit": 156224,
            "gross_margin": 25.88,
            "gross_margin_4q_avg": 21.39,
            "net_income": 59188,
            "net_income_4q": null,
            "revenue": 603570,
            "revenue_4q": null,
            "common_shares": 788000,
            "book_valuer_per_share": 15.13,
            "book_valuer_per_share_4q_avg": 13.89,
            "equity": 1191957,
            "current_ratio": 163.8,
            "debt_ratio": 47.49,
            "inventory_turnover_ratio": 1,
            "account_receivable_turnover_ratio": 0.53,
            "reinvestment_rate": -24.97,
            "research_to_sale_ratio": 2.31,
            "price_fair": 90.83,
            "eps_avg_yearly": 2.6,
            "eps_latest_yearly": 3,
            "eps_growth_yearly": 238.24
        },
        "20161": {
            "year_quarter": 20161,
            "year": 2016,
            "quarter": 1,
            "eps": 1.13,
            "eps_growth_year": 162.79,
            "eps_4q": 4.3,
            "eps_4q_growth_year": 116.07,
            "roe": 7.23,
            "roe_4q": 30.45,
            "gross_profit": 215081,
            "gross_margin": 24.93,
            "gross_margin_4q_avg": 22.93,
            "net_income": 89346,
            "net_income_4q": null,
            "revenue": 862880,
            "revenue_4q": null,
            "common_shares": 788000,
            "book_valuer_per_share": 16.22,
            "book_valuer_per_share_4q_avg": 14.54,
            "equity": 1278197,
            "current_ratio": 157.81,
            "debt_ratio": 44.96,
            "inventory_turnover_ratio": 1.46,
            "account_receivable_turnover_ratio": 0.86,
            "reinvestment_rate": -14.83,
            "research_to_sale_ratio": 1.41,
            "price_fair": 110.25,
            "eps_avg_yearly": 3.15,
            "eps_latest_yearly": 4.52,
            "eps_growth_yearly": 307.32
        },
        "20162": {
            "year_quarter": 20162,
            "year": 2016,
            "quarter": 2,
            "eps": 1.11,
            "eps_growth_year": 117.65,
            "eps_4q": 4.9,
            "eps_4q_growth_year": 106.14,
            "roe": 7.3,
            "roe_4q": 33.85,
            "gross_profit": 181600,
            "gross_margin": 22.41,
            "gross_margin_4q_avg": 23.58,
            "net_income": 87304,
            "net_income_4q": null,
            "revenue": 810174,
            "revenue_4q": null,
            "common_shares": 788000,
            "book_valuer_per_share": 14.12,
            "book_valuer_per_share_4q_avg": 14.97,
            "equity": 1112423,
            "current_ratio": 130.06,
            "debt_ratio": 56.03,
            "inventory_turnover_ratio": 1.37,
            "account_receivable_turnover_ratio": 0.78,
            "reinvestment_rate": -7.23,
            "research_to_sale_ratio": 1.32,
            "price_fair": 115.27,
            "eps_avg_yearly": 3.29,
            "eps_latest_yearly": 4.44,
            "eps_growth_yearly": 272.39
        },
        "20163": {
            "year_quarter": 20163,
            "year": 2016,
            "quarter": 3,
            "eps": 0.69,
            "eps_growth_year": -63.87,
            "eps_4q": 3.68,
            "eps_4q_growth_year": 0.5,
            "roe": 4.78,
            "roe_4q": 24.400000000000002,
            "gross_profit": 180030,
            "gross_margin": 18.46,
            "gross_margin_4q_avg": 22.92,
            "net_income": 54412,
            "net_income_4q": null,
            "revenue": 974989,
            "revenue_4q": null,
            "common_shares": 788000,
            "book_valuer_per_share": 14.75,
            "book_valuer_per_share_4q_avg": 15.06,
            "equity": 1162619,
            "current_ratio": 133.48,
            "debt_ratio": 54.74,
            "inventory_turnover_ratio": 1.66,
            "account_receivable_turnover_ratio": 0.85,
            "reinvestment_rate": -1.26,
            "research_to_sale_ratio": 1.07,
            "price_fair": 113.4,
            "eps_avg_yearly": 3.24,
            "eps_latest_yearly": 2.76,
            "eps_growth_yearly": 230.02
        },
        "20164": {
            "year_quarter": 20164,
            "year": 2016,
            "quarter": 4,
            "eps": 1.44,
            "eps_growth_year": 91.67,
            "eps_4q": 4.37,
            "eps_4q_growth_year": 21.67,
            "roe": 9.3,
            "roe_4q": 28.610000000000003,
            "gross_profit": 188379,
            "gross_margin": 21.4,
            "gross_margin_4q_avg": 21.8,
            "net_income": 113447,
            "net_income_4q": null,
            "revenue": 880401,
            "revenue_4q": null,
            "common_shares": 788000,
            "book_valuer_per_share": 16.22,
            "book_valuer_per_share_4q_avg": 15.33,
            "equity": 1278256,
            "current_ratio": 142.42,
            "debt_ratio": 51.25,
            "inventory_turnover_ratio": 1.42,
            "account_receivable_turnover_ratio": 0.74,
            "reinvestment_rate": 4.76,
            "research_to_sale_ratio": 1.55,
            "price_fair": 121.42,
            "eps_avg_yearly": 3.47,
            "eps_latest_yearly": 5.76,
            "eps_growth_yearly": 248.63
        },
        "20171": {
            "year_quarter": 20171,
            "year": 2017,
            "quarter": 1,
            "eps": -0.05,
            "eps_growth_year": -104.42,
            "eps_4q": 3.18,
            "eps_4q_growth_year": -25.91,
            "roe": -0.33,
            "roe_4q": 21.05,
            "gross_profit": 154922,
            "gross_margin": 18.5,
            "gross_margin_4q_avg": 20.19,
            "net_income": -4217,
            "net_income_4q": null,
            "revenue": 837389,
            "revenue_4q": null,
            "common_shares": 788000,
            "book_valuer_per_share": 16.04,
            "book_valuer_per_share_4q_avg": 15.28,
            "equity": 1263621,
            "current_ratio": 140.51,
            "debt_ratio": 51.08,
            "inventory_turnover_ratio": 1.32,
            "account_receivable_turnover_ratio": 0.71,
            "reinvestment_rate": 12.41,
            "research_to_sale_ratio": 1.22,
            "price_fair": 121.42,
            "eps_avg_yearly": 3.47,
            "eps_latest_yearly": 5.76,
            "eps_growth_yearly": 248.63
        },
        "20172": {
            "year_quarter": 20172,
            "year": 2017,
            "quarter": 2,
            "eps": 0.56,
            "eps_growth_year": -49.55,
            "eps_4q": 2.64,
            "eps_4q_growth_year": -46.08,
            "roe": 3.85,
            "roe_4q": 17.6,
            "gross_profit": 135824,
            "gross_margin": 16.2,
            "gross_margin_4q_avg": 18.64,
            "net_income": 44492,
            "net_income_4q": null,
            "revenue": 838458,
            "revenue_4q": null,
            "common_shares": 788000,
            "book_valuer_per_share": 13.31,
            "book_valuer_per_share_4q_avg": 15.08,
            "equity": 1048628,
            "current_ratio": 120.7,
            "debt_ratio": 59.85,
            "inventory_turnover_ratio": 1.27,
            "account_receivable_turnover_ratio": 0.74,
            "reinvestment_rate": 12,
            "research_to_sale_ratio": 1.37,
            "price_fair": 121.42,
            "eps_avg_yearly": 3.47,
            "eps_latest_yearly": 5.76,
            "eps_growth_yearly": 248.63
        },
        "20173": {
            "year_quarter": 20173,
            "year": 2017,
            "quarter": 3,
            "eps": 0.72,
            "eps_growth_year": 4.35,
            "eps_4q": 2.67,
            "eps_4q_growth_year": -27.39,
            "roe": 5.3,
            "roe_4q": 18.12,
            "gross_profit": 144964,
            "gross_margin": 14.3,
            "gross_margin_4q_avg": 17.6,
            "net_income": 57039,
            "net_income_4q": null,
            "revenue": 1013760,
            "revenue_4q": null,
            "common_shares": 788000,
            "book_valuer_per_share": 14.02,
            "book_valuer_per_share_4q_avg": 14.9,
            "equity": 1104927,
            "current_ratio": 121.99,
            "debt_ratio": 61.27,
            "inventory_turnover_ratio": 1.46,
            "account_receivable_turnover_ratio": 0.84,
            "reinvestment_rate": 11.03,
            "research_to_sale_ratio": 1.21,
            "price_fair": 119.7,
            "eps_avg_yearly": 3.42,
            "eps_latest_yearly": 2.88,
            "eps_growth_yearly": 237.44
        },
        "20174": {
            "year_quarter": 20174,
            "year": 2017,
            "quarter": 4,
            "eps": 0.48,
            "eps_growth_year": -66.79,
            "eps_4q": 1.71,
            "eps_4q_growth_year": -60.82,
            "roe": 3.35,
            "roe_4q": 12.17,
            "gross_profit": 156981,
            "gross_margin": 16.29,
            "gross_margin_4q_avg": 16.32,
            "net_income": 37679,
            "net_income_4q": null,
            "revenue": 963687,
            "revenue_4q": null,
            "common_shares": 788000,
            "book_valuer_per_share": 14.5,
            "book_valuer_per_share_4q_avg": 14.47,
            "equity": 1142302,
            "current_ratio": 125.26,
            "debt_ratio": 60.33,
            "inventory_turnover_ratio": 1.47,
            "account_receivable_turnover_ratio": 0.72,
            "reinvestment_rate": 13.11,
            "research_to_sale_ratio": 0.92,
            "price_fair": 115.66,
            "eps_avg_yearly": 3.3,
            "eps_latest_yearly": 1.92,
            "eps_growth_yearly": 208.91
        },
        "20181": {
            "year_quarter": 20181,
            "year": 2018,
            "quarter": 1,
            "eps": 0.05,
            "eps_growth_year": null,
            "eps_4q": 1.81,
            "eps_4q_growth_year": -43.11,
            "roe": 0.31,
            "roe_4q": 12.81,
            "gross_profit": 104589,
            "gross_margin": 14.47,
            "gross_margin_4q_avg": 15.32,
            "net_income": 3565,
            "net_income_4q": null,
            "revenue": 722712,
            "revenue_4q": null,
            "common_shares": 788000,
            "book_valuer_per_share": 14.48,
            "book_valuer_per_share_4q_avg": 14.08,
            "equity": 1141309,
            "current_ratio": 129.6,
            "debt_ratio": 55.21,
            "inventory_turnover_ratio": 1.16,
            "account_receivable_turnover_ratio": 0.59,
            "reinvestment_rate": 12.99,
            "research_to_sale_ratio": 0.95,
            "price_fair": 107.9,
            "eps_avg_yearly": 3.08,
            "eps_latest_yearly": 0.2,
            "eps_growth_yearly": 168.4
        },
        "20182": {
            "year_quarter": 20182,
            "year": 2018,
            "quarter": 2,
            "eps": 0.84,
            "eps_growth_year": 50,
            "eps_4q": 2.1,
            "eps_4q_growth_year": -20.67,
            "roe": 5.96,
            "roe_4q": 14.919999999999998,
            "gross_profit": 110792,
            "gross_margin": 11.32,
            "gross_margin_4q_avg": 14.1,
            "net_income": 66823,
            "net_income_4q": null,
            "revenue": 978866,
            "revenue_4q": null,
            "common_shares": 788000,
            "book_valuer_per_share": 13.96,
            "book_valuer_per_share_4q_avg": 14.24,
            "equity": 1100317,
            "current_ratio": 123.59,
            "debt_ratio": 59.67,
            "inventory_turnover_ratio": 1.58,
            "account_receivable_turnover_ratio": 0.86,
            "reinvestment_rate": 13.94,
            "research_to_sale_ratio": 0.8,
            "price_fair": 115.1,
            "eps_avg_yearly": 3.29,
            "eps_latest_yearly": 3.36,
            "eps_growth_yearly": 641.54
        },
        "20183": {
            "year_quarter": 20183,
            "year": 2018,
            "quarter": 3,
            "eps": 0.47,
            "eps_growth_year": -34.72,
            "eps_4q": 1.84,
            "eps_4q_growth_year": -31.1,
            "roe": 3.32,
            "roe_4q": 12.94,
            "gross_profit": 131585,
            "gross_margin": 13.02,
            "gross_margin_4q_avg": 13.78,
            "net_income": 37140,
            "net_income_4q": null,
            "revenue": 1010710,
            "revenue_4q": null,
            "common_shares": 788000,
            "book_valuer_per_share": 14.44,
            "book_valuer_per_share_4q_avg": 14.35,
            "equity": 1137546,
            "current_ratio": 124.96,
            "debt_ratio": 59.08,
            "inventory_turnover_ratio": 1.66,
            "account_receivable_turnover_ratio": 0.8,
            "reinvestment_rate": 15.58,
            "research_to_sale_ratio": 0.84,
            "price_fair": 113.5,
            "eps_avg_yearly": 3.24,
            "eps_latest_yearly": 1.88,
            "eps_growth_yearly": 507.53
        },
        "20184": {
            "year_quarter": 20184,
            "year": 2018,
            "quarter": 4,
            "eps": -0.37,
            "eps_growth_year": -176.89,
            "eps_4q": 1,
            "eps_4q_growth_year": -41.81,
            "roe": -2.58,
            "roe_4q": 7.009999999999999,
            "gross_profit": 132312,
            "gross_margin": 15.06,
            "gross_margin_4q_avg": 13.47,
            "net_income": -28971,
            "net_income_4q": null,
            "revenue": 878504,
            "revenue_4q": null,
            "common_shares": 788000,
            "book_valuer_per_share": 14.08,
            "book_valuer_per_share_4q_avg": 14.24,
            "equity": 1109643,
            "current_ratio": 123.2,
            "debt_ratio": 60.46,
            "inventory_turnover_ratio": 1.39,
            "account_receivable_turnover_ratio": 0.67,
            "reinvestment_rate": 16.74,
            "research_to_sale_ratio": 1.1,
            "price_fair": 113.4,
            "eps_avg_yearly": 3.24,
            "eps_latest_yearly": 1.88,
            "eps_growth_yearly": 537.29
        },
        "20191": {
            "year_quarter": 20191,
            "year": 2019,
            "quarter": 1,
            "eps": 0.57,
            "eps_growth_year": 1040,
            "eps_4q": 1.52,
            "eps_4q_growth_year": -16.12,
            "roe": 3.95,
            "roe_4q": 10.649999999999999,
            "gross_profit": 144377,
            "gross_margin": 15.84,
            "gross_margin_4q_avg": 13.81,
            "net_income": 44764,
            "net_income_4q": null,
            "revenue": 911642,
            "revenue_4q": null,
            "common_shares": 788000,
            "book_valuer_per_share": 14.66,
            "book_valuer_per_share_4q_avg": 14.29,
            "equity": 1155122,
            "current_ratio": 127.23,
            "debt_ratio": 60.44,
            "inventory_turnover_ratio": 1.28,
            "account_receivable_turnover_ratio": 0.74,
            "reinvestment_rate": 19.71,
            "research_to_sale_ratio": 1.29,
            "price_fair": 117.83,
            "eps_avg_yearly": 3.37,
            "eps_latest_yearly": 1.88,
            "eps_growth_yearly": 597.91
        },
        "20192": {
            "year_quarter": 20192,
            "year": 2019,
            "quarter": 2,
            "eps": 0.65,
            "eps_growth_year": -22.62,
            "eps_4q": 1.32,
            "eps_4q_growth_year": -36.83,
            "roe": 4.5,
            "roe_4q": 9.19,
            "gross_profit": 227945,
            "gross_margin": 18.68,
            "gross_margin_4q_avg": 15.65,
            "net_income": 51372,
            "net_income_4q": null,
            "revenue": 1220242,
            "revenue_4q": null,
            "common_shares": 788000,
            "book_valuer_per_share": 14.34,
            "book_valuer_per_share_4q_avg": 14.38,
            "equity": 1129610,
            "current_ratio": 119.11,
            "debt_ratio": 66.38,
            "inventory_turnover_ratio": 1.65,
            "account_receivable_turnover_ratio": 0.89,
            "reinvestment_rate": 19.47,
            "research_to_sale_ratio": 0.86,
            "price_fair": 119.47,
            "eps_avg_yearly": 3.41,
            "eps_latest_yearly": 2.6,
            "eps_growth_yearly": 596.39
        },
        "20193": {
            "year_quarter": 20193,
            "year": 2019,
            "quarter": 3,
            "eps": 1.31,
            "eps_growth_year": 178.72,
            "eps_4q": 2.16,
            "eps_4q_growth_year": 17.32,
            "roe": 8.74,
            "roe_4q": 14.610000000000001,
            "gross_profit": 219959,
            "gross_margin": 18.47,
            "gross_margin_4q_avg": 17.01,
            "net_income": 103194,
            "net_income_4q": null,
            "revenue": 1190661,
            "revenue_4q": null,
            "common_shares": 788000,
            "book_valuer_per_share": 15.64,
            "book_valuer_per_share_4q_avg": 14.68,
            "equity": 1232264,
            "current_ratio": 127.23,
            "debt_ratio": 63.21,
            "inventory_turnover_ratio": 1.6,
            "account_receivable_turnover_ratio": 0.76,
            "reinvestment_rate": 20.23,
            "research_to_sale_ratio": 0.85,
            "price_fair": 112.47,
            "eps_avg_yearly": 3.21,
            "eps_latest_yearly": 5.24,
            "eps_growth_yearly": 538.73
        },
        "20194": {
            "year_quarter": 20194,
            "year": 2019,
            "quarter": 4,
            "eps": 0.66,
            "eps_growth_year": null,
            "eps_4q": 3.19,
            "eps_4q_growth_year": 220.12,
            "roe": 4.16,
            "roe_4q": 21.349999999999998,
            "gross_profit": 178210,
            "gross_margin": 20.31,
            "gross_margin_4q_avg": 18.33,
            "net_income": 52146,
            "net_income_4q": null,
            "revenue": 877516,
            "revenue_4q": null,
            "common_shares": 788000,
            "book_valuer_per_share": 16.21,
            "book_valuer_per_share_4q_avg": 15.21,
            "equity": 1277483,
            "current_ratio": 136.81,
            "debt_ratio": 58.81,
            "inventory_turnover_ratio": 1.03,
            "account_receivable_turnover_ratio": 0.64,
            "reinvestment_rate": 18.71,
            "research_to_sale_ratio": 1.53,
            "price_fair": 111.42,
            "eps_avg_yearly": 3.18,
            "eps_latest_yearly": 2.64,
            "eps_growth_yearly": 542.44
        },
        "20201": {
            "year_quarter": 20201,
            "year": 2020,
            "quarter": 1,
            "eps": 1.59,
            "eps_growth_year": 178.95,
            "eps_4q": 4.22,
            "eps_4q_growth_year": 177.43,
            "roe": 9.36,
            "roe_4q": 26.759999999999998,
            "gross_profit": 226739,
            "gross_margin": 20.37,
            "gross_margin_4q_avg": 19.46,
            "net_income": 125527,
            "net_income_4q": null,
            "revenue": 1113113,
            "revenue_4q": null,
            "common_shares": 788000,
            "book_valuer_per_share": 17.83,
            "book_valuer_per_share_4q_avg": 16.01,
            "equity": 1404891,
            "current_ratio": 151.3,
            "debt_ratio": 55.08,
            "inventory_turnover_ratio": 1.28,
            "account_receivable_turnover_ratio": 0.91,
            "reinvestment_rate": -0.44,
            "research_to_sale_ratio": 0.85,
            "price_fair": 116.78,
            "eps_avg_yearly": 3.34,
            "eps_latest_yearly": 6.36,
            "eps_growth_yearly": 572.52
        },
        "20202": {
            "year_quarter": 20202,
            "year": 2020,
            "quarter": 2,
            "eps": 1.15,
            "eps_growth_year": 76.92,
            "eps_4q": 4.71,
            "eps_4q_growth_year": 255.97,
            "roe": 6.25,
            "roe_4q": 28.509999999999998,
            "gross_profit": 256744,
            "gross_margin": 21.47,
            "gross_margin_4q_avg": 20.16,
            "net_income": 90429,
            "net_income_4q": null,
            "revenue": 1196048,
            "revenue_4q": null,
            "common_shares": 788000,
            "book_valuer_per_share": 18.91,
            "book_valuer_per_share_4q_avg": 17.15,
            "equity": 1489725,
            "current_ratio": 153.13,
            "debt_ratio": 55.82,
            "inventory_turnover_ratio": 1.35,
            "account_receivable_turnover_ratio": 0.88,
            "reinvestment_rate": -1.33,
            "research_to_sale_ratio": 0.73,
            "price_fair": 117.25,
            "eps_avg_yearly": 3.35,
            "eps_latest_yearly": 4.6,
            "eps_growth_yearly": 563.89
        },
        "20203": {
            "year_quarter": 20203,
            "year": 2020,
            "quarter": 3,
            "eps": 1.46,
            "eps_growth_year": 11.45,
            "eps_4q": 4.86,
            "eps_4q_growth_year": 124.7,
            "roe": 7.43,
            "roe_4q": 27.2,
            "gross_profit": 291318,
            "gross_margin": 20.06,
            "gross_margin_4q_avg": 20.55,
            "net_income": 114700,
            "net_income_4q": null,
            "revenue": 1452278,
            "revenue_4q": null,
            "common_shares": 788000,
            "book_valuer_per_share": 20.28,
            "book_valuer_per_share_4q_avg": 18.31,
            "equity": 1597824,
            "current_ratio": 152.16,
            "debt_ratio": 56.99,
            "inventory_turnover_ratio": 1.54,
            "account_receivable_turnover_ratio": 0.9,
            "reinvestment_rate": -2.39,
            "research_to_sale_ratio": 0.88,
            "price_fair": 126.23,
            "eps_avg_yearly": 3.61,
            "eps_latest_yearly": 5.84,
            "eps_growth_yearly": 585.48
        },
        "20204": {
            "year_quarter": 20204,
            "year": 2020,
            "quarter": 4,
            "eps": 1.6,
            "eps_growth_year": 141.44,
            "eps_4q": 5.79,
            "eps_4q_growth_year": 81.55,
            "roe": 7.6,
            "roe_4q": 30.64,
            "gross_profit": 291974,
            "gross_margin": 19.33,
            "gross_margin_4q_avg": 20.31,
            "net_income": 125899,
            "net_income_4q": null,
            "revenue": 1510506,
            "revenue_4q": null,
            "common_shares": 788000,
            "book_valuer_per_share": 21.76,
            "book_valuer_per_share_4q_avg": 19.7,
            "equity": 1714454,
            "current_ratio": 156.71,
            "debt_ratio": 55.35,
            "inventory_turnover_ratio": 1.57,
            "account_receivable_turnover_ratio": 0.83,
            "reinvestment_rate": -2.3,
            "research_to_sale_ratio": 0.71,
            "price_fair": 128.1,
            "eps_avg_yearly": 3.66,
            "eps_latest_yearly": 6.4,
            "eps_growth_yearly": 552.45
        },
        "20211": {
            "year_quarter": 20211,
            "year": 2021,
            "quarter": 1,
            "eps": 1.03,
            "eps_growth_year": -35.22,
            "eps_4q": 5.23,
            "eps_4q_growth_year": 24.13,
            "roe": 4.63,
            "roe_4q": 25.91,
            "gross_profit": 192478,
            "gross_margin": 15.04,
            "gross_margin_4q_avg": 18.98,
            "net_income": 81370,
            "net_income_4q": null,
            "revenue": 1279384,
            "revenue_4q": null,
            "common_shares": 788000,
            "book_valuer_per_share": 22.84,
            "book_valuer_per_share_4q_avg": 20.95,
            "equity": 1799923,
            "current_ratio": 154.51,
            "debt_ratio": 57.79,
            "inventory_turnover_ratio": 1.27,
            "account_receivable_turnover_ratio": 0.69,
            "reinvestment_rate": -0.42,
            "research_to_sale_ratio": 0.5,
            "price_fair": 129.34,
            "eps_avg_yearly": 3.7,
            "eps_latest_yearly": 4.12,
            "eps_growth_yearly": 498.99
        },
        "20212": {
            "year_quarter": 20212,
            "year": 2021,
            "quarter": 2,
            "eps": 0.14,
            "eps_growth_year": -87.83,
            "eps_4q": 4.22,
            "eps_4q_growth_year": -10.37,
            "roe": 0.6,
            "roe_4q": 20.259999999999998,
            "gross_profit": 142272,
            "gross_margin": 10.11,
            "gross_margin_4q_avg": 16.14,
            "net_income": 10827,
            "net_income_4q": null,
            "revenue": 1406599,
            "revenue_4q": null,
            "common_shares": 788000,
            "book_valuer_per_share": 22.9,
            "book_valuer_per_share_4q_avg": 21.95,
            "equity": 1804512,
            "current_ratio": 155,
            "debt_ratio": 57.6,
            "inventory_turnover_ratio": 1.2,
            "account_receivable_turnover_ratio": 0.75,
            "reinvestment_rate": -0.33,
            "research_to_sale_ratio": 0.39,
            "price_fair": 121.5,
            "eps_avg_yearly": 3.47,
            "eps_latest_yearly": 0.56,
            "eps_growth_yearly": 438.66
        },
        "20213": {
            "year_quarter": 20213,
            "year": 2021,
            "quarter": 3,
            "eps": 1.45,
            "eps_growth_year": -0.68,
            "eps_4q": 4.22,
            "eps_4q_growth_year": -13.17,
            "roe": 6.57,
            "roe_4q": 19.4,
            "gross_profit": 235086,
            "gross_margin": 13.22,
            "gross_margin_4q_avg": 14.43,
            "net_income": 114302,
            "net_income_4q": null,
            "revenue": 1777970,
            "revenue_4q": null,
            "common_shares": 788000,
            "book_valuer_per_share": 21.27,
            "book_valuer_per_share_4q_avg": 22.19,
            "equity": 1675693,
            "current_ratio": 136.15,
            "debt_ratio": 65.78,
            "inventory_turnover_ratio": 1.22,
            "account_receivable_turnover_ratio": 0.84,
            "reinvestment_rate": -2.69,
            "research_to_sale_ratio": 0.47,
            "price_fair": 128.8,
            "eps_avg_yearly": 3.68,
            "eps_latest_yearly": 5.8,
            "eps_growth_yearly": 697.84
        },
        "20214": {
            "year_quarter": 20214,
            "year": 2021,
            "quarter": 4,
            "eps": 1.18,
            "eps_growth_year": -26.32,
            "eps_4q": 3.8,
            "eps_4q_growth_year": -34.45,
            "roe": 5.39,
            "roe_4q": 17.19,
            "gross_profit": 211295,
            "gross_margin": 12.15,
            "gross_margin_4q_avg": 12.63,
            "net_income": 92762,
            "net_income_4q": null,
            "revenue": 1738994,
            "revenue_4q": null,
            "common_shares": 788000,
            "book_valuer_per_share": 22.44,
            "book_valuer_per_share_4q_avg": 22.36,
            "equity": 1768329,
            "current_ratio": 135.96,
            "debt_ratio": 65.97,
            "inventory_turnover_ratio": 1.08,
            "account_receivable_turnover_ratio": 0.74,
            "reinvestment_rate": -1.92,
            "research_to_sale_ratio": 0.39,
            "price_fair": 135.8,
            "eps_avg_yearly": 3.88,
            "eps_latest_yearly": 4.72,
            "eps_growth_yearly": 702.05
        },
        "20221": {
            "year_quarter": 20221,
            "year": 2022,
            "quarter": 1,
            "eps": 2.2,
            "eps_growth_year": 113.59,
            "eps_4q": 4.96,
            "eps_4q_growth_year": -5.17,
            "roe": 9.83,
            "roe_4q": 22.39,
            "gross_profit": 220557,
            "gross_margin": 13.9,
            "gross_margin_4q_avg": 12.35,
            "net_income": 173192,
            "net_income_4q": null,
            "revenue": 1586239,
            "revenue_4q": null,
            "common_shares": 788000,
            "book_valuer_per_share": 22.26,
            "book_valuer_per_share_4q_avg": 22.22,
            "equity": 1754055,
            "current_ratio": 134.84,
            "debt_ratio": 66.69,
            "inventory_turnover_ratio": 0.89,
            "account_receivable_turnover_ratio": 0.67,
            "reinvestment_rate": -2.6,
            "research_to_sale_ratio": 0.33,
            "price_fair": 157.3,
            "eps_avg_yearly": 4.49,
            "eps_latest_yearly": 8.8,
            "eps_growth_yearly": 752.34
        },
        "20222": {
            "year_quarter": 20222,
            "year": 2022,
            "quarter": 2,
            "eps": 1.33,
            "eps_growth_year": 850,
            "eps_4q": 6.16,
            "eps_4q_growth_year": 45.83,
            "roe": 5.8,
            "roe_4q": 27.59,
            "gross_profit": 137915,
            "gross_margin": 13.55,
            "gross_margin_4q_avg": 13.21,
            "net_income": 105069,
            "net_income_4q": null,
            "revenue": 1018148,
            "revenue_4q": null,
            "common_shares": 788000,
            "book_valuer_per_share": 23.72,
            "book_valuer_per_share_4q_avg": 22.42,
            "equity": 1869414,
            "current_ratio": 147.75,
            "debt_ratio": 61.03,
            "inventory_turnover_ratio": 0.56,
            "account_receivable_turnover_ratio": 0.5,
            "reinvestment_rate": -3.11,
            "research_to_sale_ratio": 0.73,
            "price_fair": 162.2,
            "eps_avg_yearly": 4.63,
            "eps_latest_yearly": 5.32,
            "eps_growth_yearly": 289.61
        },
        "20223": {
            "year_quarter": 20223,
            "year": 2022,
            "quarter": 3,
            "eps": 1.24,
            "eps_growth_year": -14.48,
            "eps_4q": 5.95,
            "eps_4q_growth_year": 40.99,
            "roe": 5.06,
            "roe_4q": 26.08,
            "gross_profit": 101050,
            "gross_margin": 12.7,
            "gross_margin_4q_avg": 13.08,
            "net_income": 97636,
            "net_income_4q": null,
            "revenue": 795382,
            "revenue_4q": null,
            "common_shares": 788000,
            "book_valuer_per_share": 25.26,
            "book_valuer_per_share_4q_avg": 23.42,
            "equity": 1990380,
            "current_ratio": 169.78,
            "debt_ratio": 54.66,
            "inventory_turnover_ratio": 0.46,
            "account_receivable_turnover_ratio": 0.55,
            "reinvestment_rate": -2.96,
            "research_to_sale_ratio": 0.55,
            "price_fair": 169.9,
            "eps_avg_yearly": 4.85,
            "eps_latest_yearly": 4.96,
            "eps_growth_yearly": 300.26
        },
        "20224": {
            "year_quarter": 20224,
            "year": 2022,
            "quarter": 4,
            "eps": -1.32,
            "eps_growth_year": -211.94,
            "eps_4q": 3.45,
            "eps_4q_growth_year": -9.09,
            "roe": -5.37,
            "roe_4q": 15.32,
            "gross_profit": 134949,
            "gross_margin": 20.52,
            "gross_margin_4q_avg": 15.17,
            "net_income": -103838,
            "net_income_4q": null,
            "revenue": 657678,
            "revenue_4q": null,
            "common_shares": 788000,
            "book_valuer_per_share": 23.81,
            "book_valuer_per_share_4q_avg": 23.76,
            "equity": 1875926,
            "current_ratio": 193.21,
            "debt_ratio": 48.05,
            "inventory_turnover_ratio": 0.37,
            "account_receivable_turnover_ratio": 0.64,
            "reinvestment_rate": -1.27,
            "research_to_sale_ratio": 0.83,
            "price_fair": 169.9,
            "eps_avg_yearly": 4.85,
            "eps_latest_yearly": 4.96,
            "eps_growth_yearly": 300.26
        },
        "20231": {
            "year_quarter": 20231,
            "year": 2023,
            "quarter": 1,
            "eps": 0.4,
            "eps_growth_year": -81.82,
            "eps_4q": 1.65,
            "eps_4q_growth_year": -66.76,
            "roe": 1.68,
            "roe_4q": 7.169999999999999,
            "gross_profit": 118075,
            "gross_margin": 20.11,
            "gross_margin_4q_avg": 16.72,
            "net_income": 31135,
            "net_income_4q": null,
            "revenue": 587007,
            "revenue_4q": null,
            "common_shares": 788000,
            "book_valuer_per_share": 23.14,
            "book_valuer_per_share_4q_avg": 23.98,
            "equity": 1823492,
            "current_ratio": 193.58,
            "debt_ratio": 47.56,
            "inventory_turnover_ratio": 0.34,
            "account_receivable_turnover_ratio": 0.71,
            "reinvestment_rate": -3.74,
            "research_to_sale_ratio": 0.68,
            "price_fair": 169.9,
            "eps_avg_yearly": 4.85,
            "eps_latest_yearly": 4.96,
            "eps_growth_yearly": 300.26
        },
        "20232": {
            "year_quarter": 20232,
            "year": 2023,
            "quarter": 2,
            "eps": -0.36,
            "eps_growth_year": -127.07,
            "eps_4q": -0.04,
            "eps_4q_growth_year": -100.7,
            "roe": -1.56,
            "roe_4q": -0.1900000000000004,
            "gross_profit": 177895,
            "gross_margin": 18.7,
            "gross_margin_4q_avg": 18.01,
            "net_income": -28310,
            "net_income_4q": null,
            "revenue": 951353,
            "revenue_4q": null,
            "common_shares": 788000,
            "book_valuer_per_share": 22.94,
            "book_valuer_per_share_4q_avg": 23.79,
            "equity": 1807642,
            "current_ratio": 170.76,
            "debt_ratio": 52.76,
            "inventory_turnover_ratio": 0.57,
            "account_receivable_turnover_ratio": 0.98,
            "reinvestment_rate": -3.66,
            "research_to_sale_ratio": 0.53,
            "price_fair": 175.97,
            "eps_avg_yearly": 5.03,
            "eps_latest_yearly": 4.96,
            "eps_growth_yearly": 319.04
        },
        "20233": {
            "year_quarter": 20233,
            "year": 2023,
            "quarter": 3,
            "eps": 0.94,
            "eps_growth_year": -24.19,
            "eps_4q": -0.35,
            "eps_4q_growth_year": -105.81,
            "roe": 3.98,
            "roe_4q": -1.2700000000000005,
            "gross_profit": 144587,
            "gross_margin": 19.28,
            "gross_margin_4q_avg": 19.65,
            "net_income": 73782,
            "net_income_4q": null,
            "revenue": 749752,
            "revenue_4q": null,
            "common_shares": 788000,
            "book_valuer_per_share": 24.14,
            "book_valuer_per_share_4q_avg": 23.51,
            "equity": 1902468,
            "current_ratio": 193.41,
            "debt_ratio": 48.29,
            "inventory_turnover_ratio": 0.47,
            "account_receivable_turnover_ratio": 0.66,
            "reinvestment_rate": -3.3,
            "research_to_sale_ratio": 0.56,
            "price_fair": 175.35,
            "eps_avg_yearly": 5.01,
            "eps_latest_yearly": 4.96,
            "eps_growth_yearly": 311.78
        },
        "20234": {
            "year_quarter": 20234,
            "year": 2023,
            "quarter": 4,
            "eps": 0.49,
            "eps_growth_year": null,
            "eps_4q": 1.46,
            "eps_4q_growth_year": -57.66,
            "roe": 2.02,
            "roe_4q": 6.119999999999999,
            "gross_profit": 222271,
            "gross_margin": 20.39,
            "gross_margin_4q_avg": 19.62,
            "net_income": 38583,
            "net_income_4q": null,
            "revenue": 1089918,
            "revenue_4q": null,
            "common_shares": 788000,
            "book_valuer_per_share": 24.25,
            "book_valuer_per_share_4q_avg": 23.62,
            "equity": 1911182,
            "current_ratio": 175.02,
            "debt_ratio": 51.96,
            "inventory_turnover_ratio": 0.72,
            "account_receivable_turnover_ratio": 0.9,
            "reinvestment_rate": -2.92,
            "research_to_sale_ratio": 0.39,
            "price_fair": 173.37,
            "eps_avg_yearly": 4.95,
            "eps_latest_yearly": 1.96,
            "eps_growth_yearly": 312.37
        }
    },
    "months": {
        "2003-03": {
            "month": "2003-03",
            "price": "33.93",
            "revenue": 96278
        },
        "2003-04": {
            "month": "2003-04",
            "price": "33.02",
            "revenue": 123084
        },
        "2003-05": {
            "month": "2003-05",
            "price": "30.50",
            "revenue": 124206
        },
        "2003-06": {
            "month": "2003-06",
            "price": "27.81",
            "revenue": 110602
        },
        "2003-07": {
            "month": "2003-07",
            "price": "26.32",
            "revenue": 170000
        },
        "2003-08": {
            "month": "2003-08",
            "price": "25.18",
            "revenue": 193631
        },
        "2003-09": {
            "month": "2003-09",
            "price": "24.22",
            "revenue": 206403
        },
        "2003-10": {
            "month": "2003-10",
            "price": "23.11",
            "revenue": 192702
        },
        "2003-11": {
            "month": "2003-11",
            "price": "23.75",
            "revenue": 181809
        },
        "2003-12": {
            "month": "2003-12",
            "price": "23.40",
            "revenue": 176086
        },
        "2004-01": {
            "month": "2004-01",
            "price": "23.25",
            "revenue": 140122
        },
        "2004-02": {
            "month": "2004-02",
            "price": "23.98",
            "revenue": 162180
        },
        "2004-03": {
            "month": "2004-03",
            "price": "23.28",
            "revenue": 223676
        },
        "2004-04": {
            "month": "2004-04",
            "price": "22.50",
            "revenue": 261589
        },
        "2004-05": {
            "month": "2004-05",
            "price": "17.81",
            "revenue": 196780
        },
        "2004-06": {
            "month": "2004-06",
            "price": "17.43",
            "revenue": 152056
        },
        "2004-07": {
            "month": "2004-07",
            "price": "16.50",
            "revenue": 104363
        },
        "2004-08": {
            "month": "2004-08",
            "price": "15.67",
            "revenue": 164894
        },
        "2004-09": {
            "month": "2004-09",
            "price": "14.79",
            "revenue": 208108
        },
        "2004-10": {
            "month": "2004-10",
            "price": "14.14",
            "revenue": 263780
        },
        "2004-11": {
            "month": "2004-11",
            "price": "13.91",
            "revenue": 229718
        },
        "2004-12": {
            "month": "2004-12",
            "price": "13.95",
            "revenue": 228167
        },
        "2005-01": {
            "month": "2005-01",
            "price": "14.06",
            "revenue": 201082
        },
        "2005-02": {
            "month": "2005-02",
            "price": "13.87",
            "revenue": 104567
        },
        "2005-03": {
            "month": "2005-03",
            "price": "13.10",
            "revenue": 152637
        },
        "2005-04": {
            "month": "2005-04",
            "price": "12.65",
            "revenue": 84475
        },
        "2005-05": {
            "month": "2005-05",
            "price": "12.69",
            "revenue": 84854
        },
        "2005-06": {
            "month": "2005-06",
            "price": "11.95",
            "revenue": 119438
        },
        "2005-07": {
            "month": "2005-07",
            "price": "11.53",
            "revenue": 107800
        },
        "2005-08": {
            "month": "2005-08",
            "price": "11.35",
            "revenue": 175533
        },
        "2005-09": {
            "month": "2005-09",
            "price": "9.60",
            "revenue": 225018
        },
        "2005-10": {
            "month": "2005-10",
            "price": "9.23",
            "revenue": 160319
        },
        "2005-11": {
            "month": "2005-11",
            "price": "9.35",
            "revenue": 101592
        },
        "2005-12": {
            "month": "2005-12",
            "price": "9.57",
            "revenue": 103668
        },
        "2006-01": {
            "month": "2006-01",
            "price": "9.84",
            "revenue": 70282
        },
        "2006-02": {
            "month": "2006-02",
            "price": "10.22",
            "revenue": 41654
        },
        "2006-03": {
            "month": "2006-03",
            "price": "9.79",
            "revenue": 88685
        },
        "2006-04": {
            "month": "2006-04",
            "price": "9.57",
            "revenue": 98746
        },
        "2006-05": {
            "month": "2006-05",
            "price": "9.32",
            "revenue": 105599
        },
        "2006-06": {
            "month": "2006-06",
            "price": "8.74",
            "revenue": 86941
        },
        "2006-07": {
            "month": "2006-07",
            "price": "8.63",
            "revenue": 128070
        },
        "2006-08": {
            "month": "2006-08",
            "price": "8.95",
            "revenue": 149644
        },
        "2006-09": {
            "month": "2006-09",
            "price": "8.18",
            "revenue": 174287
        },
        "2006-10": {
            "month": "2006-10",
            "price": "8.23",
            "revenue": 194960
        },
        "2006-11": {
            "month": "2006-11",
            "price": "8.98",
            "revenue": 181803
        },
        "2006-12": {
            "month": "2006-12",
            "price": "10.00",
            "revenue": 185716
        },
        "2007-01": {
            "month": "2007-01",
            "price": "10.60",
            "revenue": 144666
        },
        "2007-02": {
            "month": "2007-02",
            "price": "10.66",
            "revenue": 83410
        },
        "2007-03": {
            "month": "2007-03",
            "price": "15.01",
            "revenue": 119000
        },
        "2007-04": {
            "month": "2007-04",
            "price": "22.30",
            "revenue": 134561
        },
        "2007-05": {
            "month": "2007-05",
            "price": "17.46",
            "revenue": 138327
        },
        "2007-06": {
            "month": "2007-06",
            "price": "19.44",
            "revenue": 145181
        },
        "2007-07": {
            "month": "2007-07",
            "price": "20.62",
            "revenue": 214552
        },
        "2007-08": {
            "month": "2007-08",
            "price": "17.68",
            "revenue": 223933
        },
        "2007-09": {
            "month": "2007-09",
            "price": "17.39",
            "revenue": 166272
        },
        "2007-10": {
            "month": "2007-10",
            "price": "16.21",
            "revenue": 202986
        },
        "2007-11": {
            "month": "2007-11",
            "price": "13.66",
            "revenue": 142788
        },
        "2007-12": {
            "month": "2007-12",
            "price": "12.55",
            "revenue": 135908
        },
        "2008-01": {
            "month": "2008-01",
            "price": "11.78",
            "revenue": 139707
        },
        "2008-02": {
            "month": "2008-02",
            "price": "10.97",
            "revenue": 77740
        },
        "2008-03": {
            "month": "2008-03",
            "price": "11.65",
            "revenue": 84868
        },
        "2008-04": {
            "month": "2008-04",
            "price": "12.75",
            "revenue": 159402
        },
        "2008-05": {
            "month": "2008-05",
            "price": "13.63",
            "revenue": 106689
        },
        "2008-06": {
            "month": "2008-06",
            "price": "11.33",
            "revenue": 107324
        },
        "2008-07": {
            "month": "2008-07",
            "price": "9.12",
            "revenue": 189288
        },
        "2008-08": {
            "month": "2008-08",
            "price": "8.44",
            "revenue": 193094
        },
        "2008-09": {
            "month": "2008-09",
            "price": "7.24",
            "revenue": 119618
        },
        "2008-10": {
            "month": "2008-10",
            "price": "6.61",
            "revenue": 147767
        },
        "2008-11": {
            "month": "2008-11",
            "price": "6.18",
            "revenue": 64125
        },
        "2008-12": {
            "month": "2008-12",
            "price": "6.06",
            "revenue": 100029
        },
        "2009-01": {
            "month": "2009-01",
            "price": "5.95",
            "revenue": 39483
        },
        "2009-02": {
            "month": "2009-02",
            "price": "6.10",
            "revenue": 57022
        },
        "2009-03": {
            "month": "2009-03",
            "price": "8.48",
            "revenue": 95171
        },
        "2009-04": {
            "month": "2009-04",
            "price": "8.68",
            "revenue": 148213
        },
        "2009-05": {
            "month": "2009-05",
            "price": "10.58",
            "revenue": 111307
        },
        "2009-06": {
            "month": "2009-06",
            "price": "11.05",
            "revenue": 142805
        },
        "2009-07": {
            "month": "2009-07",
            "price": "11.42",
            "revenue": 173289
        },
        "2009-08": {
            "month": "2009-08",
            "price": "12.44",
            "revenue": 177663
        },
        "2009-09": {
            "month": "2009-09",
            "price": "19.47",
            "revenue": 189726
        },
        "2009-10": {
            "month": "2009-10",
            "price": "22.78",
            "revenue": 167436
        },
        "2009-11": {
            "month": "2009-11",
            "price": "23.66",
            "revenue": 100823
        },
        "2009-12": {
            "month": "2009-12",
            "price": "23.39",
            "revenue": 106858
        },
        "2010-01": {
            "month": "2010-01",
            "price": "22.01",
            "revenue": 82503
        },
        "2010-02": {
            "month": "2010-02",
            "price": "18.59",
            "revenue": 51919
        },
        "2010-03": {
            "month": "2010-03",
            "price": "19.46",
            "revenue": 108375
        },
        "2010-04": {
            "month": "2010-04",
            "price": "26.58",
            "revenue": 112849
        },
        "2010-05": {
            "month": "2010-05",
            "price": "20.99",
            "revenue": 109482
        },
        "2010-06": {
            "month": "2010-06",
            "price": "21.20",
            "revenue": 136411
        },
        "2010-07": {
            "month": "2010-07",
            "price": "21.44",
            "revenue": 139067
        },
        "2010-08": {
            "month": "2010-08",
            "price": "22.26",
            "revenue": 162845
        },
        "2010-09": {
            "month": "2010-09",
            "price": "20.59",
            "revenue": 137180
        },
        "2010-10": {
            "month": "2010-10",
            "price": "17.79",
            "revenue": 90436
        },
        "2010-11": {
            "month": "2010-11",
            "price": "15.01",
            "revenue": 61350
        },
        "2010-12": {
            "month": "2010-12",
            "price": "17.09",
            "revenue": 103683
        },
        "2011-01": {
            "month": "2011-01",
            "price": "17.91",
            "revenue": 96363
        },
        "2011-02": {
            "month": "2011-02",
            "price": "16.54",
            "revenue": 33646
        },
        "2011-03": {
            "month": "2011-03",
            "price": "15.74",
            "revenue": 70038
        },
        "2011-04": {
            "month": "2011-04",
            "price": "15.42",
            "revenue": 78427
        },
        "2011-05": {
            "month": "2011-05",
            "price": "14.22",
            "revenue": 88310
        },
        "2011-06": {
            "month": "2011-06",
            "price": "12.96",
            "revenue": 66736
        },
        "2011-07": {
            "month": "2011-07",
            "price": "12.62",
            "revenue": 89314
        },
        "2011-08": {
            "month": "2011-08",
            "price": "9.85",
            "revenue": 107351
        },
        "2011-09": {
            "month": "2011-09",
            "price": "9.02",
            "revenue": 143084
        },
        "2011-10": {
            "month": "2011-10",
            "price": "8.61",
            "revenue": 86251
        },
        "2011-11": {
            "month": "2011-11",
            "price": "8.79",
            "revenue": 92099
        },
        "2011-12": {
            "month": "2011-12",
            "price": "8.49",
            "revenue": 118236
        },
        "2012-01": {
            "month": "2012-01",
            "price": "8.85",
            "revenue": 137834
        },
        "2012-02": {
            "month": "2012-02",
            "price": "11.14",
            "revenue": 102463
        },
        "2012-03": {
            "month": "2012-03",
            "price": "14.10",
            "revenue": 148630
        },
        "2012-04": {
            "month": "2012-04",
            "price": "12.33",
            "revenue": 133096
        },
        "2012-05": {
            "month": "2012-05",
            "price": "11.54",
            "revenue": 110799
        },
        "2012-06": {
            "month": "2012-06",
            "price": "10.90",
            "revenue": 79532
        },
        "2012-07": {
            "month": "2012-07",
            "price": "10.86",
            "revenue": 114856
        },
        "2012-08": {
            "month": "2012-08",
            "price": "11.48",
            "revenue": 140188
        },
        "2012-09": {
            "month": "2012-09",
            "price": "11.73",
            "revenue": 94202
        },
        "2012-10": {
            "month": "2012-10",
            "price": "11.20",
            "revenue": 101657
        },
        "2012-11": {
            "month": "2012-11",
            "price": "10.01",
            "revenue": 90360
        },
        "2012-12": {
            "month": "2012-12",
            "price": "10.23",
            "revenue": 52186
        },
        "2013-01": {
            "month": "2013-01",
            "price": "10.78",
            "revenue": 130001
        },
        "2013-02": {
            "month": "2013-02",
            "price": "10.62",
            "revenue": 95928
        },
        "2013-03": {
            "month": "2013-03",
            "price": "10.30",
            "revenue": 150618
        },
        "2013-04": {
            "month": "2013-04",
            "price": "10.06",
            "revenue": 190981
        },
        "2013-05": {
            "month": "2013-05",
            "price": "10.31",
            "revenue": 192323
        },
        "2013-06": {
            "month": "2013-06",
            "price": "10.69",
            "revenue": 119484
        },
        "2013-07": {
            "month": "2013-07",
            "price": "10.80",
            "revenue": 144754
        },
        "2013-08": {
            "month": "2013-08",
            "price": "11.92",
            "revenue": 170288
        },
        "2013-09": {
            "month": "2013-09",
            "price": "12.68",
            "revenue": 191480
        },
        "2013-10": {
            "month": "2013-10",
            "price": "14.77",
            "revenue": 181407
        },
        "2013-11": {
            "month": "2013-11",
            "price": "13.63",
            "revenue": 111334
        },
        "2013-12": {
            "month": "2013-12",
            "price": "13.38",
            "revenue": 158866
        },
        "2014-01": {
            "month": "2014-01",
            "price": "14.12",
            "revenue": 270319
        },
        "2014-02": {
            "month": "2014-02",
            "price": "16.36",
            "revenue": 173616
        },
        "2014-03": {
            "month": "2014-03",
            "price": "17.55",
            "revenue": 224185
        },
        "2014-04": {
            "month": "2014-04",
            "price": "17.95",
            "revenue": 242486
        },
        "2014-05": {
            "month": "2014-05",
            "price": "19.44",
            "revenue": 205660
        },
        "2014-06": {
            "month": "2014-06",
            "price": "18.20",
            "revenue": 213451
        },
        "2014-07": {
            "month": "2014-07",
            "price": "17.80",
            "revenue": 230383
        },
        "2014-08": {
            "month": "2014-08",
            "price": "17.95",
            "revenue": 203865
        },
        "2014-09": {
            "month": "2014-09",
            "price": "16.45",
            "revenue": 290009
        },
        "2014-10": {
            "month": "2014-10",
            "price": "16.29",
            "revenue": 218617
        },
        "2014-11": {
            "month": "2014-11",
            "price": "15.77",
            "revenue": 178308
        },
        "2014-12": {
            "month": "2014-12",
            "price": "16.15",
            "revenue": 257294
        },
        "2015-01": {
            "month": "2015-01",
            "price": "17.12",
            "revenue": 232230
        },
        "2015-02": {
            "month": "2015-02",
            "price": "17.37",
            "revenue": 173331
        },
        "2015-03": {
            "month": "2015-03",
            "price": "17.78",
            "revenue": 261983
        },
        "2015-04": {
            "month": "2015-04",
            "price": "22.18",
            "revenue": 223038
        },
        "2015-05": {
            "month": "2015-05",
            "price": "22.36",
            "revenue": 169408
        },
        "2015-06": {
            "month": "2015-06",
            "price": "21.30",
            "revenue": 250484
        },
        "2015-07": {
            "month": "2015-07",
            "price": "19.34",
            "revenue": 305383
        },
        "2015-08": {
            "month": "2015-08",
            "price": "23.02",
            "revenue": 334765
        },
        "2015-09": {
            "month": "2015-09",
            "price": "41.96",
            "revenue": 333711
        },
        "2015-10": {
            "month": "2015-10",
            "price": "53.39",
            "revenue": 200226
        },
        "2015-11": {
            "month": "2015-11",
            "price": "57.02",
            "revenue": 157028
        },
        "2015-12": {
            "month": "2015-12",
            "price": "42.85",
            "revenue": 246308
        },
        "2016-01": {
            "month": "2016-01",
            "price": "42.77",
            "revenue": 310409
        },
        "2016-02": {
            "month": "2016-02",
            "price": "54.05",
            "revenue": 198369
        },
        "2016-03": {
            "month": "2016-03",
            "price": "54.19",
            "revenue": 354097
        },
        "2016-04": {
            "month": "2016-04",
            "price": "60.57",
            "revenue": 276787
        },
        "2016-05": {
            "month": "2016-05",
            "price": "55.45",
            "revenue": 245198
        },
        "2016-06": {
            "month": "2016-06",
            "price": "57.04",
            "revenue": 287923
        },
        "2016-07": {
            "month": "2016-07",
            "price": "62.12",
            "revenue": 239356
        },
        "2016-08": {
            "month": "2016-08",
            "price": "57.25",
            "revenue": 403671
        },
        "2016-09": {
            "month": "2016-09",
            "price": "55.54",
            "revenue": 329806
        },
        "2016-10": {
            "month": "2016-10",
            "price": "48.40",
            "revenue": 227658
        },
        "2016-11": {
            "month": "2016-11",
            "price": "44.49",
            "revenue": 292199
        },
        "2016-12": {
            "month": "2016-12",
            "price": "50.75",
            "revenue": 360503
        },
        "2017-01": {
            "month": "2017-01",
            "price": "59.11",
            "revenue": 300213
        },
        "2017-02": {
            "month": "2017-02",
            "price": "60.08",
            "revenue": 233482
        },
        "2017-03": {
            "month": "2017-03",
            "price": "62.20",
            "revenue": 303694
        },
        "2017-04": {
            "month": "2017-04",
            "price": "59.31",
            "revenue": 287088
        },
        "2017-05": {
            "month": "2017-05",
            "price": "56.17",
            "revenue": 258706
        },
        "2017-06": {
            "month": "2017-06",
            "price": "52.22",
            "revenue": 292665
        },
        "2017-07": {
            "month": "2017-07",
            "price": "51.17",
            "revenue": 315492
        },
        "2017-08": {
            "month": "2017-08",
            "price": "52.89",
            "revenue": 357670
        },
        "2017-09": {
            "month": "2017-09",
            "price": "48.78",
            "revenue": 340597
        },
        "2017-10": {
            "month": "2017-10",
            "price": "46.39",
            "revenue": 275257
        },
        "2017-11": {
            "month": "2017-11",
            "price": "47.12",
            "revenue": 338879
        },
        "2017-12": {
            "month": "2017-12",
            "price": "46.44",
            "revenue": 349551
        },
        "2018-01": {
            "month": "2018-01",
            "price": "45.70",
            "revenue": 286721
        },
        "2018-02": {
            "month": "2018-02",
            "price": "43.17",
            "revenue": 151252
        },
        "2018-03": {
            "month": "2018-03",
            "price": "44.04",
            "revenue": 284740
        },
        "2018-04": {
            "month": "2018-04",
            "price": "38.95",
            "revenue": 346278
        },
        "2018-05": {
            "month": "2018-05",
            "price": "35.52",
            "revenue": 349970
        },
        "2018-06": {
            "month": "2018-06",
            "price": "38.16",
            "revenue": 282617
        },
        "2018-07": {
            "month": "2018-07",
            "price": "38.04",
            "revenue": 339212
        },
        "2018-08": {
            "month": "2018-08",
            "price": "35.93",
            "revenue": 379473
        },
        "2018-09": {
            "month": "2018-09",
            "price": "31.38",
            "revenue": 292025
        },
        "2018-10": {
            "month": "2018-10",
            "price": "27.55",
            "revenue": 312867
        },
        "2018-11": {
            "month": "2018-11",
            "price": "29.25",
            "revenue": 310608
        },
        "2018-12": {
            "month": "2018-12",
            "price": "31.36",
            "revenue": 255028
        },
        "2019-01": {
            "month": "2019-01",
            "price": "30.26",
            "revenue": 347031
        },
        "2019-02": {
            "month": "2019-02",
            "price": "29.72",
            "revenue": 235869
        },
        "2019-03": {
            "month": "2019-03",
            "price": "29.90",
            "revenue": 328741
        },
        "2019-04": {
            "month": "2019-04",
            "price": "29.20",
            "revenue": 383227
        },
        "2019-05": {
            "month": "2019-05",
            "price": "27.91",
            "revenue": 497220
        },
        "2019-06": {
            "month": "2019-06",
            "price": "33.51",
            "revenue": 339796
        },
        "2019-07": {
            "month": "2019-07",
            "price": "36.33",
            "revenue": 412859
        },
        "2019-08": {
            "month": "2019-08",
            "price": "35.24",
            "revenue": 417530
        },
        "2019-09": {
            "month": "2019-09",
            "price": "35.49",
            "revenue": 360272
        },
        "2019-10": {
            "month": "2019-10",
            "price": "34.83",
            "revenue": 363278
        },
        "2019-11": {
            "month": "2019-11",
            "price": "37.69",
            "revenue": 255239
        },
        "2019-12": {
            "month": "2019-12",
            "price": "36.99",
            "revenue": 258998
        },
        "2020-01": {
            "month": "2020-01",
            "price": "36.24",
            "revenue": 415373
        },
        "2020-02": {
            "month": "2020-02",
            "price": "36.47",
            "revenue": 329264
        },
        "2020-03": {
            "month": "2020-03",
            "price": "31.08",
            "revenue": 368476
        },
        "2020-04": {
            "month": "2020-04",
            "price": "30.62",
            "revenue": 408741
        },
        "2020-05": {
            "month": "2020-05",
            "price": "37.69",
            "revenue": 361394
        },
        "2020-06": {
            "month": "2020-06",
            "price": "38.07",
            "revenue": 425913
        },
        "2020-07": {
            "month": "2020-07",
            "price": "43.02",
            "revenue": 513506
        },
        "2020-08": {
            "month": "2020-08",
            "price": "52.90",
            "revenue": 408445
        },
        "2020-09": {
            "month": "2020-09",
            "price": "55.74",
            "revenue": 530327
        },
        "2020-10": {
            "month": "2020-10",
            "price": "52.50",
            "revenue": 464634
        },
        "2020-11": {
            "month": "2020-11",
            "price": "51.61",
            "revenue": 496968
        },
        "2020-12": {
            "month": "2020-12",
            "price": "53.99",
            "revenue": 548903
        },
        "2021-01": {
            "month": "2021-01",
            "price": "53.10",
            "revenue": 489059
        },
        "2021-02": {
            "month": "2021-02",
            "price": "53.75",
            "revenue": 315416
        },
        "2021-03": {
            "month": "2021-03",
            "price": "55.43",
            "revenue": 474909
        },
        "2021-04": {
            "month": "2021-04",
            "price": "59.71",
            "revenue": 475146
        },
        "2021-05": {
            "month": "2021-05",
            "price": "50.36",
            "revenue": 491464
        },
        "2021-06": {
            "month": "2021-06",
            "price": "50.10",
            "revenue": 439989
        },
        "2021-07": {
            "month": "2021-07",
            "price": "49.98",
            "revenue": 585150
        },
        "2021-08": {
            "month": "2021-08",
            "price": "45.14",
            "revenue": 674920
        },
        "2021-09": {
            "month": "2021-09",
            "price": "46.43",
            "revenue": 517901
        },
        "2021-10": {
            "month": "2021-10",
            "price": "44.31",
            "revenue": 648888
        },
        "2021-11": {
            "month": "2021-11",
            "price": "43.46",
            "revenue": 579947
        },
        "2021-12": {
            "month": "2021-12",
            "price": "43.55",
            "revenue": 510159
        },
        "2022-01": {
            "month": "2022-01",
            "price": "43.13",
            "revenue": 629216
        },
        "2022-02": {
            "month": "2022-02",
            "price": "43.21",
            "revenue": 382722
        },
        "2022-03": {
            "month": "2022-03",
            "price": "43.21",
            "revenue": 574301
        },
        "2022-04": {
            "month": "2022-04",
            "price": "44.16",
            "revenue": 478025
        },
        "2022-05": {
            "month": "2022-05",
            "price": "46.91",
            "revenue": 324579
        },
        "2022-06": {
            "month": "2022-06",
            "price": "49.53",
            "revenue": 215544
        },
        "2022-07": {
            "month": "2022-07",
            "price": "36.26",
            "revenue": 242720
        },
        "2022-08": {
            "month": "2022-08",
            "price": "38.40",
            "revenue": 291602
        },
        "2022-09": {
            "month": "2022-09",
            "price": "34.52",
            "revenue": 261060
        },
        "2022-10": {
            "month": "2022-10",
            "price": "31.01",
            "revenue": 236321
        },
        "2022-11": {
            "month": "2022-11",
            "price": "33.53",
            "revenue": 223832
        },
        "2022-12": {
            "month": "2022-12",
            "price": "34.11",
            "revenue": 197525
        },
        "2023-01": {
            "month": "2023-01",
            "price": "33.46",
            "revenue": 203919
        },
        "2023-02": {
            "month": "2023-02",
            "price": "35.58",
            "revenue": 152004
        },
        "2023-03": {
            "month": "2023-03",
            "price": "35.80",
            "revenue": 231084
        },
        "2023-04": {
            "month": "2023-04",
            "price": "34.78",
            "revenue": 288826
        },
        "2023-05": {
            "month": "2023-05",
            "price": "34.36",
            "revenue": 404011
        },
        "2023-06": {
            "month": "2023-06",
            "price": "36.28",
            "revenue": 258516
        },
        "2023-07": {
            "month": "2023-07",
            "price": "36.65",
            "revenue": 231712
        },
        "2023-08": {
            "month": "2023-08",
            "price": "32.86",
            "revenue": 272639
        },
        "2023-09": {
            "month": "2023-09",
            "price": "30.91",
            "revenue": 245401
        },
        "2023-10": {
            "month": "2023-10",
            "price": "30.36",
            "revenue": 395570
        },
        "2023-11": {
            "month": "2023-11",
            "price": "33.35",
            "revenue": 332736
        },
        "2023-12": {
            "month": "2023-12",
            "price": "32.93",
            "revenue": 361612
        }
    }
}
