{
    "summary": {
        "stock_name": "伸興",
        "stock_id": "1558",
        "category": "電機機械",
        "main_business": "家用/工業用縫紉機及相關半成品、零件<br>吸塵器及相關半成品、零件",
        "website_url": "http://www.zenghsing.com.tw/",
        "ceo": "劉棟樑",
        "pe_ratio": 22,
        "report_year_from": 2001,
        "report_year_to": 2023,
        "age": 22,
        "eps_negative_percentage": 0,
        "eps_growth_avg": {
            "last_all": 3.9,
            "last_2y": -6.54,
            "last_4y": 5.85,
            "last_8y": -0.04,
            "last_12y": 1.13,
            "last_16y": null,
            "last_20y": null,
            "at_2006_last_3y": null,
            "at_2007_last_3y": null,
            "at_2008_last_3y": null,
            "at_2009_last_3y": null,
            "at_2010_last_3y": 14.48,
            "at_2011_last_3y": 21.14,
            "at_2012_last_3y": 25.47,
            "at_2013_last_3y": 3.75,
            "at_2014_last_3y": 2.7,
            "at_2015_last_3y": 3.22,
            "at_2016_last_3y": 5.45,
            "at_2017_last_3y": -7.41,
            "at_2018_last_3y": 10.03,
            "at_2019_last_3y": 2.43,
            "at_2020_last_3y": 8.44,
            "at_2021_last_3y": 8.78,
            "at_2022_last_3y": -11.61,
            "at_2023_last_3y": -11.61,
            "at_2006_last_all": null,
            "at_2007_last_all": null,
            "at_2008_last_all": -26.11,
            "at_2009_last_all": 15.93,
            "at_2010_last_all": 14.48,
            "at_2011_last_all": 11.89,
            "at_2012_last_all": 8.28,
            "at_2013_last_all": 8.97,
            "at_2014_last_all": 8.59,
            "at_2015_last_all": 8.04,
            "at_2016_last_all": 7.15,
            "at_2017_last_all": 3.02,
            "at_2018_last_all": 9.07,
            "at_2019_last_all": 6.31,
            "at_2020_last_all": 7.52,
            "at_2021_last_all": 4.55,
            "at_2022_last_all": 3.9,
            "at_2023_last_all": 3.9
        },
        "latest_eps": 5.23,
        "latest_price": 114,
        "latest_roe": 8.14,
        "latest_gross_margin": 21.25,
        "latest_equity": 8286298,
        "latest_revenue": 1655976,
        "latest_gross_profit": 351823,
        "latest_net_income": 84907,
        "latest_debt_ratio": 31.21,
        "latest_current_ratio": 236.17,
        "latest_account_receivable_turnover_ratio": 1.01,
        "latest_inventory_turnover_ratio": 0.84,
        "latest_reinvestment_rate": 82.42,
        "latest_research_to_sale_ratio": 4.1
    },
    "eps_dividends": {
        "2001": {
            "cash": 0,
            "stock": 0,
            "eps": 0
        },
        "2002": {
            "cash": 0,
            "stock": 0,
            "eps": 0
        },
        "2003": {
            "cash": 2,
            "stock": 2,
            "eps": 0
        },
        "2004": {
            "cash": 3,
            "stock": 3,
            "eps": 0
        },
        "2005": {
            "cash": 3.5,
            "stock": 0,
            "eps": 0
        },
        "2006": {
            "cash": 2.2,
            "stock": 0,
            "eps": 6.21
        },
        "2007": {
            "cash": 4.2,
            "stock": 0,
            "eps": 4.65
        },
        "2008": {
            "cash": 2.8,
            "stock": 0,
            "eps": 3.39
        },
        "2009": {
            "cash": 2.2,
            "stock": 0,
            "eps": 11.33
        },
        "2010": {
            "cash": 7,
            "stock": 0,
            "eps": 12.48
        },
        "2011": {
            "cash": 15.7,
            "stock": 0.3,
            "eps": 12.67
        },
        "2012": {
            "cash": 0,
            "stock": 0,
            "eps": 11.43
        },
        "2013": {
            "cash": 7.5,
            "stock": 0.5,
            "eps": 12.93
        },
        "2014": {
            "cash": 9,
            "stock": 0,
            "eps": 13.7
        },
        "2015": {
            "cash": 9,
            "stock": 0,
            "eps": 14.19
        },
        "2016": {
            "cash": 9.5,
            "stock": 0,
            "eps": 14.07
        },
        "2017": {
            "cash": 9.5,
            "stock": 0,
            "eps": 8.68
        },
        "2018": {
            "cash": 8.5,
            "stock": 0,
            "eps": 15.25
        },
        "2019": {
            "cash": 11,
            "stock": 0,
            "eps": 11.16
        },
        "2020": {
            "cash": 8.8,
            "stock": 0,
            "eps": 13.75
        },
        "2021": {
            "cash": 9.5,
            "stock": 0,
            "eps": 8.67
        },
        "2022": {
            "cash": 8.5,
            "stock": 0,
            "eps": 8.16
        },
        "2023": {
            "cash": 5.5,
            "stock": 0,
            "eps": 0.19
        }
    },
    "dividends": {
        "2003-04-29": {
            "cash": 2,
            "stock": 2
        },
        "2004-04-22": {
            "cash": 3,
            "stock": 3
        },
        "2005-04-11": {
            "cash": 3.5,
            "stock": 0
        },
        "2006-04-20": {
            "cash": 2.2,
            "stock": 0
        },
        "2007-04-27": {
            "cash": 4.2,
            "stock": 0
        },
        "2008-03-19": {
            "cash": 2.8,
            "stock": 0
        },
        "2009-05-05": {
            "cash": 2.2,
            "stock": 0
        },
        "2010-03-19": {
            "cash": 7,
            "stock": 0
        },
        "2011-01-01": {
            "cash": 8,
            "stock": 0
        },
        "2011-04-27": {
            "cash": 7.7,
            "stock": 0.3
        },
        "2013-03-11": {
            "cash": 7.5,
            "stock": 0.5
        },
        "2014-06-20": {
            "cash": 9,
            "stock": 0
        },
        "2015-08-14": {
            "cash": 9,
            "stock": 0
        },
        "2016-08-09": {
            "cash": 9.5,
            "stock": 0
        },
        "2017-08-07": {
            "cash": 9.5,
            "stock": 0
        },
        "2018-08-10": {
            "cash": 8.5,
            "stock": 0
        },
        "2019-08-08": {
            "cash": 11,
            "stock": 0
        },
        "2020-08-04": {
            "cash": 8.8,
            "stock": 0
        },
        "2021-09-17": {
            "cash": 9.5,
            "stock": 0
        },
        "2022-09-02": {
            "cash": 8.5,
            "stock": 0
        },
        "2023-03-10": {
            "cash": 5.5,
            "stock": 0
        }
    },
    "prices": {
        "200101": "無",
        "200102": "無",
        "200103": "無",
        "200104": "無",
        "200105": "無",
        "200106": "無",
        "200107": "無",
        "200108": "無",
        "200109": "無",
        "200110": "無",
        "200111": "無",
        "200112": "無",
        "200201": "無",
        "200202": "無",
        "200203": "無",
        "200204": "無",
        "200205": "無",
        "200206": "無",
        "200207": "無",
        "200208": "無",
        "200209": "無",
        "200210": "無",
        "200211": "無",
        "200212": "無",
        "200301": "無",
        "200302": "無",
        "200303": "無",
        "200304": "無",
        "200305": "無",
        "200306": "無",
        "200307": "無",
        "200308": "無",
        "200309": "無",
        "200310": "無",
        "200311": "無",
        "200312": "無",
        "200401": "無",
        "200402": "無",
        "200403": "無",
        "200404": "48.30",
        "200405": "51.00",
        "200406": "51.00",
        "200407": "49.67",
        "200408": "無",
        "200409": "48.85",
        "200410": "無",
        "200411": "無",
        "200412": "31.09",
        "200501": "39.02",
        "200502": "無",
        "200503": "39.00",
        "200504": "38.83",
        "200505": "42.18",
        "200506": "44.98",
        "200507": "53.48",
        "200508": "47.67",
        "200509": "40.66",
        "200510": "無",
        "200511": "40.10",
        "200512": "無",
        "200601": "無",
        "200602": "無",
        "200603": "38.63",
        "200604": "35.54",
        "200605": "無",
        "200606": "無",
        "200607": "34.85",
        "200608": "38.51",
        "200609": "38.86",
        "200610": "41.66",
        "200611": "39.00",
        "200612": "40.54",
        "200701": "40.57",
        "200702": "46.69",
        "200703": "43.77",
        "200704": "44.14",
        "200705": "45.39",
        "200706": "48.39",
        "200707": "52.86",
        "200708": "49.90",
        "200709": "42.84",
        "200710": "37.84",
        "200711": "36.25",
        "200712": "30.50",
        "200801": "28.57",
        "200802": "28.22",
        "200803": "29.24",
        "200804": "31.30",
        "200805": "33.49",
        "200806": "31.81",
        "200807": "27.54",
        "200808": "26.37",
        "200809": "25.70",
        "200810": "24.44",
        "200811": "20.71",
        "200812": "19.17",
        "200901": "19.74",
        "200902": "18.98",
        "200903": "20.15",
        "200904": "23.49",
        "200905": "32.13",
        "200906": "32.89",
        "200907": "37.97",
        "200908": "58.62",
        "200909": "72.45",
        "200910": "79.45",
        "200911": "78.04",
        "200912": "78.35",
        "201001": "80.38",
        "201002": "79.19",
        "201003": "86.38",
        "201004": "108.42",
        "201005": "118.00",
        "201006": "123.17",
        "201007": "139.75",
        "201008": "157.43",
        "201009": "147.86",
        "201010": "128.10",
        "201011": "113.57",
        "201012": "117.13",
        "201101": "112.78",
        "201102": "108.50",
        "201103": "108.80",
        "201104": "106.95",
        "201105": "114.81",
        "201106": "115.31",
        "201107": "120.62",
        "201108": "104.33",
        "201109": "88.83",
        "201110": "90.48",
        "201111": "101.36",
        "201112": "94.30",
        "201201": "93.67",
        "201202": "106.98",
        "201203": "115.80",
        "201204": "106.72",
        "201205": "104.61",
        "201206": "102.79",
        "201207": "102.72",
        "201208": "98.74",
        "201209": "99.68",
        "201210": "99.15",
        "201211": "98.79",
        "201212": "99.98",
        "201301": "102.80",
        "201302": "109.96",
        "201303": "117.17",
        "201304": "129.65",
        "201305": "135.23",
        "201306": "131.42",
        "201307": "143.15",
        "201308": "148.83",
        "201309": "141.25",
        "201310": "159.39",
        "201311": "171.57",
        "201312": "170.05",
        "201401": "158.89",
        "201402": "166.09",
        "201403": "167.88",
        "201404": "167.90",
        "201405": "166.71",
        "201406": "164.58",
        "201407": "162.64",
        "201408": "156.57",
        "201409": "156.95",
        "201410": "150.05",
        "201411": "152.50",
        "201412": "160.75",
        "201501": "158.92",
        "201502": "161.04",
        "201503": "176.16",
        "201504": "181.72",
        "201505": "172.85",
        "201506": "163.64",
        "201507": "156.41",
        "201508": "133.48",
        "201509": "129.15",
        "201510": "137.33",
        "201511": "144.29",
        "201512": "138.91",
        "201601": "136.26",
        "201602": "140.46",
        "201603": "151.61",
        "201604": "147.18",
        "201605": "144.69",
        "201606": "147.07",
        "201607": "141.28",
        "201608": "153.20",
        "201609": "159.50",
        "201610": "157.62",
        "201611": "149.84",
        "201612": "155.20",
        "201701": "161.78",
        "201702": "158.81",
        "201703": "155.20",
        "201704": "151.14",
        "201705": "143.98",
        "201706": "143.13",
        "201707": "133.60",
        "201708": "128.61",
        "201709": "131.43",
        "201710": "128.11",
        "201711": "127.59",
        "201712": "129.14",
        "201801": "128.75",
        "201802": "127.08",
        "201803": "128.33",
        "201804": "129.11",
        "201805": "127.14",
        "201806": "128.72",
        "201807": "126.89",
        "201808": "138.13",
        "201809": "141.26",
        "201810": "140.59",
        "201811": "141.80",
        "201812": "137.83",
        "201901": "137.74",
        "201902": "143.15",
        "201903": "148.58",
        "201904": "149.68",
        "201905": "147.50",
        "201906": "146.29",
        "201907": "138.57",
        "201908": "132.76",
        "201909": "133.58",
        "201910": "132.48",
        "201911": "133.95",
        "201912": "133.09",
        "202001": "131.83",
        "202002": "129.18",
        "202003": "121.02",
        "202004": "125.08",
        "202005": "132.02",
        "202006": "136.55",
        "202007": "132.61",
        "202008": "136.45",
        "202009": "138.23",
        "202010": "136.61",
        "202011": "138.36",
        "202012": "139.80",
        "202101": "140.45",
        "202102": "146.12",
        "202103": "161.32",
        "202104": "174.18",
        "202105": "166.76",
        "202106": "166.33",
        "202107": "165.48",
        "202108": "157.82",
        "202109": "147.58",
        "202110": "147.95",
        "202111": "147.82",
        "202112": "144.36",
        "202201": "144.53",
        "202202": "145.53",
        "202203": "142.04",
        "202204": "139.13",
        "202205": "137.57",
        "202206": "138.26",
        "202207": "137.45",
        "202208": "132.54",
        "202209": "128.48",
        "202210": "112.90",
        "202211": "112.00",
        "202212": "119.34",
        "202301": "118.81",
        "202302": "120.78",
        "202303": "116.50",
        "202304": "112.71",
        "202305": "110.41",
        "202306": "111.61"
    },
    "quarters": {
        "20011": {
            "year_quarter": 20011,
            "year": 2001,
            "quarter": 1,
            "eps": null,
            "eps_growth_year": null,
            "eps_4q": null,
            "eps_4q_growth_year": null,
            "roe": null,
            "roe_4q": 0,
            "gross_profit": null,
            "gross_margin": null,
            "gross_margin_4q_avg": 0,
            "net_income": null,
            "revenue": null,
            "common_shares": null,
            "book_valuer_per_share": null,
            "book_valuer_per_share_4q_avg": 0,
            "equity": null,
            "current_ratio": null,
            "debt_ratio": null,
            "inventory_turnover_ratio": null,
            "account_receivable_turnover_ratio": null,
            "reinvestment_rate": null,
            "research_to_sale_ratio": null,
            "price_fair": 0,
            "eps_avg_yearly": 0,
            "eps_latest_yearly": 0,
            "eps_growth_yearly": 0
        },
        "20012": {
            "year_quarter": 20012,
            "year": 2001,
            "quarter": 2,
            "eps": null,
            "eps_growth_year": null,
            "eps_4q": null,
            "eps_4q_growth_year": null,
            "roe": null,
            "roe_4q": 0,
            "gross_profit": null,
            "gross_margin": null,
            "gross_margin_4q_avg": 0,
            "net_income": null,
            "revenue": null,
            "common_shares": null,
            "book_valuer_per_share": null,
            "book_valuer_per_share_4q_avg": 0,
            "equity": null,
            "current_ratio": null,
            "debt_ratio": null,
            "inventory_turnover_ratio": null,
            "account_receivable_turnover_ratio": null,
            "reinvestment_rate": null,
            "research_to_sale_ratio": null,
            "price_fair": 0,
            "eps_avg_yearly": 0,
            "eps_latest_yearly": 0,
            "eps_growth_yearly": 0
        },
        "20013": {
            "year_quarter": 20013,
            "year": 2001,
            "quarter": 3,
            "eps": null,
            "eps_growth_year": null,
            "eps_4q": null,
            "eps_4q_growth_year": null,
            "roe": null,
            "roe_4q": 0,
            "gross_profit": null,
            "gross_margin": null,
            "gross_margin_4q_avg": 0,
            "net_income": null,
            "revenue": null,
            "common_shares": null,
            "book_valuer_per_share": null,
            "book_valuer_per_share_4q_avg": 0,
            "equity": null,
            "current_ratio": null,
            "debt_ratio": null,
            "inventory_turnover_ratio": null,
            "account_receivable_turnover_ratio": null,
            "reinvestment_rate": null,
            "research_to_sale_ratio": null,
            "price_fair": 0,
            "eps_avg_yearly": 0,
            "eps_latest_yearly": 0,
            "eps_growth_yearly": 0
        },
        "20014": {
            "year_quarter": 20014,
            "year": 2001,
            "quarter": 4,
            "eps": null,
            "eps_growth_year": null,
            "eps_4q": null,
            "eps_4q_growth_year": null,
            "roe": null,
            "roe_4q": 0,
            "gross_profit": null,
            "gross_margin": null,
            "gross_margin_4q_avg": 0,
            "net_income": null,
            "revenue": null,
            "common_shares": 200782,
            "book_valuer_per_share": 22.36,
            "book_valuer_per_share_4q_avg": 5.59,
            "equity": 449268,
            "current_ratio": 162.69,
            "debt_ratio": 54.79,
            "inventory_turnover_ratio": null,
            "account_receivable_turnover_ratio": null,
            "reinvestment_rate": null,
            "research_to_sale_ratio": null,
            "price_fair": 0,
            "eps_avg_yearly": 0,
            "eps_latest_yearly": 0,
            "eps_growth_yearly": 0
        },
        "20021": {
            "year_quarter": 20021,
            "year": 2002,
            "quarter": 1,
            "eps": null,
            "eps_growth_year": null,
            "eps_4q": null,
            "eps_4q_growth_year": null,
            "roe": null,
            "roe_4q": 0,
            "gross_profit": null,
            "gross_margin": null,
            "gross_margin_4q_avg": 0,
            "net_income": null,
            "revenue": null,
            "common_shares": null,
            "book_valuer_per_share": null,
            "book_valuer_per_share_4q_avg": 5.59,
            "equity": null,
            "current_ratio": null,
            "debt_ratio": null,
            "inventory_turnover_ratio": null,
            "account_receivable_turnover_ratio": null,
            "reinvestment_rate": null,
            "research_to_sale_ratio": null,
            "price_fair": 0,
            "eps_avg_yearly": 0,
            "eps_latest_yearly": 0,
            "eps_growth_yearly": 0
        },
        "20022": {
            "year_quarter": 20022,
            "year": 2002,
            "quarter": 2,
            "eps": null,
            "eps_growth_year": null,
            "eps_4q": null,
            "eps_4q_growth_year": null,
            "roe": null,
            "roe_4q": 0,
            "gross_profit": null,
            "gross_margin": null,
            "gross_margin_4q_avg": 0,
            "net_income": null,
            "revenue": null,
            "common_shares": null,
            "book_valuer_per_share": null,
            "book_valuer_per_share_4q_avg": 5.59,
            "equity": null,
            "current_ratio": null,
            "debt_ratio": null,
            "inventory_turnover_ratio": null,
            "account_receivable_turnover_ratio": null,
            "reinvestment_rate": null,
            "research_to_sale_ratio": null,
            "price_fair": 0,
            "eps_avg_yearly": 0,
            "eps_latest_yearly": 0,
            "eps_growth_yearly": 0
        },
        "20023": {
            "year_quarter": 20023,
            "year": 2002,
            "quarter": 3,
            "eps": null,
            "eps_growth_year": null,
            "eps_4q": null,
            "eps_4q_growth_year": null,
            "roe": null,
            "roe_4q": 0,
            "gross_profit": null,
            "gross_margin": null,
            "gross_margin_4q_avg": 0,
            "net_income": null,
            "revenue": null,
            "common_shares": null,
            "book_valuer_per_share": null,
            "book_valuer_per_share_4q_avg": 5.59,
            "equity": null,
            "current_ratio": null,
            "debt_ratio": null,
            "inventory_turnover_ratio": null,
            "account_receivable_turnover_ratio": null,
            "reinvestment_rate": null,
            "research_to_sale_ratio": null,
            "price_fair": 0,
            "eps_avg_yearly": 0,
            "eps_latest_yearly": 0,
            "eps_growth_yearly": 0
        },
        "20024": {
            "year_quarter": 20024,
            "year": 2002,
            "quarter": 4,
            "eps": null,
            "eps_growth_year": null,
            "eps_4q": null,
            "eps_4q_growth_year": null,
            "roe": null,
            "roe_4q": 0,
            "gross_profit": null,
            "gross_margin": null,
            "gross_margin_4q_avg": 0,
            "net_income": null,
            "revenue": null,
            "common_shares": 220860,
            "book_valuer_per_share": 23.77,
            "book_valuer_per_share_4q_avg": 5.94,
            "equity": 525232,
            "current_ratio": 220.6,
            "debt_ratio": 44.98,
            "inventory_turnover_ratio": null,
            "account_receivable_turnover_ratio": null,
            "reinvestment_rate": null,
            "research_to_sale_ratio": null,
            "price_fair": 0,
            "eps_avg_yearly": 0,
            "eps_latest_yearly": 0,
            "eps_growth_yearly": 0
        },
        "20031": {
            "year_quarter": 20031,
            "year": 2003,
            "quarter": 1,
            "eps": null,
            "eps_growth_year": null,
            "eps_4q": null,
            "eps_4q_growth_year": null,
            "roe": null,
            "roe_4q": 0,
            "gross_profit": null,
            "gross_margin": null,
            "gross_margin_4q_avg": 0,
            "net_income": null,
            "revenue": null,
            "common_shares": null,
            "book_valuer_per_share": null,
            "book_valuer_per_share_4q_avg": 5.94,
            "equity": null,
            "current_ratio": null,
            "debt_ratio": null,
            "inventory_turnover_ratio": null,
            "account_receivable_turnover_ratio": null,
            "reinvestment_rate": null,
            "research_to_sale_ratio": null,
            "price_fair": 0,
            "eps_avg_yearly": 0,
            "eps_latest_yearly": 0,
            "eps_growth_yearly": 0
        },
        "20032": {
            "year_quarter": 20032,
            "year": 2003,
            "quarter": 2,
            "eps": null,
            "eps_growth_year": null,
            "eps_4q": null,
            "eps_4q_growth_year": null,
            "roe": null,
            "roe_4q": 0,
            "gross_profit": null,
            "gross_margin": null,
            "gross_margin_4q_avg": 0,
            "net_income": null,
            "revenue": null,
            "common_shares": null,
            "book_valuer_per_share": null,
            "book_valuer_per_share_4q_avg": 5.94,
            "equity": null,
            "current_ratio": null,
            "debt_ratio": null,
            "inventory_turnover_ratio": null,
            "account_receivable_turnover_ratio": null,
            "reinvestment_rate": null,
            "research_to_sale_ratio": null,
            "price_fair": 0,
            "eps_avg_yearly": 0,
            "eps_latest_yearly": 0,
            "eps_growth_yearly": 0
        },
        "20033": {
            "year_quarter": 20033,
            "year": 2003,
            "quarter": 3,
            "eps": null,
            "eps_growth_year": null,
            "eps_4q": null,
            "eps_4q_growth_year": null,
            "roe": null,
            "roe_4q": 0,
            "gross_profit": null,
            "gross_margin": null,
            "gross_margin_4q_avg": 0,
            "net_income": null,
            "revenue": null,
            "common_shares": null,
            "book_valuer_per_share": null,
            "book_valuer_per_share_4q_avg": 5.94,
            "equity": null,
            "current_ratio": null,
            "debt_ratio": null,
            "inventory_turnover_ratio": null,
            "account_receivable_turnover_ratio": null,
            "reinvestment_rate": null,
            "research_to_sale_ratio": null,
            "price_fair": 0,
            "eps_avg_yearly": 0,
            "eps_latest_yearly": 0,
            "eps_growth_yearly": 0
        },
        "20034": {
            "year_quarter": 20034,
            "year": 2003,
            "quarter": 4,
            "eps": null,
            "eps_growth_year": null,
            "eps_4q": null,
            "eps_4q_growth_year": null,
            "roe": null,
            "roe_4q": 0,
            "gross_profit": null,
            "gross_margin": null,
            "gross_margin_4q_avg": 0,
            "net_income": null,
            "revenue": null,
            "common_shares": 267081,
            "book_valuer_per_share": 23.1,
            "book_valuer_per_share_4q_avg": 5.78,
            "equity": 617021,
            "current_ratio": 215.28,
            "debt_ratio": 48.12,
            "inventory_turnover_ratio": null,
            "account_receivable_turnover_ratio": null,
            "reinvestment_rate": null,
            "research_to_sale_ratio": null,
            "price_fair": 0,
            "eps_avg_yearly": 0,
            "eps_latest_yearly": 0,
            "eps_growth_yearly": 0
        },
        "20041": {
            "year_quarter": 20041,
            "year": 2004,
            "quarter": 1,
            "eps": null,
            "eps_growth_year": null,
            "eps_4q": null,
            "eps_4q_growth_year": null,
            "roe": null,
            "roe_4q": 0,
            "gross_profit": null,
            "gross_margin": null,
            "gross_margin_4q_avg": 0,
            "net_income": null,
            "revenue": null,
            "common_shares": null,
            "book_valuer_per_share": null,
            "book_valuer_per_share_4q_avg": 5.78,
            "equity": null,
            "current_ratio": null,
            "debt_ratio": null,
            "inventory_turnover_ratio": null,
            "account_receivable_turnover_ratio": null,
            "reinvestment_rate": null,
            "research_to_sale_ratio": null,
            "price_fair": 0,
            "eps_avg_yearly": 0,
            "eps_latest_yearly": 0,
            "eps_growth_yearly": 0
        },
        "20042": {
            "year_quarter": 20042,
            "year": 2004,
            "quarter": 2,
            "eps": null,
            "eps_growth_year": null,
            "eps_4q": null,
            "eps_4q_growth_year": null,
            "roe": null,
            "roe_4q": 0,
            "gross_profit": null,
            "gross_margin": null,
            "gross_margin_4q_avg": 0,
            "net_income": null,
            "revenue": null,
            "common_shares": null,
            "book_valuer_per_share": null,
            "book_valuer_per_share_4q_avg": 5.78,
            "equity": null,
            "current_ratio": null,
            "debt_ratio": null,
            "inventory_turnover_ratio": null,
            "account_receivable_turnover_ratio": null,
            "reinvestment_rate": null,
            "research_to_sale_ratio": null,
            "price_fair": 0,
            "eps_avg_yearly": 0,
            "eps_latest_yearly": 0,
            "eps_growth_yearly": 0
        },
        "20043": {
            "year_quarter": 20043,
            "year": 2004,
            "quarter": 3,
            "eps": null,
            "eps_growth_year": null,
            "eps_4q": null,
            "eps_4q_growth_year": null,
            "roe": null,
            "roe_4q": 0,
            "gross_profit": null,
            "gross_margin": null,
            "gross_margin_4q_avg": 0,
            "net_income": null,
            "revenue": null,
            "common_shares": null,
            "book_valuer_per_share": null,
            "book_valuer_per_share_4q_avg": 5.78,
            "equity": null,
            "current_ratio": null,
            "debt_ratio": null,
            "inventory_turnover_ratio": null,
            "account_receivable_turnover_ratio": null,
            "reinvestment_rate": null,
            "research_to_sale_ratio": null,
            "price_fair": 0,
            "eps_avg_yearly": 0,
            "eps_latest_yearly": 0,
            "eps_growth_yearly": 0
        },
        "20044": {
            "year_quarter": 20044,
            "year": 2004,
            "quarter": 4,
            "eps": null,
            "eps_growth_year": null,
            "eps_4q": null,
            "eps_4q_growth_year": null,
            "roe": null,
            "roe_4q": 0,
            "gross_profit": null,
            "gross_margin": null,
            "gross_margin_4q_avg": 0,
            "net_income": null,
            "revenue": null,
            "common_shares": 352205,
            "book_valuer_per_share": 21.47,
            "book_valuer_per_share_4q_avg": 5.37,
            "equity": 756219,
            "current_ratio": 216.4,
            "debt_ratio": 46.94,
            "inventory_turnover_ratio": null,
            "account_receivable_turnover_ratio": null,
            "reinvestment_rate": null,
            "research_to_sale_ratio": null,
            "price_fair": 0,
            "eps_avg_yearly": 0,
            "eps_latest_yearly": 0,
            "eps_growth_yearly": 0
        },
        "20051": {
            "year_quarter": 20051,
            "year": 2005,
            "quarter": 1,
            "eps": null,
            "eps_growth_year": null,
            "eps_4q": null,
            "eps_4q_growth_year": null,
            "roe": null,
            "roe_4q": 0,
            "gross_profit": null,
            "gross_margin": null,
            "gross_margin_4q_avg": 0,
            "net_income": null,
            "revenue": null,
            "common_shares": null,
            "book_valuer_per_share": null,
            "book_valuer_per_share_4q_avg": 5.37,
            "equity": null,
            "current_ratio": null,
            "debt_ratio": null,
            "inventory_turnover_ratio": null,
            "account_receivable_turnover_ratio": null,
            "reinvestment_rate": null,
            "research_to_sale_ratio": null,
            "price_fair": 0,
            "eps_avg_yearly": 0,
            "eps_latest_yearly": 0,
            "eps_growth_yearly": 0
        },
        "20052": {
            "year_quarter": 20052,
            "year": 2005,
            "quarter": 2,
            "eps": null,
            "eps_growth_year": null,
            "eps_4q": null,
            "eps_4q_growth_year": null,
            "roe": null,
            "roe_4q": 0,
            "gross_profit": null,
            "gross_margin": null,
            "gross_margin_4q_avg": 0,
            "net_income": null,
            "revenue": null,
            "common_shares": null,
            "book_valuer_per_share": null,
            "book_valuer_per_share_4q_avg": 5.37,
            "equity": null,
            "current_ratio": null,
            "debt_ratio": null,
            "inventory_turnover_ratio": null,
            "account_receivable_turnover_ratio": null,
            "reinvestment_rate": null,
            "research_to_sale_ratio": null,
            "price_fair": 0,
            "eps_avg_yearly": 0,
            "eps_latest_yearly": 0,
            "eps_growth_yearly": 0
        },
        "20053": {
            "year_quarter": 20053,
            "year": 2005,
            "quarter": 3,
            "eps": null,
            "eps_growth_year": null,
            "eps_4q": null,
            "eps_4q_growth_year": null,
            "roe": null,
            "roe_4q": 0,
            "gross_profit": null,
            "gross_margin": null,
            "gross_margin_4q_avg": 0,
            "net_income": null,
            "revenue": null,
            "common_shares": null,
            "book_valuer_per_share": null,
            "book_valuer_per_share_4q_avg": 5.37,
            "equity": null,
            "current_ratio": null,
            "debt_ratio": null,
            "inventory_turnover_ratio": null,
            "account_receivable_turnover_ratio": null,
            "reinvestment_rate": null,
            "research_to_sale_ratio": null,
            "price_fair": 0,
            "eps_avg_yearly": 0,
            "eps_latest_yearly": 0,
            "eps_growth_yearly": 0
        },
        "20054": {
            "year_quarter": 20054,
            "year": 2005,
            "quarter": 4,
            "eps": null,
            "eps_growth_year": null,
            "eps_4q": null,
            "eps_4q_growth_year": null,
            "roe": null,
            "roe_4q": 0,
            "gross_profit": null,
            "gross_margin": null,
            "gross_margin_4q_avg": 0,
            "net_income": null,
            "revenue": null,
            "common_shares": 352205,
            "book_valuer_per_share": 21.49,
            "book_valuer_per_share_4q_avg": 5.37,
            "equity": 757409,
            "current_ratio": 161.62,
            "debt_ratio": 50.84,
            "inventory_turnover_ratio": null,
            "account_receivable_turnover_ratio": null,
            "reinvestment_rate": null,
            "research_to_sale_ratio": null,
            "price_fair": 0,
            "eps_avg_yearly": 0,
            "eps_latest_yearly": 0,
            "eps_growth_yearly": 0
        },
        "20061": {
            "year_quarter": 20061,
            "year": 2006,
            "quarter": 1,
            "eps": 1.11,
            "eps_growth_year": null,
            "eps_4q": null,
            "eps_4q_growth_year": null,
            "roe": 5.03,
            "roe_4q": 5.03,
            "gross_profit": 111909,
            "gross_margin": 17.61,
            "gross_margin_4q_avg": 4.4,
            "net_income": 39106,
            "revenue": 635502,
            "common_shares": 352205,
            "book_valuer_per_share": 22.6,
            "book_valuer_per_share_4q_avg": 11.02,
            "equity": 796108,
            "current_ratio": 98.36,
            "debt_ratio": 50.09,
            "inventory_turnover_ratio": 3.09,
            "account_receivable_turnover_ratio": null,
            "reinvestment_rate": null,
            "research_to_sale_ratio": null,
            "price_fair": 0,
            "eps_avg_yearly": 0,
            "eps_latest_yearly": 0,
            "eps_growth_yearly": 0
        },
        "20062": {
            "year_quarter": 20062,
            "year": 2006,
            "quarter": 2,
            "eps": 1.82,
            "eps_growth_year": null,
            "eps_4q": null,
            "eps_4q_growth_year": null,
            "roe": 8.19,
            "roe_4q": 13.219999999999999,
            "gross_profit": 110106,
            "gross_margin": 16.95,
            "gross_margin_4q_avg": 8.64,
            "net_income": 64101,
            "revenue": 649587,
            "common_shares": 352205,
            "book_valuer_per_share": 21.82,
            "book_valuer_per_share_4q_avg": 16.48,
            "equity": 768659,
            "current_ratio": 106.83,
            "debt_ratio": 51.72,
            "inventory_turnover_ratio": 7.97,
            "account_receivable_turnover_ratio": null,
            "reinvestment_rate": null,
            "research_to_sale_ratio": null,
            "price_fair": 254.8,
            "eps_avg_yearly": 7.28,
            "eps_latest_yearly": 7.28,
            "eps_growth_yearly": 255.86
        },
        "20063": {
            "year_quarter": 20063,
            "year": 2006,
            "quarter": 3,
            "eps": 1.46,
            "eps_growth_year": null,
            "eps_4q": null,
            "eps_4q_growth_year": null,
            "roe": 6.48,
            "roe_4q": 19.7,
            "gross_profit": 98926,
            "gross_margin": 13.22,
            "gross_margin_4q_avg": 11.95,
            "net_income": 51488,
            "revenue": 748144,
            "common_shares": 352205,
            "book_valuer_per_share": 23.29,
            "book_valuer_per_share_4q_avg": 22.3,
            "equity": 820147,
            "current_ratio": 116.33,
            "debt_ratio": 46.47,
            "inventory_turnover_ratio": 9.96,
            "account_receivable_turnover_ratio": null,
            "reinvestment_rate": null,
            "research_to_sale_ratio": null,
            "price_fair": 229.6,
            "eps_avg_yearly": 6.56,
            "eps_latest_yearly": 5.84,
            "eps_growth_yearly": 88.37
        },
        "20064": {
            "year_quarter": 20064,
            "year": 2006,
            "quarter": 4,
            "eps": 1.82,
            "eps_growth_year": null,
            "eps_4q": 6.2,
            "eps_4q_growth_year": null,
            "roe": 7.4,
            "roe_4q": 27.1,
            "gross_profit": 70712,
            "gross_margin": 12.06,
            "gross_margin_4q_avg": 14.96,
            "net_income": 64289,
            "revenue": 586523,
            "common_shares": 368015,
            "book_valuer_per_share": 24.91,
            "book_valuer_per_share_4q_avg": 23.16,
            "equity": 917315,
            "current_ratio": 184.83,
            "debt_ratio": 43.75,
            "inventory_turnover_ratio": 3.27,
            "account_receivable_turnover_ratio": null,
            "reinvestment_rate": null,
            "research_to_sale_ratio": null,
            "price_fair": 238,
            "eps_avg_yearly": 6.8,
            "eps_latest_yearly": 7.28,
            "eps_growth_yearly": 91.79
        },
        "20071": {
            "year_quarter": 20071,
            "year": 2007,
            "quarter": 1,
            "eps": 0.73,
            "eps_growth_year": -34.23,
            "eps_4q": 5.6,
            "eps_4q_growth_year": null,
            "roe": 2.88,
            "roe_4q": 24.950000000000003,
            "gross_profit": 63024,
            "gross_margin": 13.47,
            "gross_margin_4q_avg": 13.93,
            "net_income": 26984,
            "revenue": 467804,
            "common_shares": 368115,
            "book_valuer_per_share": 26.01,
            "book_valuer_per_share_4q_avg": 24.01,
            "equity": 957475,
            "current_ratio": 119,
            "debt_ratio": 39.37,
            "inventory_turnover_ratio": 2.63,
            "account_receivable_turnover_ratio": null,
            "reinvestment_rate": null,
            "research_to_sale_ratio": null,
            "price_fair": 110.49,
            "eps_avg_yearly": 5.83,
            "eps_latest_yearly": 2.92,
            "eps_growth_yearly": 8.95
        },
        "20072": {
            "year_quarter": 20072,
            "year": 2007,
            "quarter": 2,
            "eps": 0.47,
            "eps_growth_year": -74.18,
            "eps_4q": 4.32,
            "eps_4q_growth_year": null,
            "roe": 1.98,
            "roe_4q": 18.740000000000002,
            "gross_profit": 55549,
            "gross_margin": 14.55,
            "gross_margin_4q_avg": 13.33,
            "net_income": 17409,
            "revenue": 381883,
            "common_shares": 368115,
            "book_valuer_per_share": 21.83,
            "book_valuer_per_share_4q_avg": 24.01,
            "equity": 803580,
            "current_ratio": 98.9,
            "debt_ratio": 44.44,
            "inventory_turnover_ratio": 5.61,
            "account_receivable_turnover_ratio": null,
            "reinvestment_rate": null,
            "research_to_sale_ratio": null,
            "price_fair": 15.12,
            "eps_avg_yearly": 5.04,
            "eps_latest_yearly": 1.88,
            "eps_growth_yearly": -21.33
        },
        "20073": {
            "year_quarter": 20073,
            "year": 2007,
            "quarter": 3,
            "eps": 1.42,
            "eps_growth_year": -2.74,
            "eps_4q": 4.38,
            "eps_4q_growth_year": null,
            "roe": 6.29,
            "roe_4q": 18.549999999999997,
            "gross_profit": 99624,
            "gross_margin": 12.79,
            "gross_margin_4q_avg": 13.22,
            "net_income": 52108,
            "revenue": 778949,
            "common_shares": 368115,
            "book_valuer_per_share": 23.16,
            "book_valuer_per_share_4q_avg": 23.98,
            "equity": 852733,
            "current_ratio": 96.02,
            "debt_ratio": 52.35,
            "inventory_turnover_ratio": 11.31,
            "account_receivable_turnover_ratio": null,
            "reinvestment_rate": null,
            "research_to_sale_ratio": null,
            "price_fair": 180.13,
            "eps_avg_yearly": 5.15,
            "eps_latest_yearly": 5.68,
            "eps_growth_yearly": 116.97
        },
        "20074": {
            "year_quarter": 20074,
            "year": 2007,
            "quarter": 4,
            "eps": 2.03,
            "eps_growth_year": 11.54,
            "eps_4q": 4.64,
            "eps_4q_growth_year": -25.14,
            "roe": 7.82,
            "roe_4q": 18.97,
            "gross_profit": 97714,
            "gross_margin": 14.12,
            "gross_margin_4q_avg": 13.73,
            "net_income": 75026,
            "revenue": 691846,
            "common_shares": 426755,
            "book_valuer_per_share": 24.96,
            "book_valuer_per_share_4q_avg": 23.99,
            "equity": 1065188,
            "current_ratio": 189.72,
            "debt_ratio": 40.31,
            "inventory_turnover_ratio": 4.2,
            "account_receivable_turnover_ratio": null,
            "reinvestment_rate": null,
            "research_to_sale_ratio": null,
            "price_fair": 195,
            "eps_avg_yearly": 5.57,
            "eps_latest_yearly": 8.12,
            "eps_growth_yearly": 124.81
        },
        "20081": {
            "year_quarter": 20081,
            "year": 2008,
            "quarter": 1,
            "eps": 0.85,
            "eps_growth_year": 16.44,
            "eps_4q": 4.22,
            "eps_4q_growth_year": -24.6,
            "roe": 3.41,
            "roe_4q": 19.5,
            "gross_profit": 109802,
            "gross_margin": 18.63,
            "gross_margin_4q_avg": 15.02,
            "net_income": 36464,
            "revenue": 589469,
            "common_shares": 426755,
            "book_valuer_per_share": 25.11,
            "book_valuer_per_share_4q_avg": 23.77,
            "equity": 1071609,
            "current_ratio": 220.69,
            "debt_ratio": 33.25,
            "inventory_turnover_ratio": 2.06,
            "account_receivable_turnover_ratio": null,
            "reinvestment_rate": null,
            "research_to_sale_ratio": null,
            "price_fair": 185.5,
            "eps_avg_yearly": 5.3,
            "eps_latest_yearly": 3.4,
            "eps_growth_yearly": 80.15
        },
        "20082": {
            "year_quarter": 20082,
            "year": 2008,
            "quarter": 2,
            "eps": 0.5,
            "eps_growth_year": 6.38,
            "eps_4q": 4.3,
            "eps_4q_growth_year": -0.64,
            "roe": 2.1,
            "roe_4q": 19.62,
            "gross_profit": 84658,
            "gross_margin": 18.51,
            "gross_margin_4q_avg": 16.01,
            "net_income": 21546,
            "revenue": 457427,
            "common_shares": 426755,
            "book_valuer_per_share": 23.05,
            "book_valuer_per_share_4q_avg": 24.07,
            "equity": 983833,
            "current_ratio": 167.36,
            "debt_ratio": 38.86,
            "inventory_turnover_ratio": 1.34,
            "account_receivable_turnover_ratio": null,
            "reinvestment_rate": null,
            "research_to_sale_ratio": null,
            "price_fair": 172.67,
            "eps_avg_yearly": 4.93,
            "eps_latest_yearly": 2,
            "eps_growth_yearly": 52.94
        },
        "20083": {
            "year_quarter": 20083,
            "year": 2008,
            "quarter": 3,
            "eps": 0.63,
            "eps_growth_year": -55.63,
            "eps_4q": 3.77,
            "eps_4q_growth_year": -13.94,
            "roe": 2.64,
            "roe_4q": 15.97,
            "gross_profit": 121632,
            "gross_margin": 16.75,
            "gross_margin_4q_avg": 17,
            "net_income": 26684,
            "revenue": 725990,
            "common_shares": 426755,
            "book_valuer_per_share": 24.23,
            "book_valuer_per_share_4q_avg": 24.34,
            "equity": 1034219,
            "current_ratio": 164.67,
            "debt_ratio": 41.82,
            "inventory_turnover_ratio": 1.74,
            "account_receivable_turnover_ratio": null,
            "reinvestment_rate": null,
            "research_to_sale_ratio": null,
            "price_fair": 164.22,
            "eps_avg_yearly": 4.69,
            "eps_latest_yearly": 2.52,
            "eps_growth_yearly": 58.05
        },
        "20084": {
            "year_quarter": 20084,
            "year": 2008,
            "quarter": 4,
            "eps": 1.41,
            "eps_growth_year": -30.54,
            "eps_4q": 3.4,
            "eps_4q_growth_year": -26.8,
            "roe": 5.62,
            "roe_4q": 13.77,
            "gross_profit": 157359,
            "gross_margin": 18.55,
            "gross_margin_4q_avg": 18.11,
            "net_income": 60094,
            "revenue": 848296,
            "common_shares": 434648,
            "book_valuer_per_share": 25.37,
            "book_valuer_per_share_4q_avg": 24.44,
            "equity": 1102787,
            "current_ratio": 171.03,
            "debt_ratio": 39.64,
            "inventory_turnover_ratio": 2.44,
            "account_receivable_turnover_ratio": 2.81,
            "reinvestment_rate": null,
            "research_to_sale_ratio": null,
            "price_fair": 167.24,
            "eps_avg_yearly": 4.78,
            "eps_latest_yearly": 5.64,
            "eps_growth_yearly": 97.79
        },
        "20091": {
            "year_quarter": 20091,
            "year": 2009,
            "quarter": 1,
            "eps": 1.37,
            "eps_growth_year": 61.18,
            "eps_4q": 3.85,
            "eps_4q_growth_year": -8.67,
            "roe": 5.25,
            "roe_4q": 15.610000000000001,
            "gross_profit": 132066,
            "gross_margin": 26.51,
            "gross_margin_4q_avg": 20.08,
            "net_income": 59753,
            "revenue": 498203,
            "common_shares": 434648,
            "book_valuer_per_share": 27.03,
            "book_valuer_per_share_4q_avg": 24.92,
            "equity": 1174708,
            "current_ratio": 208.86,
            "debt_ratio": 33.65,
            "inventory_turnover_ratio": 1.52,
            "account_receivable_turnover_ratio": 1.02,
            "reinvestment_rate": null,
            "research_to_sale_ratio": null,
            "price_fair": 169.28,
            "eps_avg_yearly": 4.84,
            "eps_latest_yearly": 5.48,
            "eps_growth_yearly": 88.7
        },
        "20092": {
            "year_quarter": 20092,
            "year": 2009,
            "quarter": 2,
            "eps": 2.4,
            "eps_growth_year": 380,
            "eps_4q": 5.77,
            "eps_4q_growth_year": 34.29,
            "roe": 8.89,
            "roe_4q": 22.400000000000002,
            "gross_profit": 209460,
            "gross_margin": 29.26,
            "gross_margin_4q_avg": 22.77,
            "net_income": 104360,
            "revenue": 715936,
            "common_shares": 434788,
            "book_valuer_per_share": 26.96,
            "book_valuer_per_share_4q_avg": 25.9,
            "equity": 1172034,
            "current_ratio": 191.1,
            "debt_ratio": 37.35,
            "inventory_turnover_ratio": 1.6,
            "account_receivable_turnover_ratio": 1.52,
            "reinvestment_rate": null,
            "research_to_sale_ratio": null,
            "price_fair": 182.11,
            "eps_avg_yearly": 5.2,
            "eps_latest_yearly": 9.6,
            "eps_growth_yearly": 105.01
        },
        "20093": {
            "year_quarter": 20093,
            "year": 2009,
            "quarter": 3,
            "eps": 3.53,
            "eps_growth_year": 460.32,
            "eps_4q": 8.69,
            "eps_4q_growth_year": 130.5,
            "roe": 12.33,
            "roe_4q": 32.089999999999996,
            "gross_profit": 313662,
            "gross_margin": 30.99,
            "gross_margin_4q_avg": 26.33,
            "net_income": 153319,
            "revenue": 1012016,
            "common_shares": 434788,
            "book_valuer_per_share": 30.23,
            "book_valuer_per_share_4q_avg": 27.4,
            "equity": 1314566,
            "current_ratio": 194.43,
            "debt_ratio": 39.43,
            "inventory_turnover_ratio": 2.15,
            "account_receivable_turnover_ratio": 1.5,
            "reinvestment_rate": null,
            "research_to_sale_ratio": null,
            "price_fair": 204.4,
            "eps_avg_yearly": 5.84,
            "eps_latest_yearly": 14.12,
            "eps_growth_yearly": 110.96
        },
        "20094": {
            "year_quarter": 20094,
            "year": 2009,
            "quarter": 4,
            "eps": 4.03,
            "eps_growth_year": 185.82,
            "eps_4q": 10.52,
            "eps_4q_growth_year": 209.64,
            "roe": 11.71,
            "roe_4q": 38.18,
            "gross_profit": 331914,
            "gross_margin": 31.75,
            "gross_margin_4q_avg": 29.63,
            "net_income": 176736,
            "revenue": 1045237,
            "common_shares": 469788,
            "book_valuer_per_share": 36.28,
            "book_valuer_per_share_4q_avg": 30.13,
            "equity": 1704330,
            "current_ratio": 264.9,
            "debt_ratio": 30.62,
            "inventory_turnover_ratio": 2.61,
            "account_receivable_turnover_ratio": 2.45,
            "reinvestment_rate": 14.41,
            "research_to_sale_ratio": null,
            "price_fair": 228.39,
            "eps_avg_yearly": 6.53,
            "eps_latest_yearly": 16.12,
            "eps_growth_yearly": 107.34
        },
        "20101": {
            "year_quarter": 20101,
            "year": 2010,
            "quarter": 1,
            "eps": 2.52,
            "eps_growth_year": 83.94,
            "eps_4q": 11.76,
            "eps_4q_growth_year": 205.3,
            "roe": 6.71,
            "roe_4q": 39.64,
            "gross_profit": 265241,
            "gross_margin": 31.85,
            "gross_margin_4q_avg": 30.96,
            "net_income": 118290,
            "revenue": 832811,
            "common_shares": 469788,
            "book_valuer_per_share": 38.76,
            "book_valuer_per_share_4q_avg": 33.06,
            "equity": 1820789,
            "current_ratio": 239.53,
            "debt_ratio": 34.09,
            "inventory_turnover_ratio": 1.83,
            "account_receivable_turnover_ratio": 1.14,
            "reinvestment_rate": 49.76,
            "research_to_sale_ratio": 2.44,
            "price_fair": 236.16,
            "eps_avg_yearly": 6.75,
            "eps_latest_yearly": 10.08,
            "eps_growth_yearly": 91.26
        },
        "20102": {
            "year_quarter": 20102,
            "year": 2010,
            "quarter": 2,
            "eps": 4.98,
            "eps_growth_year": 107.48,
            "eps_4q": 14.52,
            "eps_4q_growth_year": 151.71,
            "roe": 13.11,
            "roe_4q": 43.86,
            "gross_profit": 389279,
            "gross_margin": 30.51,
            "gross_margin_4q_avg": 31.28,
            "net_income": 233929,
            "revenue": 1275800,
            "common_shares": 469788,
            "book_valuer_per_share": 37.22,
            "book_valuer_per_share_4q_avg": 35.62,
            "equity": 1748623,
            "current_ratio": 179.97,
            "debt_ratio": 44.02,
            "inventory_turnover_ratio": 2.08,
            "account_receivable_turnover_ratio": 1.66,
            "reinvestment_rate": 48.34,
            "research_to_sale_ratio": 2.03,
            "price_fair": 263.81,
            "eps_avg_yearly": 7.54,
            "eps_latest_yearly": 19.92,
            "eps_growth_yearly": 99.68
        },
        "20103": {
            "year_quarter": 20103,
            "year": 2010,
            "quarter": 3,
            "eps": 4.82,
            "eps_growth_year": 36.5,
            "eps_4q": 16.08,
            "eps_4q_growth_year": 84.97,
            "roe": 12.17,
            "roe_4q": 43.7,
            "gross_profit": 449728,
            "gross_margin": 30.26,
            "gross_margin_4q_avg": 31.09,
            "net_income": 226368,
            "revenue": 1486197,
            "common_shares": 469788,
            "book_valuer_per_share": 41.96,
            "book_valuer_per_share_4q_avg": 38.56,
            "equity": 1971141,
            "current_ratio": 206.79,
            "debt_ratio": 37.42,
            "inventory_turnover_ratio": 2.28,
            "account_receivable_turnover_ratio": 1.38,
            "reinvestment_rate": 50.74,
            "research_to_sale_ratio": 1.2,
            "price_fair": 293.21,
            "eps_avg_yearly": 8.38,
            "eps_latest_yearly": 19.28,
            "eps_growth_yearly": 103.82
        },
        "20104": {
            "year_quarter": 20104,
            "year": 2010,
            "quarter": 4,
            "eps": 0.16,
            "eps_growth_year": -96.08,
            "eps_4q": 12.47,
            "eps_4q_growth_year": 18.58,
            "roe": 0.38,
            "roe_4q": 32.37,
            "gross_profit": 222509,
            "gross_margin": 25.72,
            "gross_margin_4q_avg": 29.59,
            "net_income": 7417,
            "revenue": 865020,
            "common_shares": 469788,
            "book_valuer_per_share": 41.36,
            "book_valuer_per_share_4q_avg": 39.83,
            "equity": 1942869,
            "current_ratio": 225.16,
            "debt_ratio": 32.72,
            "inventory_turnover_ratio": 1.61,
            "account_receivable_turnover_ratio": 0.87,
            "reinvestment_rate": 30.9,
            "research_to_sale_ratio": 3.49,
            "price_fair": 278.69,
            "eps_avg_yearly": 7.96,
            "eps_latest_yearly": 0.64,
            "eps_growth_yearly": 73.48
        },
        "20111": {
            "year_quarter": 20111,
            "year": 2011,
            "quarter": 1,
            "eps": 2.01,
            "eps_growth_year": -20.24,
            "eps_4q": 11.96,
            "eps_4q_growth_year": 1.67,
            "roe": 4.87,
            "roe_4q": 30.53,
            "gross_profit": 196609,
            "gross_margin": 23.09,
            "gross_margin_4q_avg": 27.4,
            "net_income": 94198,
            "revenue": 851654,
            "common_shares": 469788,
            "book_valuer_per_share": 41.06,
            "book_valuer_per_share_4q_avg": 40.4,
            "equity": 1928744,
            "current_ratio": 232.31,
            "debt_ratio": 32.06,
            "inventory_turnover_ratio": 1.78,
            "account_receivable_turnover_ratio": 1.23,
            "reinvestment_rate": 51.98,
            "research_to_sale_ratio": 2.85,
            "price_fair": 289.89,
            "eps_avg_yearly": 8.28,
            "eps_latest_yearly": 8.04,
            "eps_growth_yearly": 377.52
        },
        "20112": {
            "year_quarter": 20112,
            "year": 2011,
            "quarter": 2,
            "eps": 2.32,
            "eps_growth_year": -53.42,
            "eps_4q": 9.1,
            "eps_4q_growth_year": -37.36,
            "roe": 6.25,
            "roe_4q": 23.67,
            "gross_profit": 289098,
            "gross_margin": 24.49,
            "gross_margin_4q_avg": 25.89,
            "net_income": 112221,
            "revenue": 1180238,
            "common_shares": 483882,
            "book_valuer_per_share": 34.35,
            "book_valuer_per_share_4q_avg": 39.68,
            "equity": 1662335,
            "current_ratio": 151.9,
            "debt_ratio": 49.69,
            "inventory_turnover_ratio": 2.05,
            "account_receivable_turnover_ratio": 1.44,
            "reinvestment_rate": 48.36,
            "research_to_sale_ratio": 1.93,
            "price_fair": 306.08,
            "eps_avg_yearly": 8.75,
            "eps_latest_yearly": 9.28,
            "eps_growth_yearly": 390.28
        },
        "20113": {
            "year_quarter": 20113,
            "year": 2011,
            "quarter": 3,
            "eps": 5.77,
            "eps_growth_year": 19.81,
            "eps_4q": 10.19,
            "eps_4q_growth_year": -36.61,
            "roe": 15.76,
            "roe_4q": 27.259999999999998,
            "gross_profit": 399416,
            "gross_margin": 23.8,
            "gross_margin_4q_avg": 24.28,
            "net_income": 279346,
            "revenue": 1678269,
            "common_shares": 483882,
            "book_valuer_per_share": 38.91,
            "book_valuer_per_share_4q_avg": 38.92,
            "equity": 1882974,
            "current_ratio": 162.84,
            "debt_ratio": 47.75,
            "inventory_turnover_ratio": 2.54,
            "account_receivable_turnover_ratio": 1.49,
            "reinvestment_rate": 43.56,
            "research_to_sale_ratio": 1.38,
            "price_fair": 344.14,
            "eps_avg_yearly": 9.83,
            "eps_latest_yearly": 23.08,
            "eps_growth_yearly": 376.92
        },
        "20114": {
            "year_quarter": 20114,
            "year": 2011,
            "quarter": 4,
            "eps": 2.57,
            "eps_growth_year": 1530.79,
            "eps_4q": 12.87,
            "eps_4q_growth_year": 3.2,
            "roe": 6.23,
            "roe_4q": 33.11,
            "gross_profit": 289789,
            "gross_margin": 27.86,
            "gross_margin_4q_avg": 24.81,
            "net_income": 121598,
            "revenue": 1040343,
            "common_shares": 471692,
            "book_valuer_per_share": 42.63,
            "book_valuer_per_share_4q_avg": 39.24,
            "equity": 2019869,
            "current_ratio": 193.9,
            "debt_ratio": 39.84,
            "inventory_turnover_ratio": 1.59,
            "account_receivable_turnover_ratio": 0.87,
            "reinvestment_rate": 20.06,
            "research_to_sale_ratio": 2.47,
            "price_fair": 348.86,
            "eps_avg_yearly": 9.97,
            "eps_latest_yearly": 10.28,
            "eps_growth_yearly": 352.32
        },
        "20121": {
            "year_quarter": 20121,
            "year": 2012,
            "quarter": 1,
            "eps": 1.44,
            "eps_growth_year": -28.36,
            "eps_4q": 12.32,
            "eps_4q_growth_year": 2.98,
            "roe": 3.39,
            "roe_4q": 31.630000000000003,
            "gross_profit": 232445,
            "gross_margin": 22.79,
            "gross_margin_4q_avg": 24.74,
            "net_income": 69324,
            "revenue": 1019843,
            "common_shares": 471692,
            "book_valuer_per_share": 43.76,
            "book_valuer_per_share_4q_avg": 39.91,
            "equity": 2074603,
            "current_ratio": 209.94,
            "debt_ratio": 36.64,
            "inventory_turnover_ratio": 1.62,
            "account_receivable_turnover_ratio": 1.01,
            "reinvestment_rate": 21.32,
            "research_to_sale_ratio": 2.47,
            "price_fair": 354.03,
            "eps_avg_yearly": 10.12,
            "eps_latest_yearly": 5.76,
            "eps_growth_yearly": 355.86
        },
        "20122": {
            "year_quarter": 20122,
            "year": 2012,
            "quarter": 2,
            "eps": 3.51,
            "eps_growth_year": 51.39,
            "eps_4q": 12.58,
            "eps_4q_growth_year": 38.32,
            "roe": 8.29,
            "roe_4q": 33.67,
            "gross_profit": 332356,
            "gross_margin": 24.31,
            "gross_margin_4q_avg": 24.69,
            "net_income": 179643,
            "revenue": 1367324,
            "common_shares": 516692,
            "book_valuer_per_share": 43.17,
            "book_valuer_per_share_4q_avg": 42.12,
            "equity": 2259454,
            "current_ratio": 193.9,
            "debt_ratio": 40.36,
            "inventory_turnover_ratio": 1.91,
            "account_receivable_turnover_ratio": 1.39,
            "reinvestment_rate": 17.2,
            "research_to_sale_ratio": 2.05,
            "price_fair": 380.36,
            "eps_avg_yearly": 10.87,
            "eps_latest_yearly": 14.04,
            "eps_growth_yearly": 402.09
        },
        "20123": {
            "year_quarter": 20123,
            "year": 2012,
            "quarter": 3,
            "eps": 4.18,
            "eps_growth_year": -27.59,
            "eps_4q": 11.36,
            "eps_4q_growth_year": 11.43,
            "roe": 9.16,
            "roe_4q": 27.07,
            "gross_profit": 384531,
            "gross_margin": 25.41,
            "gross_margin_4q_avg": 25.09,
            "net_income": 216624,
            "revenue": 1513551,
            "common_shares": 516692,
            "book_valuer_per_share": 47.24,
            "book_valuer_per_share_4q_avg": 44.2,
            "equity": 2470708,
            "current_ratio": 202.51,
            "debt_ratio": 39.33,
            "inventory_turnover_ratio": 2.16,
            "account_receivable_turnover_ratio": 1.32,
            "reinvestment_rate": 16.76,
            "research_to_sale_ratio": 1.91,
            "price_fair": 411.43,
            "eps_avg_yearly": 11.76,
            "eps_latest_yearly": 16.72,
            "eps_growth_yearly": 400.36
        },
        "20124": {
            "year_quarter": 20124,
            "year": 2012,
            "quarter": 4,
            "eps": 2.3,
            "eps_growth_year": -10.55,
            "eps_4q": 11.31,
            "eps_4q_growth_year": -12.14,
            "roe": 4.72,
            "roe_4q": 25.56,
            "gross_profit": 283509,
            "gross_margin": 24.63,
            "gross_margin_4q_avg": 24.29,
            "net_income": 119652,
            "revenue": 1150896,
            "common_shares": 516692,
            "book_valuer_per_share": 49.77,
            "book_valuer_per_share_4q_avg": 45.99,
            "equity": 2601892,
            "current_ratio": 259.88,
            "debt_ratio": 30.55,
            "inventory_turnover_ratio": 1.76,
            "account_receivable_turnover_ratio": 0.98,
            "reinvestment_rate": 11.12,
            "research_to_sale_ratio": 2.35,
            "price_fair": 419.21,
            "eps_avg_yearly": 11.98,
            "eps_latest_yearly": 9.2,
            "eps_growth_yearly": 358.17
        },
        "20131": {
            "year_quarter": 20131,
            "year": 2013,
            "quarter": 1,
            "eps": 2.76,
            "eps_growth_year": 91.67,
            "eps_4q": 12.76,
            "eps_4q_growth_year": 3.56,
            "roe": 5.38,
            "roe_4q": 27.549999999999997,
            "gross_profit": 253586,
            "gross_margin": 22.68,
            "gross_margin_4q_avg": 24.26,
            "net_income": 143743,
            "revenue": 1117902,
            "common_shares": 516692,
            "book_valuer_per_share": 52.38,
            "book_valuer_per_share_4q_avg": 48.14,
            "equity": 2738026,
            "current_ratio": 298.12,
            "debt_ratio": 27.81,
            "inventory_turnover_ratio": 1.74,
            "account_receivable_turnover_ratio": 1.13,
            "reinvestment_rate": 13.43,
            "research_to_sale_ratio": 2.03,
            "price_fair": 431.38,
            "eps_avg_yearly": 12.33,
            "eps_latest_yearly": 11.04,
            "eps_growth_yearly": 363.88
        },
        "20132": {
            "year_quarter": 20132,
            "year": 2013,
            "quarter": 2,
            "eps": 3.42,
            "eps_growth_year": -2.59,
            "eps_4q": 12.22,
            "eps_4q_growth_year": -2.87,
            "roe": 7.11,
            "roe_4q": 26.37,
            "gross_profit": 333665,
            "gross_margin": 25.37,
            "gross_margin_4q_avg": 24.52,
            "net_income": 187794,
            "revenue": 1315400,
            "common_shares": 516692,
            "book_valuer_per_share": 48.72,
            "book_valuer_per_share_4q_avg": 49.53,
            "equity": 2546762,
            "current_ratio": 199.73,
            "debt_ratio": 39.34,
            "inventory_turnover_ratio": 1.66,
            "account_receivable_turnover_ratio": 1.45,
            "reinvestment_rate": 17.34,
            "research_to_sale_ratio": 1.74,
            "price_fair": 440.3,
            "eps_avg_yearly": 12.58,
            "eps_latest_yearly": 13.68,
            "eps_growth_yearly": 351.06
        },
        "20133": {
            "year_quarter": 20133,
            "year": 2013,
            "quarter": 3,
            "eps": 4.54,
            "eps_growth_year": 8.61,
            "eps_4q": 12.78,
            "eps_4q_growth_year": 12.53,
            "roe": 9.35,
            "roe_4q": 26.56,
            "gross_profit": 485177,
            "gross_margin": 26.09,
            "gross_margin_4q_avg": 24.69,
            "net_income": 249834,
            "revenue": 1859498,
            "common_shares": 542526,
            "book_valuer_per_share": 50.98,
            "book_valuer_per_share_4q_avg": 50.46,
            "equity": 2799124,
            "current_ratio": 207.46,
            "debt_ratio": 38.29,
            "inventory_turnover_ratio": 2.42,
            "account_receivable_turnover_ratio": 1.44,
            "reinvestment_rate": 20.41,
            "research_to_sale_ratio": 1.47,
            "price_fair": 449.14,
            "eps_avg_yearly": 12.83,
            "eps_latest_yearly": 18.16,
            "eps_growth_yearly": 347.47
        },
        "20134": {
            "year_quarter": 20134,
            "year": 2013,
            "quarter": 4,
            "eps": 2.21,
            "eps_growth_year": -4.08,
            "eps_4q": 11.69,
            "eps_4q_growth_year": 3.4,
            "roe": 4.21,
            "roe_4q": 26.049999999999997,
            "gross_profit": 313886,
            "gross_margin": 24.87,
            "gross_margin_4q_avg": 24.75,
            "net_income": 137808,
            "revenue": 1262276,
            "common_shares": 605526,
            "book_valuer_per_share": 61.35,
            "book_valuer_per_share_4q_avg": 53.36,
            "equity": 3752091,
            "current_ratio": 280.98,
            "debt_ratio": 30.14,
            "inventory_turnover_ratio": 1.85,
            "account_receivable_turnover_ratio": 0.91,
            "reinvestment_rate": 19.04,
            "research_to_sale_ratio": 2.16,
            "price_fair": 433.21,
            "eps_avg_yearly": 12.38,
            "eps_latest_yearly": 8.84,
            "eps_growth_yearly": 331.1
        },
        "20141": {
            "year_quarter": 20141,
            "year": 2014,
            "quarter": 1,
            "eps": 2.45,
            "eps_growth_year": -11.23,
            "eps_4q": 11.79,
            "eps_4q_growth_year": -7.56,
            "roe": 3.93,
            "roe_4q": 24.6,
            "gross_profit": 277227,
            "gross_margin": 22.41,
            "gross_margin_4q_avg": 24.69,
            "net_income": 150335,
            "revenue": 1237281,
            "common_shares": 605526,
            "book_valuer_per_share": 63.7,
            "book_valuer_per_share_4q_avg": 56.19,
            "equity": 3896283,
            "current_ratio": 363.6,
            "debt_ratio": 23.08,
            "inventory_turnover_ratio": 1.8,
            "account_receivable_turnover_ratio": 1.15,
            "reinvestment_rate": 23.29,
            "research_to_sale_ratio": 2.21,
            "price_fair": 432.6,
            "eps_avg_yearly": 12.36,
            "eps_latest_yearly": 9.8,
            "eps_growth_yearly": 343.18
        },
        "20142": {
            "year_quarter": 20142,
            "year": 2014,
            "quarter": 2,
            "eps": 2.76,
            "eps_growth_year": -19.3,
            "eps_4q": 11.49,
            "eps_4q_growth_year": -5.99,
            "roe": 4.58,
            "roe_4q": 22.07,
            "gross_profit": 368589,
            "gross_margin": 24.74,
            "gross_margin_4q_avg": 24.53,
            "net_income": 169430,
            "revenue": 1489637,
            "common_shares": 605526,
            "book_valuer_per_share": 57.28,
            "book_valuer_per_share_4q_avg": 58.33,
            "equity": 3499966,
            "current_ratio": 224.08,
            "debt_ratio": 35.02,
            "inventory_turnover_ratio": 2.01,
            "account_receivable_turnover_ratio": 1.38,
            "reinvestment_rate": 23.96,
            "research_to_sale_ratio": 1.89,
            "price_fair": 413.18,
            "eps_avg_yearly": 11.81,
            "eps_latest_yearly": 11.04,
            "eps_growth_yearly": 321.94
        },
        "20143": {
            "year_quarter": 20143,
            "year": 2014,
            "quarter": 3,
            "eps": 4.88,
            "eps_growth_year": 7.49,
            "eps_4q": 12.3,
            "eps_4q_growth_year": -3.77,
            "roe": 8.13,
            "roe_4q": 20.85,
            "gross_profit": 503479,
            "gross_margin": 26.15,
            "gross_margin_4q_avg": 24.54,
            "net_income": 297318,
            "revenue": 1925540,
            "common_shares": 605526,
            "book_valuer_per_share": 62.47,
            "book_valuer_per_share_4q_avg": 61.2,
            "equity": 3816259,
            "current_ratio": 281.8,
            "debt_ratio": 28.16,
            "inventory_turnover_ratio": 2.4,
            "account_receivable_turnover_ratio": 1.24,
            "reinvestment_rate": 21.74,
            "research_to_sale_ratio": 1.47,
            "price_fair": 413.7,
            "eps_avg_yearly": 11.82,
            "eps_latest_yearly": 19.52,
            "eps_growth_yearly": 341.95
        },
        "20144": {
            "year_quarter": 20144,
            "year": 2014,
            "quarter": 4,
            "eps": 3.61,
            "eps_growth_year": 63.29,
            "eps_4q": 13.7,
            "eps_4q_growth_year": 17.12,
            "roe": 5.58,
            "roe_4q": 22.22,
            "gross_profit": 363181,
            "gross_margin": 22.79,
            "gross_margin_4q_avg": 24.02,
            "net_income": 220227,
            "revenue": 1593908,
            "common_shares": 605526,
            "book_valuer_per_share": 66.76,
            "book_valuer_per_share_4q_avg": 62.55,
            "equity": 4077810,
            "current_ratio": 317.16,
            "debt_ratio": 25.63,
            "inventory_turnover_ratio": 2.21,
            "account_receivable_turnover_ratio": 0.96,
            "reinvestment_rate": 16.9,
            "research_to_sale_ratio": 1.55,
            "price_fair": 443.89,
            "eps_avg_yearly": 12.68,
            "eps_latest_yearly": 14.44,
            "eps_growth_yearly": 359.61
        },
        "20151": {
            "year_quarter": 20151,
            "year": 2015,
            "quarter": 1,
            "eps": 1.91,
            "eps_growth_year": -22.04,
            "eps_4q": 13.16,
            "eps_4q_growth_year": 11.57,
            "roe": 2.85,
            "roe_4q": 21.14,
            "gross_profit": 298695,
            "gross_margin": 23.27,
            "gross_margin_4q_avg": 24.24,
            "net_income": 117991,
            "revenue": 1283866,
            "common_shares": 605526,
            "book_valuer_per_share": 68.59,
            "book_valuer_per_share_4q_avg": 63.78,
            "equity": 4190584,
            "current_ratio": 344.08,
            "debt_ratio": 22.85,
            "inventory_turnover_ratio": 1.66,
            "account_receivable_turnover_ratio": 0.96,
            "reinvestment_rate": 21.41,
            "research_to_sale_ratio": 2,
            "price_fair": 443.01,
            "eps_avg_yearly": 12.66,
            "eps_latest_yearly": 7.64,
            "eps_growth_yearly": 58.78
        },
        "20152": {
            "year_quarter": 20152,
            "year": 2015,
            "quarter": 2,
            "eps": 3.2,
            "eps_growth_year": 15.94,
            "eps_4q": 13.59,
            "eps_4q_growth_year": 18.26,
            "roe": 4.89,
            "roe_4q": 21.450000000000003,
            "gross_profit": 418429,
            "gross_margin": 26.23,
            "gross_margin_4q_avg": 24.61,
            "net_income": 196009,
            "revenue": 1595408,
            "common_shares": 605526,
            "book_valuer_per_share": 62.67,
            "book_valuer_per_share_4q_avg": 65.12,
            "equity": 3823310,
            "current_ratio": 243.52,
            "debt_ratio": 31.58,
            "inventory_turnover_ratio": 1.97,
            "account_receivable_turnover_ratio": 1.11,
            "reinvestment_rate": 20.39,
            "research_to_sale_ratio": 1.78,
            "price_fair": 450.71,
            "eps_avg_yearly": 12.88,
            "eps_latest_yearly": 12.8,
            "eps_growth_yearly": 71.81
        },
        "20153": {
            "year_quarter": 20153,
            "year": 2015,
            "quarter": 3,
            "eps": 6.15,
            "eps_growth_year": 26.02,
            "eps_4q": 14.87,
            "eps_4q_growth_year": 20.89,
            "roe": 9.31,
            "roe_4q": 22.630000000000003,
            "gross_profit": 467873,
            "gross_margin": 26.91,
            "gross_margin_4q_avg": 24.8,
            "net_income": 374361,
            "revenue": 1738608,
            "common_shares": 605526,
            "book_valuer_per_share": 69.21,
            "book_valuer_per_share_4q_avg": 66.81,
            "equity": 4220419,
            "current_ratio": 275.71,
            "debt_ratio": 29.24,
            "inventory_turnover_ratio": 2.53,
            "account_receivable_turnover_ratio": 0.99,
            "reinvestment_rate": 18.29,
            "research_to_sale_ratio": 1.61,
            "price_fair": 454.04,
            "eps_avg_yearly": 12.97,
            "eps_latest_yearly": 24.6,
            "eps_growth_yearly": 57.68
        },
        "20154": {
            "year_quarter": 20154,
            "year": 2015,
            "quarter": 4,
            "eps": 2.93,
            "eps_growth_year": -18.77,
            "eps_4q": 14.19,
            "eps_4q_growth_year": 3.6,
            "roe": 4.19,
            "roe_4q": 21.240000000000002,
            "gross_profit": 363669,
            "gross_margin": 25.98,
            "gross_margin_4q_avg": 25.6,
            "net_income": 180244,
            "revenue": 1399560,
            "common_shares": 605526,
            "book_valuer_per_share": 71.72,
            "book_valuer_per_share_4q_avg": 68.05,
            "equity": 4375181,
            "current_ratio": 322.89,
            "debt_ratio": 25.68,
            "inventory_turnover_ratio": 2.21,
            "account_receivable_turnover_ratio": 0.9,
            "reinvestment_rate": 17.77,
            "research_to_sale_ratio": 2.55,
            "price_fair": 457.19,
            "eps_avg_yearly": 13.06,
            "eps_latest_yearly": 11.72,
            "eps_growth_yearly": 58.45
        },
        "20161": {
            "year_quarter": 20161,
            "year": 2016,
            "quarter": 1,
            "eps": 1.46,
            "eps_growth_year": -23.56,
            "eps_4q": 13.74,
            "eps_4q_growth_year": 4.42,
            "roe": 2.06,
            "roe_4q": 20.45,
            "gross_profit": 328111,
            "gross_margin": 26.77,
            "gross_margin_4q_avg": 26.47,
            "net_income": 91106,
            "revenue": 1225525,
            "common_shares": 605526,
            "book_valuer_per_share": 72.93,
            "book_valuer_per_share_4q_avg": 69.13,
            "equity": 4451128,
            "current_ratio": 308.99,
            "debt_ratio": 26.76,
            "inventory_turnover_ratio": 1.65,
            "account_receivable_turnover_ratio": 1.08,
            "reinvestment_rate": 17.2,
            "research_to_sale_ratio": 2.34,
            "price_fair": 457.36,
            "eps_avg_yearly": 13.07,
            "eps_latest_yearly": 5.84,
            "eps_growth_yearly": 56.9
        },
        "20162": {
            "year_quarter": 20162,
            "year": 2016,
            "quarter": 2,
            "eps": 4.25,
            "eps_growth_year": 32.81,
            "eps_4q": 14.79,
            "eps_4q_growth_year": 8.81,
            "roe": 6.04,
            "roe_4q": 21.6,
            "gross_profit": 454907,
            "gross_margin": 28.48,
            "gross_margin_4q_avg": 27.04,
            "net_income": 258568,
            "revenue": 1597213,
            "common_shares": 605526,
            "book_valuer_per_share": 67.35,
            "book_valuer_per_share_4q_avg": 70.3,
            "equity": 4106434,
            "current_ratio": 228.57,
            "debt_ratio": 35.12,
            "inventory_turnover_ratio": 1.9,
            "account_receivable_turnover_ratio": 1.26,
            "reinvestment_rate": 14.58,
            "research_to_sale_ratio": 1.71,
            "price_fair": 463.84,
            "eps_avg_yearly": 13.25,
            "eps_latest_yearly": 17,
            "eps_growth_yearly": 68.74
        },
        "20163": {
            "year_quarter": 20163,
            "year": 2016,
            "quarter": 3,
            "eps": 4.26,
            "eps_growth_year": -30.73,
            "eps_4q": 12.89,
            "eps_4q_growth_year": -13.28,
            "roe": 6.11,
            "roe_4q": 18.400000000000002,
            "gross_profit": 517276,
            "gross_margin": 27.99,
            "gross_margin_4q_avg": 27.31,
            "net_income": 258310,
            "revenue": 1848005,
            "common_shares": 605526,
            "book_valuer_per_share": 71.26,
            "book_valuer_per_share_4q_avg": 70.82,
            "equity": 4343424,
            "current_ratio": 262.99,
            "debt_ratio": 30.63,
            "inventory_turnover_ratio": 2.52,
            "account_receivable_turnover_ratio": 1.1,
            "reinvestment_rate": 14.51,
            "research_to_sale_ratio": 1.52,
            "price_fair": 464.54,
            "eps_avg_yearly": 13.27,
            "eps_latest_yearly": 17.04,
            "eps_growth_yearly": 64.03
        },
        "20164": {
            "year_quarter": 20164,
            "year": 2016,
            "quarter": 4,
            "eps": 4.1,
            "eps_growth_year": 39.99,
            "eps_4q": 14.06,
            "eps_4q_growth_year": -0.88,
            "roe": 5.62,
            "roe_4q": 19.83,
            "gross_profit": 373011,
            "gross_margin": 27.26,
            "gross_margin_4q_avg": 27.63,
            "net_income": 250688,
            "revenue": 1368593,
            "common_shares": 605526,
            "book_valuer_per_share": 75.21,
            "book_valuer_per_share_4q_avg": 71.69,
            "equity": 4584906,
            "current_ratio": 305.75,
            "debt_ratio": 26.57,
            "inventory_turnover_ratio": 2.14,
            "account_receivable_turnover_ratio": 0.84,
            "reinvestment_rate": 16.43,
            "research_to_sale_ratio": 2.78,
            "price_fair": 480.29,
            "eps_avg_yearly": 13.72,
            "eps_latest_yearly": 16.4,
            "eps_growth_yearly": 74.33
        },
        "20171": {
            "year_quarter": 20171,
            "year": 2017,
            "quarter": 1,
            "eps": -1.37,
            "eps_growth_year": -193.84,
            "eps_4q": 11.24,
            "eps_4q_growth_year": -18.21,
            "roe": -1.81,
            "roe_4q": 15.96,
            "gross_profit": 234546,
            "gross_margin": 24.09,
            "gross_margin_4q_avg": 26.96,
            "net_income": -81845,
            "revenue": 973525,
            "common_shares": 605526,
            "book_valuer_per_share": 73.15,
            "book_valuer_per_share_4q_avg": 71.74,
            "equity": 4461324,
            "current_ratio": 306.82,
            "debt_ratio": 25.89,
            "inventory_turnover_ratio": 1.26,
            "account_receivable_turnover_ratio": 0.83,
            "reinvestment_rate": 16.1,
            "research_to_sale_ratio": 3.24,
            "price_fair": 486.55,
            "eps_avg_yearly": 13.9,
            "eps_latest_yearly": 16.4,
            "eps_growth_yearly": 73.95
        },
        "20172": {
            "year_quarter": 20172,
            "year": 2017,
            "quarter": 2,
            "eps": 4.11,
            "eps_growth_year": -3.29,
            "eps_4q": 11.1,
            "eps_4q_growth_year": -24.93,
            "roe": 5.82,
            "roe_4q": 15.739999999999998,
            "gross_profit": 442326,
            "gross_margin": 26.21,
            "gross_margin_4q_avg": 26.39,
            "net_income": 250201,
            "revenue": 1687803,
            "common_shares": 605526,
            "book_valuer_per_share": 67.97,
            "book_valuer_per_share_4q_avg": 71.9,
            "equity": 4142464,
            "current_ratio": 210.63,
            "debt_ratio": 37.34,
            "inventory_turnover_ratio": 1.77,
            "account_receivable_turnover_ratio": 1.33,
            "reinvestment_rate": 13.74,
            "research_to_sale_ratio": 1.63,
            "price_fair": 487.1,
            "eps_avg_yearly": 13.92,
            "eps_latest_yearly": 16.4,
            "eps_growth_yearly": 72.4
        },
        "20173": {
            "year_quarter": 20173,
            "year": 2017,
            "quarter": 3,
            "eps": 3.79,
            "eps_growth_year": -11.03,
            "eps_4q": 10.63,
            "eps_4q_growth_year": -17.53,
            "roe": 5.63,
            "roe_4q": 15.259999999999998,
            "gross_profit": 472325,
            "gross_margin": 26.55,
            "gross_margin_4q_avg": 26.03,
            "net_income": 237515,
            "revenue": 1779076,
            "common_shares": 605526,
            "book_valuer_per_share": 70.38,
            "book_valuer_per_share_4q_avg": 71.68,
            "equity": 4296489,
            "current_ratio": 252.1,
            "debt_ratio": 31.42,
            "inventory_turnover_ratio": 2.05,
            "account_receivable_turnover_ratio": 1.03,
            "reinvestment_rate": 9.22,
            "research_to_sale_ratio": 1.64,
            "price_fair": 479.6,
            "eps_avg_yearly": 13.7,
            "eps_latest_yearly": 15.16,
            "eps_growth_yearly": 60.82
        },
        "20174": {
            "year_quarter": 20174,
            "year": 2017,
            "quarter": 4,
            "eps": 2.15,
            "eps_growth_year": -47.61,
            "eps_4q": 8.68,
            "eps_4q_growth_year": -38.28,
            "roe": 3.04,
            "roe_4q": 12.68,
            "gross_profit": 365318,
            "gross_margin": 23.51,
            "gross_margin_4q_avg": 25.09,
            "net_income": 132418,
            "revenue": 1553740,
            "common_shares": 605526,
            "book_valuer_per_share": 72.47,
            "book_valuer_per_share_4q_avg": 70.99,
            "equity": 4425537,
            "current_ratio": 252.9,
            "debt_ratio": 34.33,
            "inventory_turnover_ratio": 2.47,
            "account_receivable_turnover_ratio": 0.98,
            "reinvestment_rate": 7.12,
            "research_to_sale_ratio": 1.88,
            "price_fair": 479,
            "eps_avg_yearly": 13.69,
            "eps_latest_yearly": 8.6,
            "eps_growth_yearly": 63.12
        },
        "20181": {
            "year_quarter": 20181,
            "year": 2018,
            "quarter": 1,
            "eps": -0.91,
            "eps_growth_year": null,
            "eps_4q": 9.14,
            "eps_4q_growth_year": -18.65,
            "roe": -1.2,
            "roe_4q": 13.29,
            "gross_profit": 221516,
            "gross_margin": 21.14,
            "gross_margin_4q_avg": 24.35,
            "net_income": -52635,
            "revenue": 1048095,
            "common_shares": 605526,
            "book_valuer_per_share": 71.36,
            "book_valuer_per_share_4q_avg": 70.55,
            "equity": 4360524,
            "current_ratio": 259.52,
            "debt_ratio": 34.01,
            "inventory_turnover_ratio": 1.57,
            "account_receivable_turnover_ratio": 0.94,
            "reinvestment_rate": 0.92,
            "research_to_sale_ratio": 2.68,
            "price_fair": 489.46,
            "eps_avg_yearly": 13.98,
            "eps_latest_yearly": 8.6,
            "eps_growth_yearly": 64.64
        },
        "20182": {
            "year_quarter": 20182,
            "year": 2018,
            "quarter": 2,
            "eps": 6.97,
            "eps_growth_year": 69.59,
            "eps_4q": 12.01,
            "eps_4q_growth_year": 8.16,
            "roe": 9.79,
            "roe_4q": 17.259999999999998,
            "gross_profit": 466411,
            "gross_margin": 25.19,
            "gross_margin_4q_avg": 24.1,
            "net_income": 424433,
            "revenue": 1851718,
            "common_shares": 605526,
            "book_valuer_per_share": 70.67,
            "book_valuer_per_share_4q_avg": 71.22,
            "equity": 4310075,
            "current_ratio": 219.25,
            "debt_ratio": 39.22,
            "inventory_turnover_ratio": 1.92,
            "account_receivable_turnover_ratio": 1.47,
            "reinvestment_rate": 1.7,
            "research_to_sale_ratio": 1.42,
            "price_fair": 498.05,
            "eps_avg_yearly": 14.23,
            "eps_latest_yearly": 8.6,
            "eps_growth_yearly": 65.8
        },
        "20183": {
            "year_quarter": 20183,
            "year": 2018,
            "quarter": 3,
            "eps": 6.67,
            "eps_growth_year": 75.99,
            "eps_4q": 14.88,
            "eps_4q_growth_year": 39.95,
            "roe": 9.2,
            "roe_4q": 20.83,
            "gross_profit": 641274,
            "gross_margin": 27.33,
            "gross_margin_4q_avg": 24.29,
            "net_income": 413453,
            "revenue": 2346265,
            "common_shares": 605526,
            "book_valuer_per_share": 76.62,
            "book_valuer_per_share_4q_avg": 72.78,
            "equity": 4679847,
            "current_ratio": 260.69,
            "debt_ratio": 33.91,
            "inventory_turnover_ratio": 2.65,
            "account_receivable_turnover_ratio": 1.3,
            "reinvestment_rate": -0.22,
            "research_to_sale_ratio": 1.29,
            "price_fair": 518.93,
            "eps_avg_yearly": 14.83,
            "eps_latest_yearly": 26.68,
            "eps_growth_yearly": 38.77
        },
        "20184": {
            "year_quarter": 20184,
            "year": 2018,
            "quarter": 4,
            "eps": 2.52,
            "eps_growth_year": 17.47,
            "eps_4q": 15.26,
            "eps_4q_growth_year": 75.76,
            "roe": 3.27,
            "roe_4q": 21.06,
            "gross_profit": 359005,
            "gross_margin": 25.21,
            "gross_margin_4q_avg": 24.72,
            "net_income": 155610,
            "revenue": 1423886,
            "common_shares": 605356,
            "book_valuer_per_share": 79.33,
            "book_valuer_per_share_4q_avg": 74.5,
            "equity": 4847093,
            "current_ratio": 309.99,
            "debt_ratio": 28.84,
            "inventory_turnover_ratio": 1.89,
            "account_receivable_turnover_ratio": 0.94,
            "reinvestment_rate": 1.63,
            "research_to_sale_ratio": 2.08,
            "price_fair": 506.22,
            "eps_avg_yearly": 14.46,
            "eps_latest_yearly": 10.08,
            "eps_growth_yearly": 26.7
        },
        "20191": {
            "year_quarter": 20191,
            "year": 2019,
            "quarter": 1,
            "eps": 1.34,
            "eps_growth_year": null,
            "eps_4q": 17.51,
            "eps_4q_growth_year": 91.51,
            "roe": 1.71,
            "roe_4q": 23.97,
            "gross_profit": 250085,
            "gross_margin": 23.24,
            "gross_margin_4q_avg": 25.24,
            "net_income": 83830,
            "revenue": 1075897,
            "common_shares": 605356,
            "book_valuer_per_share": 81.01,
            "book_valuer_per_share_4q_avg": 76.91,
            "equity": 4951376,
            "current_ratio": 334.18,
            "debt_ratio": 26.57,
            "inventory_turnover_ratio": 1.11,
            "account_receivable_turnover_ratio": 1.16,
            "reinvestment_rate": 1.09,
            "research_to_sale_ratio": 2.33,
            "price_fair": 499.57,
            "eps_avg_yearly": 14.27,
            "eps_latest_yearly": 5.36,
            "eps_growth_yearly": 26.79
        },
        "20192": {
            "year_quarter": 20192,
            "year": 2019,
            "quarter": 2,
            "eps": 3.43,
            "eps_growth_year": -50.79,
            "eps_4q": 13.96,
            "eps_4q_growth_year": 16.28,
            "roe": 4.45,
            "roe_4q": 18.63,
            "gross_profit": 387604,
            "gross_margin": 24.4,
            "gross_margin_4q_avg": 25.05,
            "net_income": 209713,
            "revenue": 1588466,
            "common_shares": 605356,
            "book_valuer_per_share": 73.39,
            "book_valuer_per_share_4q_avg": 77.59,
            "equity": 4477292,
            "current_ratio": 257.76,
            "debt_ratio": 32.17,
            "inventory_turnover_ratio": 1.56,
            "account_receivable_turnover_ratio": 1.61,
            "reinvestment_rate": 6.12,
            "research_to_sale_ratio": 1.58,
            "price_fair": 502.25,
            "eps_avg_yearly": 14.35,
            "eps_latest_yearly": 13.72,
            "eps_growth_yearly": 56.27
        },
        "20193": {
            "year_quarter": 20193,
            "year": 2019,
            "quarter": 3,
            "eps": 4.48,
            "eps_growth_year": -32.83,
            "eps_4q": 11.77,
            "eps_4q_growth_year": -20.88,
            "roe": 6.01,
            "roe_4q": 15.440000000000001,
            "gross_profit": 528296,
            "gross_margin": 26.34,
            "gross_margin_4q_avg": 24.8,
            "net_income": 276704,
            "revenue": 2005692,
            "common_shares": 605356,
            "book_valuer_per_share": 77.58,
            "book_valuer_per_share_4q_avg": 77.83,
            "equity": 4736458,
            "current_ratio": 306.96,
            "debt_ratio": 27.79,
            "inventory_turnover_ratio": 2.54,
            "account_receivable_turnover_ratio": 1.38,
            "reinvestment_rate": 8.92,
            "research_to_sale_ratio": 1.28,
            "price_fair": 482.77,
            "eps_avg_yearly": 13.79,
            "eps_latest_yearly": 17.92,
            "eps_growth_yearly": 35.74
        },
        "20194": {
            "year_quarter": 20194,
            "year": 2019,
            "quarter": 4,
            "eps": 1.91,
            "eps_growth_year": -24.19,
            "eps_4q": 11.16,
            "eps_4q_growth_year": -26.83,
            "roe": 2.47,
            "roe_4q": 14.64,
            "gross_profit": 323290,
            "gross_margin": 25.54,
            "gross_margin_4q_avg": 24.88,
            "net_income": 117759,
            "revenue": 1265893,
            "common_shares": 605356,
            "book_valuer_per_share": 78.66,
            "book_valuer_per_share_4q_avg": 77.66,
            "equity": 4803979,
            "current_ratio": 325.06,
            "debt_ratio": 25.43,
            "inventory_turnover_ratio": 1.76,
            "account_receivable_turnover_ratio": 0.92,
            "reinvestment_rate": 11.37,
            "research_to_sale_ratio": 2.3,
            "price_fair": 470.87,
            "eps_avg_yearly": 13.45,
            "eps_latest_yearly": 7.64,
            "eps_growth_yearly": 34.07
        },
        "20201": {
            "year_quarter": 20201,
            "year": 2020,
            "quarter": 1,
            "eps": 1.95,
            "eps_growth_year": 45.52,
            "eps_4q": 11.77,
            "eps_4q_growth_year": -32.75,
            "roe": 2.48,
            "roe_4q": 15.41,
            "gross_profit": 273394,
            "gross_margin": 23.38,
            "gross_margin_4q_avg": 24.92,
            "net_income": 120127,
            "revenue": 1169190,
            "common_shares": 605356,
            "book_valuer_per_share": 80.08,
            "book_valuer_per_share_4q_avg": 77.43,
            "equity": 4891721,
            "current_ratio": 369.93,
            "debt_ratio": 22.47,
            "inventory_turnover_ratio": 1.53,
            "account_receivable_turnover_ratio": 1.19,
            "reinvestment_rate": 13.69,
            "research_to_sale_ratio": 2.19,
            "price_fair": 476.58,
            "eps_avg_yearly": 13.62,
            "eps_latest_yearly": 7.8,
            "eps_growth_yearly": 51.49
        },
        "20202": {
            "year_quarter": 20202,
            "year": 2020,
            "quarter": 2,
            "eps": 3.05,
            "eps_growth_year": -11.08,
            "eps_4q": 11.4,
            "eps_4q_growth_year": -18.36,
            "roe": 3.95,
            "roe_4q": 14.91,
            "gross_profit": 437527,
            "gross_margin": 27.1,
            "gross_margin_4q_avg": 25.59,
            "net_income": 187290,
            "revenue": 1614636,
            "common_shares": 605356,
            "book_valuer_per_share": 74.14,
            "book_valuer_per_share_4q_avg": 77.62,
            "equity": 4582238,
            "current_ratio": 225.2,
            "debt_ratio": 34.56,
            "inventory_turnover_ratio": 1.64,
            "account_receivable_turnover_ratio": 1.4,
            "reinvestment_rate": 13.83,
            "research_to_sale_ratio": 1.59,
            "price_fair": 219.37,
            "eps_avg_yearly": 13.22,
            "eps_latest_yearly": 12.2,
            "eps_growth_yearly": 6.6
        },
        "20203": {
            "year_quarter": 20203,
            "year": 2020,
            "quarter": 3,
            "eps": 5.2,
            "eps_growth_year": 16.07,
            "eps_4q": 12.12,
            "eps_4q_growth_year": 2.96,
            "roe": 6.74,
            "roe_4q": 15.640000000000002,
            "gross_profit": 674371,
            "gross_margin": 29.95,
            "gross_margin_4q_avg": 26.49,
            "net_income": 318263,
            "revenue": 2251944,
            "common_shares": 605356,
            "book_valuer_per_share": 79.13,
            "book_valuer_per_share_4q_avg": 78,
            "equity": 4856750,
            "current_ratio": 237.33,
            "debt_ratio": 37.49,
            "inventory_turnover_ratio": 1.83,
            "account_receivable_turnover_ratio": 1.52,
            "reinvestment_rate": 12.28,
            "research_to_sale_ratio": 1.3,
            "price_fair": 473.55,
            "eps_avg_yearly": 13.53,
            "eps_latest_yearly": 20.8,
            "eps_growth_yearly": 30.02
        },
        "20204": {
            "year_quarter": 20204,
            "year": 2020,
            "quarter": 4,
            "eps": 3.55,
            "eps_growth_year": 85.58,
            "eps_4q": 13.76,
            "eps_4q_growth_year": 23.26,
            "roe": 4.44,
            "roe_4q": 17.61,
            "gross_profit": 574720,
            "gross_margin": 29.78,
            "gross_margin_4q_avg": 27.55,
            "net_income": 219961,
            "revenue": 1930049,
            "common_shares": 605356,
            "book_valuer_per_share": 82.31,
            "book_valuer_per_share_4q_avg": 78.92,
            "equity": 5054478,
            "current_ratio": 243.32,
            "debt_ratio": 36.67,
            "inventory_turnover_ratio": 1.23,
            "account_receivable_turnover_ratio": 1.36,
            "reinvestment_rate": 16.01,
            "research_to_sale_ratio": 1.44,
            "price_fair": 409.63,
            "eps_avg_yearly": 13.35,
            "eps_latest_yearly": 14.2,
            "eps_growth_yearly": 20.69
        },
        "20211": {
            "year_quarter": 20211,
            "year": 2021,
            "quarter": 1,
            "eps": 5.42,
            "eps_growth_year": 177.95,
            "eps_4q": 17.23,
            "eps_4q_growth_year": 46.36,
            "roe": 6.29,
            "roe_4q": 21.419999999999998,
            "gross_profit": 633165,
            "gross_margin": 24.88,
            "gross_margin_4q_avg": 27.93,
            "net_income": 328291,
            "revenue": 2545221,
            "common_shares": 605356,
            "book_valuer_per_share": 87.74,
            "book_valuer_per_share_4q_avg": 80.83,
            "equity": 5383329,
            "current_ratio": 246.28,
            "debt_ratio": 35.67,
            "inventory_turnover_ratio": 1.5,
            "account_receivable_turnover_ratio": 1.69,
            "reinvestment_rate": 13.04,
            "research_to_sale_ratio": 1.06,
            "price_fair": 489.57,
            "eps_avg_yearly": 13.99,
            "eps_latest_yearly": 21.68,
            "eps_growth_yearly": 35.31
        },
        "20212": {
            "year_quarter": 20212,
            "year": 2021,
            "quarter": 2,
            "eps": 3.49,
            "eps_growth_year": 14.43,
            "eps_4q": 17.66,
            "eps_4q_growth_year": 54.97,
            "roe": 3.84,
            "roe_4q": 21.310000000000002,
            "gross_profit": 527133,
            "gross_margin": 23.36,
            "gross_margin_4q_avg": 26.99,
            "net_income": 209524,
            "revenue": 2256167,
            "common_shares": 605356,
            "book_valuer_per_share": 90.6,
            "book_valuer_per_share_4q_avg": 84.95,
            "equity": 5543509,
            "current_ratio": 252.25,
            "debt_ratio": 33.91,
            "inventory_turnover_ratio": 1.26,
            "account_receivable_turnover_ratio": 1.27,
            "reinvestment_rate": 14.91,
            "research_to_sale_ratio": 1.31,
            "price_fair": 456.11,
            "eps_avg_yearly": 13.99,
            "eps_latest_yearly": 13.96,
            "eps_growth_yearly": 22.61
        },
        "20213": {
            "year_quarter": 20213,
            "year": 2021,
            "quarter": 3,
            "eps": 0.16,
            "eps_growth_year": -96.92,
            "eps_4q": 12.62,
            "eps_4q_growth_year": 4.13,
            "roe": 0.27,
            "roe_4q": 14.84,
            "gross_profit": 218795,
            "gross_margin": 13.74,
            "gross_margin_4q_avg": 22.94,
            "net_income": 14337,
            "revenue": 1591988,
            "common_shares": 605356,
            "book_valuer_per_share": 81.55,
            "book_valuer_per_share_4q_avg": 85.55,
            "equity": 5000564,
            "current_ratio": 230.03,
            "debt_ratio": 35.73,
            "inventory_turnover_ratio": 0.93,
            "account_receivable_turnover_ratio": 1.17,
            "reinvestment_rate": 17.48,
            "research_to_sale_ratio": 2.02,
            "price_fair": 38.85,
            "eps_avg_yearly": 12.95,
            "eps_latest_yearly": 0.64,
            "eps_growth_yearly": -2.42
        },
        "20214": {
            "year_quarter": 20214,
            "year": 2021,
            "quarter": 4,
            "eps": -0.4,
            "eps_growth_year": -111.16,
            "eps_4q": 8.68,
            "eps_4q_growth_year": -36.96,
            "roe": -0.48,
            "roe_4q": 9.92,
            "gross_profit": 212258,
            "gross_margin": 16,
            "gross_margin_4q_avg": 19.5,
            "net_income": -23809,
            "revenue": 1326556,
            "common_shares": 605356,
            "book_valuer_per_share": 81.08,
            "book_valuer_per_share_4q_avg": 85.24,
            "equity": 4976028,
            "current_ratio": 215.88,
            "debt_ratio": 37.53,
            "inventory_turnover_ratio": 0.74,
            "account_receivable_turnover_ratio": 1.36,
            "reinvestment_rate": 22.05,
            "research_to_sale_ratio": 1.93,
            "price_fair": 275,
            "eps_avg_yearly": 13.28,
            "eps_latest_yearly": 0.64,
            "eps_growth_yearly": 10.7
        },
        "20221": {
            "year_quarter": 20221,
            "year": 2022,
            "quarter": 1,
            "eps": 2.63,
            "eps_growth_year": -51.48,
            "eps_4q": 5.88,
            "eps_4q_growth_year": -65.87,
            "roe": 3.16,
            "roe_4q": 6.79,
            "gross_profit": 328919,
            "gross_margin": 16.56,
            "gross_margin_4q_avg": 17.42,
            "net_income": 160778,
            "revenue": 1985775,
            "common_shares": 605356,
            "book_valuer_per_share": 84.87,
            "book_valuer_per_share_4q_avg": 84.53,
            "equity": 5207475,
            "current_ratio": 240.9,
            "debt_ratio": 34.12,
            "inventory_turnover_ratio": 1.14,
            "account_receivable_turnover_ratio": 1.6,
            "reinvestment_rate": 25.26,
            "research_to_sale_ratio": 1.64,
            "price_fair": 275,
            "eps_avg_yearly": 13.28,
            "eps_latest_yearly": 0.64,
            "eps_growth_yearly": 10.7
        },
        "20222": {
            "year_quarter": 20222,
            "year": 2022,
            "quarter": 2,
            "eps": 3.37,
            "eps_growth_year": -3.44,
            "eps_4q": 5.77,
            "eps_4q_growth_year": -67.36,
            "roe": 4.03,
            "roe_4q": 6.98,
            "gross_profit": 348569,
            "gross_margin": 18.1,
            "gross_margin_4q_avg": 16.1,
            "net_income": 203949,
            "revenue": 1925876,
            "common_shares": 605356,
            "book_valuer_per_share": 80.18,
            "book_valuer_per_share_4q_avg": 81.92,
            "equity": 4912074,
            "current_ratio": 135,
            "debt_ratio": 44.6,
            "inventory_turnover_ratio": 1.37,
            "account_receivable_turnover_ratio": 1.16,
            "reinvestment_rate": 23.7,
            "research_to_sale_ratio": 1.63,
            "price_fair": 372.02,
            "eps_avg_yearly": 13.3,
            "eps_latest_yearly": 13.48,
            "eps_growth_yearly": 17.98
        },
        "20223": {
            "year_quarter": 20223,
            "year": 2022,
            "quarter": 3,
            "eps": 2.06,
            "eps_growth_year": 1187.5,
            "eps_4q": 7.66,
            "eps_4q_growth_year": -39.32,
            "roe": 2.74,
            "roe_4q": 9.45,
            "gross_profit": 299497,
            "gross_margin": 21.47,
            "gross_margin_4q_avg": 18.03,
            "net_income": 173932,
            "revenue": 1394834,
            "common_shares": 605356,
            "book_valuer_per_share": 83.58,
            "book_valuer_per_share_4q_avg": 82.43,
            "equity": 7772836,
            "current_ratio": 179,
            "debt_ratio": 41.04,
            "inventory_turnover_ratio": 0.79,
            "account_receivable_turnover_ratio": 0.65,
            "reinvestment_rate": 85.31,
            "research_to_sale_ratio": 3.36,
            "price_fair": 216.85,
            "eps_avg_yearly": 11.98,
            "eps_latest_yearly": 8.24,
            "eps_growth_yearly": 8.1
        },
        "20224": {
            "year_quarter": 20224,
            "year": 2022,
            "quarter": 4,
            "eps": 0.1,
            "eps_growth_year": null,
            "eps_4q": 7.43,
            "eps_4q_growth_year": -14.33,
            "roe": 1.08,
            "roe_4q": 11.010000000000002,
            "gross_profit": 477455,
            "gross_margin": 25.24,
            "gross_margin_4q_avg": 20.34,
            "net_income": 86536,
            "revenue": 1891760,
            "common_shares": 665356,
            "book_valuer_per_share": 82.94,
            "book_valuer_per_share_4q_avg": 82.89,
            "equity": 8225201,
            "current_ratio": 212.28,
            "debt_ratio": 34.49,
            "inventory_turnover_ratio": 0.84,
            "account_receivable_turnover_ratio": 0.84,
            "reinvestment_rate": 84.77,
            "research_to_sale_ratio": 3.93,
            "price_fair": 33.87,
            "eps_avg_yearly": 11.29,
            "eps_latest_yearly": 0.4,
            "eps_growth_yearly": -1.31
        },
        "20231": {
            "year_quarter": 20231,
            "year": 2023,
            "quarter": 1,
            "eps": 0.19,
            "eps_growth_year": -92.78,
            "eps_4q": 5.23,
            "eps_4q_growth_year": -11.02,
            "roe": 1.03,
            "roe_4q": 8.88,
            "gross_profit": 351823,
            "gross_margin": 21.25,
            "gross_margin_4q_avg": 21.52,
            "net_income": 84907,
            "revenue": 1655976,
            "common_shares": 665356,
            "book_valuer_per_share": 82.88,
            "book_valuer_per_share_4q_avg": 82.4,
            "equity": 8286298,
            "current_ratio": 236.17,
            "debt_ratio": 31.21,
            "inventory_turnover_ratio": 0.84,
            "account_receivable_turnover_ratio": 1.01,
            "reinvestment_rate": 82.42,
            "research_to_sale_ratio": 4.1,
            "price_fair": 383.6,
            "eps_avg_yearly": 10.96,
            "eps_latest_yearly": 0.76,
            "eps_growth_yearly": 37.79
        }
    },
    "months": {
        "2004-04": {
            "month": "2004-04",
            "price": "48.30",
            "revenue": 174680
        },
        "2004-05": {
            "month": "2004-05",
            "price": "51.00",
            "revenue": 145433
        },
        "2004-06": {
            "month": "2004-06",
            "price": "51.00",
            "revenue": 146417
        },
        "2004-07": {
            "month": "2004-07",
            "price": "49.67",
            "revenue": 173548
        },
        "2004-09": {
            "month": "2004-09",
            "price": "48.85",
            "revenue": 201116
        },
        "2004-12": {
            "month": "2004-12",
            "price": "31.09",
            "revenue": 185964
        },
        "2005-01": {
            "month": "2005-01",
            "price": "39.02",
            "revenue": 156694
        },
        "2005-03": {
            "month": "2005-03",
            "price": "39.00",
            "revenue": 216707
        },
        "2005-04": {
            "month": "2005-04",
            "price": "38.83",
            "revenue": 191579
        },
        "2005-05": {
            "month": "2005-05",
            "price": "42.18",
            "revenue": 154565
        },
        "2005-06": {
            "month": "2005-06",
            "price": "44.98",
            "revenue": 119975
        },
        "2005-07": {
            "month": "2005-07",
            "price": "53.48",
            "revenue": 105713
        },
        "2005-08": {
            "month": "2005-08",
            "price": "47.67",
            "revenue": 160527
        },
        "2005-09": {
            "month": "2005-09",
            "price": "40.66",
            "revenue": 190965
        },
        "2005-11": {
            "month": "2005-11",
            "price": "40.10",
            "revenue": 241773
        },
        "2006-03": {
            "month": "2006-03",
            "price": "38.63",
            "revenue": 240567
        },
        "2006-04": {
            "month": "2006-04",
            "price": "35.54",
            "revenue": 223937
        },
        "2006-07": {
            "month": "2006-07",
            "price": "34.85",
            "revenue": 249665
        },
        "2006-08": {
            "month": "2006-08",
            "price": "38.51",
            "revenue": 229247
        },
        "2006-09": {
            "month": "2006-09",
            "price": "38.86",
            "revenue": 269231
        },
        "2006-10": {
            "month": "2006-10",
            "price": "41.66",
            "revenue": 288366
        },
        "2006-11": {
            "month": "2006-11",
            "price": "39.00",
            "revenue": 137625
        },
        "2006-12": {
            "month": "2006-12",
            "price": "40.54",
            "revenue": 160531
        },
        "2007-01": {
            "month": "2007-01",
            "price": "40.57",
            "revenue": 112887
        },
        "2007-02": {
            "month": "2007-02",
            "price": "46.69",
            "revenue": 134501
        },
        "2007-03": {
            "month": "2007-03",
            "price": "43.77",
            "revenue": 220415
        },
        "2007-04": {
            "month": "2007-04",
            "price": "44.14",
            "revenue": 144957
        },
        "2007-05": {
            "month": "2007-05",
            "price": "45.39",
            "revenue": 138950
        },
        "2007-06": {
            "month": "2007-06",
            "price": "48.39",
            "revenue": 97977
        },
        "2007-07": {
            "month": "2007-07",
            "price": "52.86",
            "revenue": 196528
        },
        "2007-08": {
            "month": "2007-08",
            "price": "49.90",
            "revenue": 182692
        },
        "2007-09": {
            "month": "2007-09",
            "price": "42.84",
            "revenue": 399730
        },
        "2007-10": {
            "month": "2007-10",
            "price": "37.84",
            "revenue": 286461
        },
        "2007-11": {
            "month": "2007-11",
            "price": "36.25",
            "revenue": 184724
        },
        "2007-12": {
            "month": "2007-12",
            "price": "30.50",
            "revenue": 220660
        },
        "2008-01": {
            "month": "2008-01",
            "price": "28.57",
            "revenue": 175315
        },
        "2008-02": {
            "month": "2008-02",
            "price": "28.22",
            "revenue": 159035
        },
        "2008-03": {
            "month": "2008-03",
            "price": "29.24",
            "revenue": 208098
        },
        "2008-04": {
            "month": "2008-04",
            "price": "31.30",
            "revenue": 146625
        },
        "2008-05": {
            "month": "2008-05",
            "price": "33.49",
            "revenue": 152799
        },
        "2008-06": {
            "month": "2008-06",
            "price": "31.81",
            "revenue": 105230
        },
        "2008-07": {
            "month": "2008-07",
            "price": "27.54",
            "revenue": 159560
        },
        "2008-08": {
            "month": "2008-08",
            "price": "26.37",
            "revenue": 225479
        },
        "2008-09": {
            "month": "2008-09",
            "price": "25.70",
            "revenue": 265930
        },
        "2008-10": {
            "month": "2008-10",
            "price": "24.44",
            "revenue": 286231
        },
        "2008-11": {
            "month": "2008-11",
            "price": "20.71",
            "revenue": 324701
        },
        "2008-12": {
            "month": "2008-12",
            "price": "19.17",
            "revenue": 200364
        },
        "2009-01": {
            "month": "2009-01",
            "price": "19.74",
            "revenue": 90622
        },
        "2009-02": {
            "month": "2009-02",
            "price": "18.98",
            "revenue": 130175
        },
        "2009-03": {
            "month": "2009-03",
            "price": "20.15",
            "revenue": 264008
        },
        "2009-04": {
            "month": "2009-04",
            "price": "23.49",
            "revenue": 276687
        },
        "2009-05": {
            "month": "2009-05",
            "price": "32.13",
            "revenue": 212780
        },
        "2009-06": {
            "month": "2009-06",
            "price": "32.89",
            "revenue": 204381
        },
        "2009-07": {
            "month": "2009-07",
            "price": "37.97",
            "revenue": 376990
        },
        "2009-08": {
            "month": "2009-08",
            "price": "58.62",
            "revenue": 260399
        },
        "2009-09": {
            "month": "2009-09",
            "price": "72.45",
            "revenue": 331260
        },
        "2009-10": {
            "month": "2009-10",
            "price": "79.45",
            "revenue": 324104
        },
        "2009-11": {
            "month": "2009-11",
            "price": "78.04",
            "revenue": 317593
        },
        "2009-12": {
            "month": "2009-12",
            "price": "78.35",
            "revenue": 354209
        },
        "2010-01": {
            "month": "2010-01",
            "price": "80.38",
            "revenue": 239538
        },
        "2010-02": {
            "month": "2010-02",
            "price": "79.19",
            "revenue": 200082
        },
        "2010-03": {
            "month": "2010-03",
            "price": "86.38",
            "revenue": 342370
        },
        "2010-04": {
            "month": "2010-04",
            "price": "108.42",
            "revenue": 392988
        },
        "2010-05": {
            "month": "2010-05",
            "price": "118.00",
            "revenue": 339075
        },
        "2010-06": {
            "month": "2010-06",
            "price": "123.17",
            "revenue": 466712
        },
        "2010-07": {
            "month": "2010-07",
            "price": "139.75",
            "revenue": 476514
        },
        "2010-08": {
            "month": "2010-08",
            "price": "157.43",
            "revenue": 515668
        },
        "2010-09": {
            "month": "2010-09",
            "price": "147.86",
            "revenue": 425035
        },
        "2010-10": {
            "month": "2010-10",
            "price": "128.10",
            "revenue": 210518
        },
        "2010-11": {
            "month": "2010-11",
            "price": "113.57",
            "revenue": 324188
        },
        "2010-12": {
            "month": "2010-12",
            "price": "117.13",
            "revenue": 278934
        },
        "2011-01": {
            "month": "2011-01",
            "price": "112.78",
            "revenue": 291803
        },
        "2011-02": {
            "month": "2011-02",
            "price": "108.50",
            "revenue": 221263
        },
        "2011-03": {
            "month": "2011-03",
            "price": "108.80",
            "revenue": 293722
        },
        "2011-04": {
            "month": "2011-04",
            "price": "106.95",
            "revenue": 301345
        },
        "2011-05": {
            "month": "2011-05",
            "price": "114.81",
            "revenue": 332915
        },
        "2011-06": {
            "month": "2011-06",
            "price": "115.31",
            "revenue": 472146
        },
        "2011-07": {
            "month": "2011-07",
            "price": "120.62",
            "revenue": 557234
        },
        "2011-08": {
            "month": "2011-08",
            "price": "104.33",
            "revenue": 443763
        },
        "2011-09": {
            "month": "2011-09",
            "price": "88.83",
            "revenue": 450747
        },
        "2011-10": {
            "month": "2011-10",
            "price": "90.48",
            "revenue": 471610
        },
        "2011-11": {
            "month": "2011-11",
            "price": "101.36",
            "revenue": 364672
        },
        "2011-12": {
            "month": "2011-12",
            "price": "94.30",
            "revenue": 275840
        },
        "2012-01": {
            "month": "2012-01",
            "price": "93.67",
            "revenue": 280380
        },
        "2012-02": {
            "month": "2012-02",
            "price": "106.98",
            "revenue": 332577
        },
        "2012-03": {
            "month": "2012-03",
            "price": "115.80",
            "revenue": 337712
        },
        "2012-04": {
            "month": "2012-04",
            "price": "106.72",
            "revenue": 494448
        },
        "2012-05": {
            "month": "2012-05",
            "price": "104.61",
            "revenue": 392375
        },
        "2012-06": {
            "month": "2012-06",
            "price": "102.79",
            "revenue": 403788
        },
        "2012-07": {
            "month": "2012-07",
            "price": "102.72",
            "revenue": 483938
        },
        "2012-08": {
            "month": "2012-08",
            "price": "98.74",
            "revenue": 456101
        },
        "2012-09": {
            "month": "2012-09",
            "price": "99.68",
            "revenue": 482572
        },
        "2012-10": {
            "month": "2012-10",
            "price": "99.15",
            "revenue": 456852
        },
        "2012-11": {
            "month": "2012-11",
            "price": "98.79",
            "revenue": 346301
        },
        "2012-12": {
            "month": "2012-12",
            "price": "99.98",
            "revenue": 280431
        },
        "2013-01": {
            "month": "2013-01",
            "price": "102.80",
            "revenue": 385764
        },
        "2013-02": {
            "month": "2013-02",
            "price": "109.96",
            "revenue": 318250
        },
        "2013-03": {
            "month": "2013-03",
            "price": "117.17",
            "revenue": 414042
        },
        "2013-04": {
            "month": "2013-04",
            "price": "129.65",
            "revenue": 413421
        },
        "2013-05": {
            "month": "2013-05",
            "price": "135.23",
            "revenue": 416489
        },
        "2013-06": {
            "month": "2013-06",
            "price": "131.42",
            "revenue": 485445
        },
        "2013-07": {
            "month": "2013-07",
            "price": "143.15",
            "revenue": 662354
        },
        "2013-08": {
            "month": "2013-08",
            "price": "148.83",
            "revenue": 504757
        },
        "2013-09": {
            "month": "2013-09",
            "price": "141.25",
            "revenue": 692279
        },
        "2013-10": {
            "month": "2013-10",
            "price": "159.39",
            "revenue": 536694
        },
        "2013-11": {
            "month": "2013-11",
            "price": "171.57",
            "revenue": 438085
        },
        "2013-12": {
            "month": "2013-12",
            "price": "170.05",
            "revenue": 291181
        },
        "2014-01": {
            "month": "2014-01",
            "price": "158.89",
            "revenue": 458317
        },
        "2014-02": {
            "month": "2014-02",
            "price": "166.09",
            "revenue": 313654
        },
        "2014-03": {
            "month": "2014-03",
            "price": "167.88",
            "revenue": 465310
        },
        "2014-04": {
            "month": "2014-04",
            "price": "167.90",
            "revenue": 469101
        },
        "2014-05": {
            "month": "2014-05",
            "price": "166.71",
            "revenue": 463841
        },
        "2014-06": {
            "month": "2014-06",
            "price": "164.58",
            "revenue": 552351
        },
        "2014-07": {
            "month": "2014-07",
            "price": "162.64",
            "revenue": 643674
        },
        "2014-08": {
            "month": "2014-08",
            "price": "156.57",
            "revenue": 601492
        },
        "2014-09": {
            "month": "2014-09",
            "price": "156.95",
            "revenue": 684719
        },
        "2014-10": {
            "month": "2014-10",
            "price": "150.05",
            "revenue": 549348
        },
        "2014-11": {
            "month": "2014-11",
            "price": "152.50",
            "revenue": 561560
        },
        "2014-12": {
            "month": "2014-12",
            "price": "160.75",
            "revenue": 484405
        },
        "2015-01": {
            "month": "2015-01",
            "price": "158.92",
            "revenue": 471929
        },
        "2015-02": {
            "month": "2015-02",
            "price": "161.04",
            "revenue": 425799
        },
        "2015-03": {
            "month": "2015-03",
            "price": "176.16",
            "revenue": 386138
        },
        "2015-04": {
            "month": "2015-04",
            "price": "181.72",
            "revenue": 449152
        },
        "2015-05": {
            "month": "2015-05",
            "price": "172.85",
            "revenue": 477332
        },
        "2015-06": {
            "month": "2015-06",
            "price": "163.64",
            "revenue": 668924
        },
        "2015-07": {
            "month": "2015-07",
            "price": "156.41",
            "revenue": 479482
        },
        "2015-08": {
            "month": "2015-08",
            "price": "133.48",
            "revenue": 576727
        },
        "2015-09": {
            "month": "2015-09",
            "price": "129.15",
            "revenue": 682400
        },
        "2015-10": {
            "month": "2015-10",
            "price": "137.33",
            "revenue": 517325
        },
        "2015-11": {
            "month": "2015-11",
            "price": "144.29",
            "revenue": 470991
        },
        "2015-12": {
            "month": "2015-12",
            "price": "138.91",
            "revenue": 411244
        },
        "2016-01": {
            "month": "2016-01",
            "price": "136.26",
            "revenue": 388359
        },
        "2016-02": {
            "month": "2016-02",
            "price": "140.46",
            "revenue": 436402
        },
        "2016-03": {
            "month": "2016-03",
            "price": "151.61",
            "revenue": 400764
        },
        "2016-04": {
            "month": "2016-04",
            "price": "147.18",
            "revenue": 497559
        },
        "2016-05": {
            "month": "2016-05",
            "price": "144.69",
            "revenue": 543489
        },
        "2016-06": {
            "month": "2016-06",
            "price": "147.07",
            "revenue": 556166
        },
        "2016-07": {
            "month": "2016-07",
            "price": "141.28",
            "revenue": 706782
        },
        "2016-08": {
            "month": "2016-08",
            "price": "153.20",
            "revenue": 580708
        },
        "2016-09": {
            "month": "2016-09",
            "price": "159.50",
            "revenue": 560514
        },
        "2016-10": {
            "month": "2016-10",
            "price": "157.62",
            "revenue": 446853
        },
        "2016-11": {
            "month": "2016-11",
            "price": "149.84",
            "revenue": 452499
        },
        "2016-12": {
            "month": "2016-12",
            "price": "155.20",
            "revenue": 469241
        },
        "2017-01": {
            "month": "2017-01",
            "price": "161.78",
            "revenue": 316407
        },
        "2017-02": {
            "month": "2017-02",
            "price": "158.81",
            "revenue": 296245
        },
        "2017-03": {
            "month": "2017-03",
            "price": "155.20",
            "revenue": 360873
        },
        "2017-04": {
            "month": "2017-04",
            "price": "151.14",
            "revenue": 478867
        },
        "2017-05": {
            "month": "2017-05",
            "price": "143.98",
            "revenue": 475697
        },
        "2017-06": {
            "month": "2017-06",
            "price": "143.13",
            "revenue": 728976
        },
        "2017-07": {
            "month": "2017-07",
            "price": "133.60",
            "revenue": 665966
        },
        "2017-08": {
            "month": "2017-08",
            "price": "128.61",
            "revenue": 683565
        },
        "2017-09": {
            "month": "2017-09",
            "price": "131.43",
            "revenue": 433809
        },
        "2017-10": {
            "month": "2017-10",
            "price": "128.11",
            "revenue": 468019
        },
        "2017-11": {
            "month": "2017-11",
            "price": "127.59",
            "revenue": 551123
        },
        "2017-12": {
            "month": "2017-12",
            "price": "129.14",
            "revenue": 552552
        },
        "2018-01": {
            "month": "2018-01",
            "price": "128.75",
            "revenue": 346240
        },
        "2018-02": {
            "month": "2018-02",
            "price": "127.08",
            "revenue": 332239
        },
        "2018-03": {
            "month": "2018-03",
            "price": "128.33",
            "revenue": 357645
        },
        "2018-04": {
            "month": "2018-04",
            "price": "129.11",
            "revenue": 448523
        },
        "2018-05": {
            "month": "2018-05",
            "price": "127.14",
            "revenue": 556107
        },
        "2018-06": {
            "month": "2018-06",
            "price": "128.72",
            "revenue": 859059
        },
        "2018-07": {
            "month": "2018-07",
            "price": "126.89",
            "revenue": 845544
        },
        "2018-08": {
            "month": "2018-08",
            "price": "138.13",
            "revenue": 786700
        },
        "2018-09": {
            "month": "2018-09",
            "price": "141.26",
            "revenue": 714020
        },
        "2018-10": {
            "month": "2018-10",
            "price": "140.59",
            "revenue": 499508
        },
        "2018-11": {
            "month": "2018-11",
            "price": "141.80",
            "revenue": 454175
        },
        "2018-12": {
            "month": "2018-12",
            "price": "137.83",
            "revenue": 470202
        },
        "2019-01": {
            "month": "2019-01",
            "price": "137.74",
            "revenue": 411722
        },
        "2019-02": {
            "month": "2019-02",
            "price": "143.15",
            "revenue": 266664
        },
        "2019-03": {
            "month": "2019-03",
            "price": "148.58",
            "revenue": 397511
        },
        "2019-04": {
            "month": "2019-04",
            "price": "149.68",
            "revenue": 537176
        },
        "2019-05": {
            "month": "2019-05",
            "price": "147.50",
            "revenue": 442559
        },
        "2019-06": {
            "month": "2019-06",
            "price": "146.29",
            "revenue": 608731
        },
        "2019-07": {
            "month": "2019-07",
            "price": "138.57",
            "revenue": 614867
        },
        "2019-08": {
            "month": "2019-08",
            "price": "132.76",
            "revenue": 668805
        },
        "2019-09": {
            "month": "2019-09",
            "price": "133.58",
            "revenue": 722020
        },
        "2019-10": {
            "month": "2019-10",
            "price": "132.48",
            "revenue": 455609
        },
        "2019-11": {
            "month": "2019-11",
            "price": "133.95",
            "revenue": 344224
        },
        "2019-12": {
            "month": "2019-12",
            "price": "133.09",
            "revenue": 466060
        },
        "2020-01": {
            "month": "2020-01",
            "price": "131.83",
            "revenue": 337493
        },
        "2020-02": {
            "month": "2020-02",
            "price": "129.18",
            "revenue": 340150
        },
        "2020-03": {
            "month": "2020-03",
            "price": "121.02",
            "revenue": 491547
        },
        "2020-04": {
            "month": "2020-04",
            "price": "125.08",
            "revenue": 504995
        },
        "2020-05": {
            "month": "2020-05",
            "price": "132.02",
            "revenue": 413366
        },
        "2020-06": {
            "month": "2020-06",
            "price": "136.55",
            "revenue": 696273
        },
        "2020-07": {
            "month": "2020-07",
            "price": "132.61",
            "revenue": 735104
        },
        "2020-08": {
            "month": "2020-08",
            "price": "136.45",
            "revenue": 815229
        },
        "2020-09": {
            "month": "2020-09",
            "price": "138.23",
            "revenue": 701611
        },
        "2020-10": {
            "month": "2020-10",
            "price": "136.61",
            "revenue": 678115
        },
        "2020-11": {
            "month": "2020-11",
            "price": "138.36",
            "revenue": 692204
        },
        "2020-12": {
            "month": "2020-12",
            "price": "139.80",
            "revenue": 559730
        },
        "2021-01": {
            "month": "2021-01",
            "price": "140.45",
            "revenue": 980933
        },
        "2021-02": {
            "month": "2021-02",
            "price": "146.12",
            "revenue": 630647
        },
        "2021-03": {
            "month": "2021-03",
            "price": "161.32",
            "revenue": 933640
        },
        "2021-04": {
            "month": "2021-04",
            "price": "174.18",
            "revenue": 800381
        },
        "2021-05": {
            "month": "2021-05",
            "price": "166.76",
            "revenue": 643327
        },
        "2021-06": {
            "month": "2021-06",
            "price": "166.33",
            "revenue": 812459
        },
        "2021-07": {
            "month": "2021-07",
            "price": "165.48",
            "revenue": 866648
        },
        "2021-08": {
            "month": "2021-08",
            "price": "157.82",
            "revenue": 382470
        },
        "2021-09": {
            "month": "2021-09",
            "price": "147.58",
            "revenue": 342870
        },
        "2021-10": {
            "month": "2021-10",
            "price": "147.95",
            "revenue": 332422
        },
        "2021-11": {
            "month": "2021-11",
            "price": "147.82",
            "revenue": 461878
        },
        "2021-12": {
            "month": "2021-12",
            "price": "144.36",
            "revenue": 539205
        },
        "2022-01": {
            "month": "2022-01",
            "price": "144.53",
            "revenue": 746933
        },
        "2022-02": {
            "month": "2022-02",
            "price": "145.53",
            "revenue": 432660
        },
        "2022-03": {
            "month": "2022-03",
            "price": "142.04",
            "revenue": 800122
        },
        "2022-04": {
            "month": "2022-04",
            "price": "139.13",
            "revenue": 491680
        },
        "2022-05": {
            "month": "2022-05",
            "price": "137.57",
            "revenue": 562349
        },
        "2022-06": {
            "month": "2022-06",
            "price": "138.26",
            "revenue": 877908
        },
        "2022-07": {
            "month": "2022-07",
            "price": "137.45",
            "revenue": 431679
        },
        "2022-08": {
            "month": "2022-08",
            "price": "132.54",
            "revenue": 406755
        },
        "2022-09": {
            "month": "2022-09",
            "price": "128.48",
            "revenue": 556400
        },
        "2022-10": {
            "month": "2022-10",
            "price": "112.90",
            "revenue": 672141
        },
        "2022-11": {
            "month": "2022-11",
            "price": "112.00",
            "revenue": 662424
        },
        "2022-12": {
            "month": "2022-12",
            "price": "119.34",
            "revenue": 553589
        },
        "2023-01": {
            "month": "2023-01",
            "price": "118.81",
            "revenue": 505439
        },
        "2023-02": {
            "month": "2023-02",
            "price": "120.78",
            "revenue": 490384
        },
        "2023-03": {
            "month": "2023-03",
            "price": "116.50",
            "revenue": 660153
        },
        "2023-04": {
            "month": "2023-04",
            "price": "112.71",
            "revenue": 541921
        },
        "2023-05": {
            "month": "2023-05",
            "price": "110.41",
            "revenue": 648984
        }
    }
}
