{
    "summary": {
        "stock_name": "中砂",
        "stock_id": "1560",
        "category": "電機機械",
        "main_business": "各種研磨品,各種切削刀具,之製造加工經銷及代理研磨加工<br>再生晶圓<br>其他金屬製品製造業－金屬台金,熱處理業,表面處理業,模具製造業",
        "website_url": "http://www.kinik.com.tw",
        "ceo": "謝榮哲",
        "pe_ratio": 43,
        "report_year_from": 2001,
        "report_year_to": 2023,
        "age": 23,
        "eps_negative_percentage": 5,
        "eps_growth_avg": {
            "last_all": 4.95,
            "last_2y": 27.28,
            "last_4y": 10.94,
            "last_8y": 7.45,
            "last_12y": 14.52,
            "last_16y": -0.71,
            "last_20y": null,
            "at_2006_last_3y": null,
            "at_2007_last_3y": 17.05,
            "at_2008_last_3y": -23.52,
            "at_2009_last_3y": -47.23,
            "at_2010_last_3y": -66.71,
            "at_2011_last_3y": -28.42,
            "at_2012_last_3y": -7,
            "at_2013_last_3y": 32.47,
            "at_2014_last_3y": 30.45,
            "at_2015_last_3y": 8.28,
            "at_2016_last_3y": 5.96,
            "at_2017_last_3y": 10.56,
            "at_2018_last_3y": 3.07,
            "at_2019_last_3y": 0.22,
            "at_2020_last_3y": 1.03,
            "at_2021_last_3y": -0.39,
            "at_2022_last_3y": 21.75,
            "at_2023_last_3y": 19.28,
            "at_2024_last_3y": 19.28,
            "at_2006_last_all": 35.11,
            "at_2007_last_all": 17.05,
            "at_2008_last_all": 1.04,
            "at_2009_last_all": -15.8,
            "at_2010_last_all": -15.8,
            "at_2011_last_all": -2.44,
            "at_2012_last_all": -1.97,
            "at_2013_last_all": 0.29,
            "at_2014_last_all": 2.7,
            "at_2015_last_all": 1.46,
            "at_2016_last_all": 0.67,
            "at_2017_last_all": 3.45,
            "at_2018_last_all": 2.81,
            "at_2019_last_all": 1.13,
            "at_2020_last_all": 0.76,
            "at_2021_last_all": 2.55,
            "at_2022_last_all": 7.02,
            "at_2023_last_all": 4.95,
            "at_2024_last_all": 4.95
        },
        "latest_eps": 5.88,
        "latest_price": 251.5,
        "latest_roe": 13.72,
        "latest_gross_margin": 32,
        "latest_equity": 6472415,
        "latest_revenue": 1594441,
        "latest_gross_profit": 510141,
        "latest_net_income": 160785,
        "latest_debt_ratio": 34.38,
        "latest_current_ratio": 179.59,
        "latest_account_receivable_turnover_ratio": 1.46,
        "latest_inventory_turnover_ratio": 0.56,
        "latest_reinvestment_rate": 26.42,
        "latest_research_to_sale_ratio": 2.68
    },
    "eps_dividends": {
        "2001": {
            "cash": 0,
            "stock": 0,
            "eps": 0
        },
        "2002": {
            "cash": 0,
            "stock": 0,
            "eps": 0
        },
        "2003": {
            "cash": 0.4,
            "stock": 0.52,
            "eps": 2.74
        },
        "2004": {
            "cash": 1.5,
            "stock": 1,
            "eps": 5.46
        },
        "2005": {
            "cash": 1.5,
            "stock": 1.5,
            "eps": 5.18
        },
        "2006": {
            "cash": 1.5,
            "stock": 1.5,
            "eps": 5.76
        },
        "2007": {
            "cash": 2.5,
            "stock": 1.5,
            "eps": 3.62
        },
        "2008": {
            "cash": 2.1,
            "stock": 0.5,
            "eps": 1.34
        },
        "2009": {
            "cash": 1.2,
            "stock": 0,
            "eps": -0.4
        },
        "2010": {
            "cash": 0.5,
            "stock": 0,
            "eps": 1.75
        },
        "2011": {
            "cash": 4.2,
            "stock": 0,
            "eps": 3.11
        },
        "2012": {
            "cash": 0,
            "stock": 0,
            "eps": 3.15
        },
        "2013": {
            "cash": 2.7,
            "stock": 0,
            "eps": 3.73
        },
        "2014": {
            "cash": 3.3,
            "stock": 0,
            "eps": 4.64
        },
        "2015": {
            "cash": 4.1,
            "stock": 0,
            "eps": 4.13
        },
        "2016": {
            "cash": 3.7,
            "stock": 0,
            "eps": 3.8
        },
        "2017": {
            "cash": 3,
            "stock": 0,
            "eps": 5.2
        },
        "2018": {
            "cash": 3.5,
            "stock": 0,
            "eps": 4.91
        },
        "2019": {
            "cash": 3.5,
            "stock": 0,
            "eps": 3.81
        },
        "2020": {
            "cash": 2.8,
            "stock": 0,
            "eps": 3.63
        },
        "2021": {
            "cash": 2.8,
            "stock": 0,
            "eps": 4.76
        },
        "2022": {
            "cash": 2.8,
            "stock": 0,
            "eps": 8.71
        },
        "2023": {
            "cash": 4,
            "stock": 0,
            "eps": 5.9
        },
        "2024": {
            "cash": 4,
            "stock": 0,
            "eps": 0
        }
    },
    "dividends": {
        "2003-04-22": {
            "cash": 0.4,
            "stock": 0.52
        },
        "2004-03-30": {
            "cash": 1.5,
            "stock": 1
        },
        "2005-04-06": {
            "cash": 1.5,
            "stock": 1.5
        },
        "2006-03-23": {
            "cash": 1.5,
            "stock": 1.5
        },
        "2007-03-22": {
            "cash": 2.5,
            "stock": 1.5
        },
        "2008-03-19": {
            "cash": 2.1,
            "stock": 0.5
        },
        "2009-03-24": {
            "cash": 1.2,
            "stock": 0
        },
        "2010-03-16": {
            "cash": 0.5,
            "stock": 0
        },
        "2011-01-01": {
            "cash": 2.7,
            "stock": 0
        },
        "2011-03-25": {
            "cash": 1.5,
            "stock": 0
        },
        "2013-02-27": {
            "cash": 2.7,
            "stock": 0
        },
        "2014-06-12": {
            "cash": 3.3,
            "stock": 0
        },
        "2015-07-17": {
            "cash": 4.1,
            "stock": 0
        },
        "2016-07-22": {
            "cash": 3.7,
            "stock": 0
        },
        "2017-07-28": {
            "cash": 3,
            "stock": 0
        },
        "2018-07-27": {
            "cash": 3.5,
            "stock": 0
        },
        "2019-07-31": {
            "cash": 3.5,
            "stock": 0
        },
        "2020-07-31": {
            "cash": 2.8,
            "stock": 0
        },
        "2021-08-20": {
            "cash": 2.8,
            "stock": 0
        },
        "2022-07-29": {
            "cash": 2.8,
            "stock": 0
        },
        "2023-07-13": {
            "cash": 4,
            "stock": 0
        },
        "2024-02-27": {
            "cash": 4,
            "stock": 0
        }
    },
    "prices": {
        "200101": "無",
        "200102": "無",
        "200103": "無",
        "200104": "無",
        "200105": "無",
        "200106": "無",
        "200107": "無",
        "200108": "無",
        "200109": "無",
        "200110": "無",
        "200111": "無",
        "200112": "無",
        "200201": "無",
        "200202": "無",
        "200203": "無",
        "200204": "無",
        "200205": "無",
        "200206": "無",
        "200207": "無",
        "200208": "無",
        "200209": "無",
        "200210": "無",
        "200211": "無",
        "200212": "無",
        "200301": "無",
        "200302": "無",
        "200303": "無",
        "200304": "無",
        "200305": "無",
        "200306": "無",
        "200307": "無",
        "200308": "無",
        "200309": "無",
        "200310": "無",
        "200311": "無",
        "200312": "無",
        "200401": "無",
        "200402": "無",
        "200403": "無",
        "200404": "89.41",
        "200405": "83.43",
        "200406": "75.52",
        "200407": "61.63",
        "200408": "52.18",
        "200409": "56.29",
        "200410": "54.73",
        "200411": "51.91",
        "200412": "63.40",
        "200501": "64.00",
        "200502": "80.69",
        "200503": "82.29",
        "200504": "71.80",
        "200505": "71.95",
        "200506": "83.43",
        "200507": "89.68",
        "200508": "81.52",
        "200509": "69.24",
        "200510": "70.32",
        "200511": "71.80",
        "200512": "82.39",
        "200601": "89.19",
        "200602": "87.45",
        "200603": "88.29",
        "200604": "110.61",
        "200605": "166.40",
        "200606": "157.82",
        "200607": "172.17",
        "200608": "162.93",
        "200609": "151.88",
        "200610": "144.38",
        "200611": "149.41",
        "200612": "153.52",
        "200701": "160.23",
        "200702": "153.21",
        "200703": "147.91",
        "200704": "147.05",
        "200705": "118.36",
        "200706": "121.08",
        "200707": "126.41",
        "200708": "95.77",
        "200709": "85.10",
        "200710": "83.18",
        "200711": "72.10",
        "200712": "60.46",
        "200801": "58.84",
        "200802": "57.14",
        "200803": "60.06",
        "200804": "60.08",
        "200805": "58.70",
        "200806": "51.51",
        "200807": "39.92",
        "200808": "36.70",
        "200809": "26.97",
        "200810": "22.16",
        "200811": "19.29",
        "200812": "19.43",
        "200901": "20.40",
        "200902": "18.72",
        "200903": "21.64",
        "200904": "25.14",
        "200905": "28.42",
        "200906": "29.59",
        "200907": "31.18",
        "200908": "37.22",
        "200909": "35.82",
        "200910": "35.02",
        "200911": "35.76",
        "200912": "39.31",
        "201001": "44.40",
        "201002": "42.56",
        "201003": "42.75",
        "201004": "44.90",
        "201005": "37.19",
        "201006": "35.21",
        "201007": "40.40",
        "201008": "41.59",
        "201009": "40.61",
        "201010": "50.69",
        "201011": "50.29",
        "201012": "57.89",
        "201101": "58.20",
        "201102": "63.29",
        "201103": "69.20",
        "201104": "72.84",
        "201105": "69.17",
        "201106": "62.44",
        "201107": "52.93",
        "201108": "42.82",
        "201109": "40.04",
        "201110": "39.19",
        "201111": "40.68",
        "201112": "34.78",
        "201201": "34.93",
        "201202": "43.65",
        "201203": "46.47",
        "201204": "43.62",
        "201205": "43.54",
        "201206": "42.35",
        "201207": "41.00",
        "201208": "42.20",
        "201209": "42.69",
        "201210": "41.11",
        "201211": "40.28",
        "201212": "41.69",
        "201301": "44.14",
        "201302": "50.36",
        "201303": "54.10",
        "201304": "53.20",
        "201305": "53.22",
        "201306": "51.85",
        "201307": "49.03",
        "201308": "50.34",
        "201309": "60.96",
        "201310": "66.13",
        "201311": "73.90",
        "201312": "75.69",
        "201401": "78.13",
        "201402": "84.30",
        "201403": "94.17",
        "201404": "87.63",
        "201405": "83.87",
        "201406": "86.82",
        "201407": "82.37",
        "201408": "79.60",
        "201409": "75.20",
        "201410": "63.85",
        "201411": "61.88",
        "201412": "66.92",
        "201501": "63.36",
        "201502": "63.78",
        "201503": "67.19",
        "201504": "65.62",
        "201505": "64.37",
        "201506": "61.38",
        "201507": "54.45",
        "201508": "48.24",
        "201509": "48.17",
        "201510": "54.52",
        "201511": "54.59",
        "201512": "52.16",
        "201601": "48.71",
        "201602": "51.06",
        "201603": "54.31",
        "201604": "52.36",
        "201605": "49.37",
        "201606": "50.77",
        "201607": "51.36",
        "201608": "54.50",
        "201609": "55.31",
        "201610": "54.11",
        "201611": "52.04",
        "201612": "59.61",
        "201701": "63.91",
        "201702": "73.81",
        "201703": "75.14",
        "201704": "69.42",
        "201705": "71.76",
        "201706": "75.62",
        "201707": "75.43",
        "201708": "81.45",
        "201709": "77.62",
        "201710": "79.04",
        "201711": "80.85",
        "201712": "83.41",
        "201801": "83.50",
        "201802": "79.88",
        "201803": "78.22",
        "201804": "79.54",
        "201805": "75.06",
        "201806": "74.34",
        "201807": "66.35",
        "201808": "66.59",
        "201809": "65.53",
        "201810": "58.39",
        "201811": "53.59",
        "201812": "57.50",
        "201901": "57.72",
        "201902": "58.95",
        "201903": "60.87",
        "201904": "61.75",
        "201905": "59.65",
        "201906": "59.76",
        "201907": "59.05",
        "201908": "58.40",
        "201909": "60.21",
        "201910": "67.28",
        "201911": "68.40",
        "201912": "69.09",
        "202001": "66.13",
        "202002": "63.50",
        "202003": "54.25",
        "202004": "55.56",
        "202005": "60.14",
        "202006": "60.97",
        "202007": "65.24",
        "202008": "63.30",
        "202009": "62.13",
        "202010": "60.02",
        "202011": "59.65",
        "202012": "64.98",
        "202101": "67.62",
        "202102": "66.75",
        "202103": "70.15",
        "202104": "74.23",
        "202105": "64.47",
        "202106": "66.35",
        "202107": "68.42",
        "202108": "66.91",
        "202109": "70.60",
        "202110": "70.30",
        "202111": "85.94",
        "202112": "94.90",
        "202201": "106.94",
        "202202": "106.21",
        "202203": "121.50",
        "202204": "127.53",
        "202205": "133.36",
        "202206": "158.29",
        "202207": "145.21",
        "202208": "156.11",
        "202209": "139.40",
        "202210": "107.96",
        "202211": "108.82",
        "202212": "115.50",
        "202301": "112.54",
        "202302": "117.14",
        "202303": "115.04",
        "202304": "114.74",
        "202305": "111.23",
        "202306": "123.68",
        "202307": "135.90",
        "202308": "127.75",
        "202309": "138.38",
        "202310": "161.95",
        "202311": "177.93",
        "202312": "179.83"
    },
    "quarters": {
        "20011": {
            "year_quarter": 20011,
            "year": 2001,
            "quarter": 1,
            "eps": null,
            "eps_growth_year": null,
            "eps_4q": null,
            "eps_4q_growth_year": null,
            "roe": null,
            "roe_4q": 0,
            "gross_profit": null,
            "gross_margin": null,
            "gross_margin_4q_avg": 0,
            "net_income": null,
            "net_income_4q": null,
            "revenue": null,
            "revenue_4q": null,
            "common_shares": null,
            "book_valuer_per_share": null,
            "book_valuer_per_share_4q_avg": 0,
            "equity": null,
            "current_ratio": null,
            "debt_ratio": null,
            "inventory_turnover_ratio": null,
            "account_receivable_turnover_ratio": null,
            "reinvestment_rate": null,
            "research_to_sale_ratio": null,
            "price_fair": 0,
            "eps_avg_yearly": 0,
            "eps_latest_yearly": 0,
            "eps_growth_yearly": 0
        },
        "20012": {
            "year_quarter": 20012,
            "year": 2001,
            "quarter": 2,
            "eps": null,
            "eps_growth_year": null,
            "eps_4q": null,
            "eps_4q_growth_year": null,
            "roe": null,
            "roe_4q": 0,
            "gross_profit": null,
            "gross_margin": null,
            "gross_margin_4q_avg": 0,
            "net_income": null,
            "net_income_4q": null,
            "revenue": null,
            "revenue_4q": null,
            "common_shares": null,
            "book_valuer_per_share": null,
            "book_valuer_per_share_4q_avg": 0,
            "equity": null,
            "current_ratio": null,
            "debt_ratio": null,
            "inventory_turnover_ratio": null,
            "account_receivable_turnover_ratio": null,
            "reinvestment_rate": null,
            "research_to_sale_ratio": null,
            "price_fair": 0,
            "eps_avg_yearly": 0,
            "eps_latest_yearly": 0,
            "eps_growth_yearly": 0
        },
        "20013": {
            "year_quarter": 20013,
            "year": 2001,
            "quarter": 3,
            "eps": null,
            "eps_growth_year": null,
            "eps_4q": null,
            "eps_4q_growth_year": null,
            "roe": null,
            "roe_4q": 0,
            "gross_profit": null,
            "gross_margin": null,
            "gross_margin_4q_avg": 0,
            "net_income": null,
            "net_income_4q": null,
            "revenue": null,
            "revenue_4q": null,
            "common_shares": null,
            "book_valuer_per_share": null,
            "book_valuer_per_share_4q_avg": 0,
            "equity": null,
            "current_ratio": null,
            "debt_ratio": null,
            "inventory_turnover_ratio": null,
            "account_receivable_turnover_ratio": null,
            "reinvestment_rate": null,
            "research_to_sale_ratio": null,
            "price_fair": 0,
            "eps_avg_yearly": 0,
            "eps_latest_yearly": 0,
            "eps_growth_yearly": 0
        },
        "20014": {
            "year_quarter": 20014,
            "year": 2001,
            "quarter": 4,
            "eps": null,
            "eps_growth_year": null,
            "eps_4q": null,
            "eps_4q_growth_year": null,
            "roe": null,
            "roe_4q": 0,
            "gross_profit": null,
            "gross_margin": null,
            "gross_margin_4q_avg": 0,
            "net_income": null,
            "net_income_4q": null,
            "revenue": null,
            "revenue_4q": null,
            "common_shares": 460000,
            "book_valuer_per_share": 22.08,
            "book_valuer_per_share_4q_avg": 5.52,
            "equity": 1015474,
            "current_ratio": 116.28,
            "debt_ratio": 60.73,
            "inventory_turnover_ratio": null,
            "account_receivable_turnover_ratio": null,
            "reinvestment_rate": null,
            "research_to_sale_ratio": null,
            "price_fair": 0,
            "eps_avg_yearly": 0,
            "eps_latest_yearly": 0,
            "eps_growth_yearly": 0
        },
        "20021": {
            "year_quarter": 20021,
            "year": 2002,
            "quarter": 1,
            "eps": null,
            "eps_growth_year": null,
            "eps_4q": null,
            "eps_4q_growth_year": null,
            "roe": null,
            "roe_4q": 0,
            "gross_profit": null,
            "gross_margin": null,
            "gross_margin_4q_avg": 0,
            "net_income": null,
            "net_income_4q": null,
            "revenue": null,
            "revenue_4q": null,
            "common_shares": null,
            "book_valuer_per_share": null,
            "book_valuer_per_share_4q_avg": 5.52,
            "equity": null,
            "current_ratio": null,
            "debt_ratio": null,
            "inventory_turnover_ratio": null,
            "account_receivable_turnover_ratio": null,
            "reinvestment_rate": null,
            "research_to_sale_ratio": null,
            "price_fair": 0,
            "eps_avg_yearly": 0,
            "eps_latest_yearly": 0,
            "eps_growth_yearly": 0
        },
        "20022": {
            "year_quarter": 20022,
            "year": 2002,
            "quarter": 2,
            "eps": null,
            "eps_growth_year": null,
            "eps_4q": null,
            "eps_4q_growth_year": null,
            "roe": null,
            "roe_4q": 0,
            "gross_profit": null,
            "gross_margin": null,
            "gross_margin_4q_avg": 0,
            "net_income": null,
            "net_income_4q": null,
            "revenue": null,
            "revenue_4q": null,
            "common_shares": null,
            "book_valuer_per_share": null,
            "book_valuer_per_share_4q_avg": 5.52,
            "equity": null,
            "current_ratio": null,
            "debt_ratio": null,
            "inventory_turnover_ratio": null,
            "account_receivable_turnover_ratio": null,
            "reinvestment_rate": null,
            "research_to_sale_ratio": null,
            "price_fair": 0,
            "eps_avg_yearly": 0,
            "eps_latest_yearly": 0,
            "eps_growth_yearly": 0
        },
        "20023": {
            "year_quarter": 20023,
            "year": 2002,
            "quarter": 3,
            "eps": null,
            "eps_growth_year": null,
            "eps_4q": null,
            "eps_4q_growth_year": null,
            "roe": null,
            "roe_4q": 0,
            "gross_profit": null,
            "gross_margin": null,
            "gross_margin_4q_avg": 0,
            "net_income": null,
            "net_income_4q": null,
            "revenue": null,
            "revenue_4q": null,
            "common_shares": null,
            "book_valuer_per_share": null,
            "book_valuer_per_share_4q_avg": 5.52,
            "equity": null,
            "current_ratio": null,
            "debt_ratio": null,
            "inventory_turnover_ratio": null,
            "account_receivable_turnover_ratio": null,
            "reinvestment_rate": null,
            "research_to_sale_ratio": null,
            "price_fair": 0,
            "eps_avg_yearly": 0,
            "eps_latest_yearly": 0,
            "eps_growth_yearly": 0
        },
        "20024": {
            "year_quarter": 20024,
            "year": 2002,
            "quarter": 4,
            "eps": null,
            "eps_growth_year": null,
            "eps_4q": null,
            "eps_4q_growth_year": null,
            "roe": null,
            "roe_4q": 0,
            "gross_profit": null,
            "gross_margin": null,
            "gross_margin_4q_avg": 0,
            "net_income": null,
            "net_income_4q": null,
            "revenue": null,
            "revenue_4q": null,
            "common_shares": 562500,
            "book_valuer_per_share": 21.26,
            "book_valuer_per_share_4q_avg": 5.32,
            "equity": 1195841,
            "current_ratio": 112.03,
            "debt_ratio": 60.27,
            "inventory_turnover_ratio": null,
            "account_receivable_turnover_ratio": null,
            "reinvestment_rate": null,
            "research_to_sale_ratio": null,
            "price_fair": 0,
            "eps_avg_yearly": 0,
            "eps_latest_yearly": 0,
            "eps_growth_yearly": 0
        },
        "20031": {
            "year_quarter": 20031,
            "year": 2003,
            "quarter": 1,
            "eps": null,
            "eps_growth_year": null,
            "eps_4q": null,
            "eps_4q_growth_year": null,
            "roe": null,
            "roe_4q": 0,
            "gross_profit": null,
            "gross_margin": null,
            "gross_margin_4q_avg": 0,
            "net_income": null,
            "net_income_4q": null,
            "revenue": null,
            "revenue_4q": null,
            "common_shares": null,
            "book_valuer_per_share": null,
            "book_valuer_per_share_4q_avg": 5.32,
            "equity": null,
            "current_ratio": null,
            "debt_ratio": null,
            "inventory_turnover_ratio": null,
            "account_receivable_turnover_ratio": null,
            "reinvestment_rate": null,
            "research_to_sale_ratio": null,
            "price_fair": 0,
            "eps_avg_yearly": 0,
            "eps_latest_yearly": 0,
            "eps_growth_yearly": 0
        },
        "20032": {
            "year_quarter": 20032,
            "year": 2003,
            "quarter": 2,
            "eps": null,
            "eps_growth_year": null,
            "eps_4q": null,
            "eps_4q_growth_year": null,
            "roe": null,
            "roe_4q": 0,
            "gross_profit": null,
            "gross_margin": null,
            "gross_margin_4q_avg": 0,
            "net_income": null,
            "net_income_4q": null,
            "revenue": null,
            "revenue_4q": null,
            "common_shares": null,
            "book_valuer_per_share": null,
            "book_valuer_per_share_4q_avg": 5.32,
            "equity": null,
            "current_ratio": null,
            "debt_ratio": null,
            "inventory_turnover_ratio": null,
            "account_receivable_turnover_ratio": null,
            "reinvestment_rate": null,
            "research_to_sale_ratio": null,
            "price_fair": 0,
            "eps_avg_yearly": 0,
            "eps_latest_yearly": 0,
            "eps_growth_yearly": 0
        },
        "20033": {
            "year_quarter": 20033,
            "year": 2003,
            "quarter": 3,
            "eps": 0.78,
            "eps_growth_year": null,
            "eps_4q": null,
            "eps_4q_growth_year": null,
            "roe": 3.57,
            "roe_4q": 3.57,
            "gross_profit": 130257,
            "gross_margin": 31.4,
            "gross_margin_4q_avg": 7.85,
            "net_income": 46504,
            "net_income_4q": null,
            "revenue": 414850,
            "revenue_4q": null,
            "common_shares": 600000,
            "book_valuer_per_share": 21.68,
            "book_valuer_per_share_4q_avg": 10.74,
            "equity": 1300985,
            "current_ratio": 91.83,
            "debt_ratio": 57.51,
            "inventory_turnover_ratio": 0.66,
            "account_receivable_turnover_ratio": null,
            "reinvestment_rate": null,
            "research_to_sale_ratio": null,
            "price_fair": 0,
            "eps_avg_yearly": 0,
            "eps_latest_yearly": 0,
            "eps_growth_yearly": 0
        },
        "20034": {
            "year_quarter": 20034,
            "year": 2003,
            "quarter": 4,
            "eps": 1.96,
            "eps_growth_year": null,
            "eps_4q": null,
            "eps_4q_growth_year": null,
            "roe": 8.67,
            "roe_4q": 12.24,
            "gross_profit": 162716,
            "gross_margin": 35.36,
            "gross_margin_4q_avg": 16.69,
            "net_income": 117856,
            "net_income_4q": null,
            "revenue": 460106,
            "revenue_4q": null,
            "common_shares": 600000,
            "book_valuer_per_share": 23.65,
            "book_valuer_per_share_4q_avg": 11.33,
            "equity": 1418841,
            "current_ratio": 100.96,
            "debt_ratio": 54.39,
            "inventory_turnover_ratio": 0.68,
            "account_receivable_turnover_ratio": null,
            "reinvestment_rate": null,
            "research_to_sale_ratio": null,
            "price_fair": 274.4,
            "eps_avg_yearly": 7.84,
            "eps_latest_yearly": 7.84,
            "eps_growth_yearly": 605.13
        },
        "20041": {
            "year_quarter": 20041,
            "year": 2004,
            "quarter": 1,
            "eps": 1.01,
            "eps_growth_year": null,
            "eps_4q": null,
            "eps_4q_growth_year": null,
            "roe": 4.71,
            "roe_4q": 16.95,
            "gross_profit": 130277,
            "gross_margin": 30.14,
            "gross_margin_4q_avg": 24.23,
            "net_income": 68481,
            "net_income_4q": null,
            "revenue": 432246,
            "revenue_4q": null,
            "common_shares": 600000,
            "book_valuer_per_share": 24.79,
            "book_valuer_per_share_4q_avg": 17.53,
            "equity": 1487322,
            "current_ratio": 103.74,
            "debt_ratio": 52.15,
            "inventory_turnover_ratio": 0.69,
            "account_receivable_turnover_ratio": null,
            "reinvestment_rate": null,
            "research_to_sale_ratio": null,
            "price_fair": 207.9,
            "eps_avg_yearly": 5.94,
            "eps_latest_yearly": 4.04,
            "eps_growth_yearly": 205.63
        },
        "20042": {
            "year_quarter": 20042,
            "year": 2004,
            "quarter": 2,
            "eps": 1.04,
            "eps_growth_year": null,
            "eps_4q": 4.93,
            "eps_4q_growth_year": null,
            "roe": 4.23,
            "roe_4q": 21.18,
            "gross_profit": 171803,
            "gross_margin": 34.13,
            "gross_margin_4q_avg": 32.76,
            "net_income": 62265,
            "net_income_4q": null,
            "revenue": 503412,
            "revenue_4q": null,
            "common_shares": 600000,
            "book_valuer_per_share": 24.27,
            "book_valuer_per_share_4q_avg": 23.6,
            "equity": 1456287,
            "current_ratio": 97.75,
            "debt_ratio": 53.88,
            "inventory_turnover_ratio": 0.76,
            "account_receivable_turnover_ratio": null,
            "reinvestment_rate": null,
            "research_to_sale_ratio": null,
            "price_fair": 187.13,
            "eps_avg_yearly": 5.35,
            "eps_latest_yearly": 4.16,
            "eps_growth_yearly": 141.04
        },
        "20043": {
            "year_quarter": 20043,
            "year": 2004,
            "quarter": 3,
            "eps": 1.4,
            "eps_growth_year": 79.49,
            "eps_4q": 5.07,
            "eps_4q_growth_year": null,
            "roe": 6.31,
            "roe_4q": 23.92,
            "gross_profit": 194967,
            "gross_margin": 36.95,
            "gross_margin_4q_avg": 34.15,
            "net_income": 94889,
            "net_income_4q": null,
            "revenue": 527618,
            "revenue_4q": null,
            "common_shares": 676000,
            "book_valuer_per_share": 22.95,
            "book_valuer_per_share_4q_avg": 23.92,
            "equity": 1551175,
            "current_ratio": 114.09,
            "debt_ratio": 51.68,
            "inventory_turnover_ratio": 0.75,
            "account_receivable_turnover_ratio": null,
            "reinvestment_rate": null,
            "research_to_sale_ratio": null,
            "price_fair": 189.35,
            "eps_avg_yearly": 5.41,
            "eps_latest_yearly": 5.6,
            "eps_growth_yearly": 140.4
        },
        "20044": {
            "year_quarter": 20044,
            "year": 2004,
            "quarter": 4,
            "eps": 2.01,
            "eps_growth_year": 2.55,
            "eps_4q": 5.35,
            "eps_4q_growth_year": null,
            "roe": 8.4,
            "roe_4q": 23.650000000000002,
            "gross_profit": 202054,
            "gross_margin": 38.93,
            "gross_margin_4q_avg": 35.04,
            "net_income": 135957,
            "net_income_4q": null,
            "revenue": 519053,
            "revenue_4q": null,
            "common_shares": 676000,
            "book_valuer_per_share": 24.96,
            "book_valuer_per_share_4q_avg": 24.24,
            "equity": 1687133,
            "current_ratio": 127.1,
            "debt_ratio": 49.69,
            "inventory_turnover_ratio": 0.68,
            "account_receivable_turnover_ratio": null,
            "reinvestment_rate": null,
            "research_to_sale_ratio": null,
            "price_fair": 207.76,
            "eps_avg_yearly": 5.94,
            "eps_latest_yearly": 8.04,
            "eps_growth_yearly": 147.18
        },
        "20051": {
            "year_quarter": 20051,
            "year": 2005,
            "quarter": 1,
            "eps": 0.84,
            "eps_growth_year": -16.83,
            "eps_4q": 5.16,
            "eps_4q_growth_year": null,
            "roe": 3.3,
            "roe_4q": 22.24,
            "gross_profit": 129730,
            "gross_margin": 32.42,
            "gross_margin_4q_avg": 35.61,
            "net_income": 57058,
            "net_income_4q": null,
            "revenue": 400158,
            "revenue_4q": null,
            "common_shares": 676000,
            "book_valuer_per_share": 26.15,
            "book_valuer_per_share_4q_avg": 24.58,
            "equity": 1767912,
            "current_ratio": 118.33,
            "debt_ratio": 49.88,
            "inventory_turnover_ratio": 0.54,
            "account_receivable_turnover_ratio": null,
            "reinvestment_rate": null,
            "research_to_sale_ratio": null,
            "price_fair": 192.73,
            "eps_avg_yearly": 5.51,
            "eps_latest_yearly": 3.36,
            "eps_growth_yearly": 83.84
        },
        "20052": {
            "year_quarter": 20052,
            "year": 2005,
            "quarter": 2,
            "eps": 0.77,
            "eps_growth_year": -25.96,
            "eps_4q": 5.04,
            "eps_4q_growth_year": 2.24,
            "roe": 2.98,
            "roe_4q": 20.99,
            "gross_profit": 139645,
            "gross_margin": 30.16,
            "gross_margin_4q_avg": 34.62,
            "net_income": 51924,
            "net_income_4q": null,
            "revenue": 463004,
            "revenue_4q": null,
            "common_shares": 676000,
            "book_valuer_per_share": 25.35,
            "book_valuer_per_share_4q_avg": 24.85,
            "equity": 1713353,
            "current_ratio": 107.05,
            "debt_ratio": 53.03,
            "inventory_turnover_ratio": 0.61,
            "account_receivable_turnover_ratio": null,
            "reinvestment_rate": null,
            "research_to_sale_ratio": null,
            "price_fair": 180.6,
            "eps_avg_yearly": 5.16,
            "eps_latest_yearly": 3.08,
            "eps_growth_yearly": 67.1
        },
        "20053": {
            "year_quarter": 20053,
            "year": 2005,
            "quarter": 3,
            "eps": 1.11,
            "eps_growth_year": -20.71,
            "eps_4q": 4.17,
            "eps_4q_growth_year": -17.81,
            "roe": 3.88,
            "roe_4q": 18.560000000000002,
            "gross_profit": 180885,
            "gross_margin": 35.78,
            "gross_margin_4q_avg": 34.32,
            "net_income": 88980,
            "net_income_4q": null,
            "revenue": 505606,
            "revenue_4q": null,
            "common_shares": 984640,
            "book_valuer_per_share": 29.16,
            "book_valuer_per_share_4q_avg": 26.41,
            "equity": 2871668,
            "current_ratio": 84.7,
            "debt_ratio": 47.57,
            "inventory_turnover_ratio": 0.58,
            "account_receivable_turnover_ratio": null,
            "reinvestment_rate": null,
            "research_to_sale_ratio": null,
            "price_fair": 177.45,
            "eps_avg_yearly": 5.07,
            "eps_latest_yearly": 4.44,
            "eps_growth_yearly": 80.79
        },
        "20054": {
            "year_quarter": 20054,
            "year": 2005,
            "quarter": 4,
            "eps": 2.46,
            "eps_growth_year": 22.39,
            "eps_4q": 4.8,
            "eps_4q_growth_year": -10.28,
            "roe": 7,
            "roe_4q": 17.16,
            "gross_profit": 313973,
            "gross_margin": 38.58,
            "gross_margin_4q_avg": 34.24,
            "net_income": 208451,
            "net_income_4q": null,
            "revenue": 813717,
            "revenue_4q": null,
            "common_shares": 984640,
            "book_valuer_per_share": 31.3,
            "book_valuer_per_share_4q_avg": 27.99,
            "equity": 3081645,
            "current_ratio": 112.82,
            "debt_ratio": 46.51,
            "inventory_turnover_ratio": 0.91,
            "account_receivable_turnover_ratio": null,
            "reinvestment_rate": null,
            "research_to_sale_ratio": null,
            "price_fair": 196,
            "eps_avg_yearly": 5.6,
            "eps_latest_yearly": 9.84,
            "eps_growth_yearly": 125.87
        },
        "20061": {
            "year_quarter": 20061,
            "year": 2006,
            "quarter": 1,
            "eps": 1.52,
            "eps_growth_year": 80.95,
            "eps_4q": 5.06,
            "eps_4q_growth_year": -1.81,
            "roe": 4.75,
            "roe_4q": 18.61,
            "gross_profit": 299819,
            "gross_margin": 37.66,
            "gross_margin_4q_avg": 35.55,
            "net_income": 149919,
            "net_income_4q": null,
            "revenue": 796200,
            "revenue_4q": null,
            "common_shares": 984640,
            "book_valuer_per_share": 32.82,
            "book_valuer_per_share_4q_avg": 29.66,
            "equity": 3231616,
            "current_ratio": 124.25,
            "debt_ratio": 43.66,
            "inventory_turnover_ratio": 0.95,
            "account_receivable_turnover_ratio": null,
            "reinvestment_rate": null,
            "research_to_sale_ratio": null,
            "price_fair": 197.68,
            "eps_avg_yearly": 5.65,
            "eps_latest_yearly": 6.08,
            "eps_growth_yearly": 98
        },
        "20062": {
            "year_quarter": 20062,
            "year": 2006,
            "quarter": 2,
            "eps": 1.95,
            "eps_growth_year": 153.25,
            "eps_4q": 6.5,
            "eps_4q_growth_year": 29,
            "roe": 5.9,
            "roe_4q": 21.529999999999998,
            "gross_profit": 345860,
            "gross_margin": 38.89,
            "gross_margin_4q_avg": 37.73,
            "net_income": 191686,
            "net_income_4q": null,
            "revenue": 889345,
            "revenue_4q": null,
            "common_shares": 984640,
            "book_valuer_per_share": 33.22,
            "book_valuer_per_share_4q_avg": 31.63,
            "equity": 3270612,
            "current_ratio": 128.86,
            "debt_ratio": 43.56,
            "inventory_turnover_ratio": 1.05,
            "account_receivable_turnover_ratio": null,
            "reinvestment_rate": null,
            "research_to_sale_ratio": null,
            "price_fair": 204.53,
            "eps_avg_yearly": 5.84,
            "eps_latest_yearly": 7.8,
            "eps_growth_yearly": 99.38
        },
        "20063": {
            "year_quarter": 20063,
            "year": 2006,
            "quarter": 3,
            "eps": 1.52,
            "eps_growth_year": 36.94,
            "eps_4q": 6.3,
            "eps_4q_growth_year": 51.17,
            "roe": 5.21,
            "roe_4q": 22.86,
            "gross_profit": 357335,
            "gross_margin": 39.96,
            "gross_margin_4q_avg": 38.77,
            "net_income": 175021,
            "net_income_4q": null,
            "revenue": 894279,
            "revenue_4q": null,
            "common_shares": 1153000,
            "book_valuer_per_share": 29.88,
            "book_valuer_per_share_4q_avg": 31.81,
            "equity": 3445667,
            "current_ratio": 143.46,
            "debt_ratio": 40.63,
            "inventory_turnover_ratio": 1.04,
            "account_receivable_turnover_ratio": null,
            "reinvestment_rate": null,
            "research_to_sale_ratio": null,
            "price_fair": 205.22,
            "eps_avg_yearly": 5.86,
            "eps_latest_yearly": 6.08,
            "eps_growth_yearly": 83.74
        },
        "20064": {
            "year_quarter": 20064,
            "year": 2006,
            "quarter": 4,
            "eps": 0.77,
            "eps_growth_year": -68.7,
            "eps_4q": 5.24,
            "eps_4q_growth_year": 9.32,
            "roe": 2.55,
            "roe_4q": 18.41,
            "gross_profit": 296799,
            "gross_margin": 34.17,
            "gross_margin_4q_avg": 37.67,
            "net_income": 88931,
            "net_income_4q": null,
            "revenue": 868504,
            "revenue_4q": null,
            "common_shares": 1153000,
            "book_valuer_per_share": 30.66,
            "book_valuer_per_share_4q_avg": 31.65,
            "equity": 3534819,
            "current_ratio": 128.27,
            "debt_ratio": 40.67,
            "inventory_turnover_ratio": 1.11,
            "account_receivable_turnover_ratio": null,
            "reinvestment_rate": null,
            "research_to_sale_ratio": null,
            "price_fair": 197.72,
            "eps_avg_yearly": 5.65,
            "eps_latest_yearly": 3.08,
            "eps_growth_yearly": 62.12
        },
        "20071": {
            "year_quarter": 20071,
            "year": 2007,
            "quarter": 1,
            "eps": 0.71,
            "eps_growth_year": -53.29,
            "eps_4q": 4.64,
            "eps_4q_growth_year": -8.27,
            "roe": 2.3,
            "roe_4q": 15.959999999999999,
            "gross_profit": 246492,
            "gross_margin": 30.99,
            "gross_margin_4q_avg": 36,
            "net_income": 82242,
            "net_income_4q": null,
            "revenue": 795272,
            "revenue_4q": null,
            "common_shares": 1153000,
            "book_valuer_per_share": 31.37,
            "book_valuer_per_share_4q_avg": 31.28,
            "equity": 3617078,
            "current_ratio": 128.88,
            "debt_ratio": 39.2,
            "inventory_turnover_ratio": 1.06,
            "account_receivable_turnover_ratio": null,
            "reinvestment_rate": null,
            "research_to_sale_ratio": null,
            "price_fair": 190.7,
            "eps_avg_yearly": 5.45,
            "eps_latest_yearly": 2.84,
            "eps_growth_yearly": 55.46
        },
        "20072": {
            "year_quarter": 20072,
            "year": 2007,
            "quarter": 2,
            "eps": 0.87,
            "eps_growth_year": -55.38,
            "eps_4q": 3.87,
            "eps_4q_growth_year": -40.45,
            "roe": 2.88,
            "roe_4q": 12.94,
            "gross_profit": 277167,
            "gross_margin": 30.27,
            "gross_margin_4q_avg": 33.85,
            "net_income": 100350,
            "net_income_4q": null,
            "revenue": 915529,
            "revenue_4q": null,
            "common_shares": 1153000,
            "book_valuer_per_share": 29.15,
            "book_valuer_per_share_4q_avg": 30.27,
            "equity": 3361485,
            "current_ratio": 103.78,
            "debt_ratio": 43.82,
            "inventory_turnover_ratio": 1.27,
            "account_receivable_turnover_ratio": null,
            "reinvestment_rate": 235.7,
            "research_to_sale_ratio": null,
            "price_fair": 186.11,
            "eps_avg_yearly": 5.32,
            "eps_latest_yearly": 3.48,
            "eps_growth_yearly": 57.77
        },
        "20073": {
            "year_quarter": 20073,
            "year": 2007,
            "quarter": 3,
            "eps": 1.2,
            "eps_growth_year": -21.05,
            "eps_4q": 3.23,
            "eps_4q_growth_year": -48.73,
            "roe": 4.67,
            "roe_4q": 12.399999999999999,
            "gross_profit": 355269,
            "gross_margin": 36.06,
            "gross_margin_4q_avg": 32.87,
            "net_income": 160645,
            "net_income_4q": null,
            "revenue": 985159,
            "revenue_4q": null,
            "common_shares": 1335000,
            "book_valuer_per_share": 26.38,
            "book_valuer_per_share_4q_avg": 29.39,
            "equity": 3522052,
            "current_ratio": 116.58,
            "debt_ratio": 41.46,
            "inventory_turnover_ratio": 1.31,
            "account_receivable_turnover_ratio": null,
            "reinvestment_rate": 127.78,
            "research_to_sale_ratio": null,
            "price_fair": 184.98,
            "eps_avg_yearly": 5.29,
            "eps_latest_yearly": 4.8,
            "eps_growth_yearly": 63.64
        },
        "20074": {
            "year_quarter": 20074,
            "year": 2007,
            "quarter": 4,
            "eps": 0.84,
            "eps_growth_year": 9.09,
            "eps_4q": 3.4,
            "eps_4q_growth_year": -35.1,
            "roe": 3.14,
            "roe_4q": 12.990000000000002,
            "gross_profit": 294155,
            "gross_margin": 29.99,
            "gross_margin_4q_avg": 31.83,
            "net_income": 112491,
            "net_income_4q": null,
            "revenue": 980685,
            "revenue_4q": null,
            "common_shares": 1335000,
            "book_valuer_per_share": 27.22,
            "book_valuer_per_share_4q_avg": 28.53,
            "equity": 3634443,
            "current_ratio": 123.88,
            "debt_ratio": 38.31,
            "inventory_turnover_ratio": 1.45,
            "account_receivable_turnover_ratio": null,
            "reinvestment_rate": 123.73,
            "research_to_sale_ratio": null,
            "price_fair": 141.74,
            "eps_avg_yearly": 5.01,
            "eps_latest_yearly": 3.36,
            "eps_growth_yearly": 18.32
        },
        "20081": {
            "year_quarter": 20081,
            "year": 2008,
            "quarter": 1,
            "eps": 0.64,
            "eps_growth_year": -9.86,
            "eps_4q": 3.44,
            "eps_4q_growth_year": -25.91,
            "roe": 2.32,
            "roe_4q": 13.009999999999998,
            "gross_profit": 219555,
            "gross_margin": 24.68,
            "gross_margin_4q_avg": 30.25,
            "net_income": 85361,
            "net_income_4q": null,
            "revenue": 889512,
            "revenue_4q": null,
            "common_shares": 1335000,
            "book_valuer_per_share": 27.86,
            "book_valuer_per_share_4q_avg": 27.65,
            "equity": 3719401,
            "current_ratio": 129.31,
            "debt_ratio": 35.97,
            "inventory_turnover_ratio": 1.45,
            "account_receivable_turnover_ratio": null,
            "reinvestment_rate": 116.46,
            "research_to_sale_ratio": null,
            "price_fair": 169.41,
            "eps_avg_yearly": 4.91,
            "eps_latest_yearly": 2.56,
            "eps_growth_yearly": 24.49
        },
        "20082": {
            "year_quarter": 20082,
            "year": 2008,
            "quarter": 2,
            "eps": 0.57,
            "eps_growth_year": -34.48,
            "eps_4q": 3.26,
            "eps_4q_growth_year": -15.86,
            "roe": 2.12,
            "roe_4q": 12.25,
            "gross_profit": 196110,
            "gross_margin": 21.46,
            "gross_margin_4q_avg": 28.05,
            "net_income": 76042,
            "net_income_4q": null,
            "revenue": 913706,
            "revenue_4q": null,
            "common_shares": 1335000,
            "book_valuer_per_share": 25.98,
            "book_valuer_per_share_4q_avg": 26.86,
            "equity": 3468526,
            "current_ratio": 104.43,
            "debt_ratio": 40.21,
            "inventory_turnover_ratio": 1.57,
            "account_receivable_turnover_ratio": null,
            "reinvestment_rate": 107.29,
            "research_to_sale_ratio": null,
            "price_fair": 148.69,
            "eps_avg_yearly": 4.8,
            "eps_latest_yearly": 2.28,
            "eps_growth_yearly": 21.01
        },
        "20083": {
            "year_quarter": 20083,
            "year": 2008,
            "quarter": 3,
            "eps": 0.53,
            "eps_growth_year": -55.83,
            "eps_4q": 2.46,
            "eps_4q_growth_year": -23.84,
            "roe": 2.15,
            "roe_4q": 9.73,
            "gross_profit": 190289,
            "gross_margin": 22.67,
            "gross_margin_4q_avg": 24.7,
            "net_income": 75263,
            "net_income_4q": null,
            "revenue": 839461,
            "revenue_4q": null,
            "common_shares": 1410000,
            "book_valuer_per_share": 25.13,
            "book_valuer_per_share_4q_avg": 26.55,
            "equity": 3543327,
            "current_ratio": 115.56,
            "debt_ratio": 36.92,
            "inventory_turnover_ratio": 1.35,
            "account_receivable_turnover_ratio": null,
            "reinvestment_rate": 102.47,
            "research_to_sale_ratio": null,
            "price_fair": 94.3,
            "eps_avg_yearly": 4.58,
            "eps_latest_yearly": 2.12,
            "eps_growth_yearly": 10.6
        },
        "20084": {
            "year_quarter": 20084,
            "year": 2008,
            "quarter": 4,
            "eps": -0.4,
            "eps_growth_year": -147.62,
            "eps_4q": 1.28,
            "eps_4q_growth_year": -62.39,
            "roe": -1.59,
            "roe_4q": 5,
            "gross_profit": 41801,
            "gross_margin": 6.68,
            "gross_margin_4q_avg": 18.87,
            "net_income": -55775,
            "net_income_4q": null,
            "revenue": 625424,
            "revenue_4q": null,
            "common_shares": 1410000,
            "book_valuer_per_share": 24.74,
            "book_valuer_per_share_4q_avg": 25.93,
            "equity": 3488299,
            "current_ratio": 111.64,
            "debt_ratio": 33.8,
            "inventory_turnover_ratio": 1.1,
            "account_receivable_turnover_ratio": 2.28,
            "reinvestment_rate": 104.8,
            "research_to_sale_ratio": null,
            "price_fair": 13.04,
            "eps_avg_yearly": 4.35,
            "eps_latest_yearly": 2.12,
            "eps_growth_yearly": -0.31
        },
        "20091": {
            "year_quarter": 20091,
            "year": 2009,
            "quarter": 1,
            "eps": -0.75,
            "eps_growth_year": -217.19,
            "eps_4q": -0.07,
            "eps_4q_growth_year": -102.08,
            "roe": -3.07,
            "roe_4q": -0.3900000000000001,
            "gross_profit": -66763,
            "gross_margin": -15.6,
            "gross_margin_4q_avg": 8.8,
            "net_income": -105622,
            "net_income_4q": null,
            "revenue": 427954,
            "revenue_4q": null,
            "common_shares": 1410000,
            "book_valuer_per_share": 23.99,
            "book_valuer_per_share_4q_avg": 24.96,
            "equity": 3382729,
            "current_ratio": 110.38,
            "debt_ratio": 33.9,
            "inventory_turnover_ratio": 0.94,
            "account_receivable_turnover_ratio": 0.86,
            "reinvestment_rate": 103.52,
            "research_to_sale_ratio": null,
            "price_fair": 116.16,
            "eps_avg_yearly": 4.42,
            "eps_latest_yearly": 2.12,
            "eps_growth_yearly": 16.3
        },
        "20092": {
            "year_quarter": 20092,
            "year": 2009,
            "quarter": 2,
            "eps": -0.37,
            "eps_growth_year": -164.91,
            "eps_4q": -0.98,
            "eps_4q_growth_year": -129.98,
            "roe": -1.58,
            "roe_4q": -4.09,
            "gross_profit": 54302,
            "gross_margin": 8.56,
            "gross_margin_4q_avg": 5.58,
            "net_income": -51575,
            "net_income_4q": null,
            "revenue": 634723,
            "revenue_4q": null,
            "common_shares": 1410000,
            "book_valuer_per_share": 22.43,
            "book_valuer_per_share_4q_avg": 24.07,
            "equity": 3162051,
            "current_ratio": 100.64,
            "debt_ratio": 36.89,
            "inventory_turnover_ratio": 1.18,
            "account_receivable_turnover_ratio": 1.33,
            "reinvestment_rate": 92.5,
            "research_to_sale_ratio": null,
            "price_fair": 136.12,
            "eps_avg_yearly": 4.52,
            "eps_latest_yearly": 2.12,
            "eps_growth_yearly": 20.11
        },
        "20093": {
            "year_quarter": 20093,
            "year": 2009,
            "quarter": 3,
            "eps": 0.19,
            "eps_growth_year": -64.15,
            "eps_4q": -1.3,
            "eps_4q_growth_year": -152.9,
            "roe": 0.85,
            "roe_4q": -5.39,
            "gross_profit": 114055,
            "gross_margin": 15.89,
            "gross_margin_4q_avg": 3.88,
            "net_income": 27145,
            "net_income_4q": null,
            "revenue": 717781,
            "revenue_4q": null,
            "common_shares": 1410000,
            "book_valuer_per_share": 22.62,
            "book_valuer_per_share_4q_avg": 23.45,
            "equity": 3189219,
            "current_ratio": 113,
            "debt_ratio": 35.32,
            "inventory_turnover_ratio": 1.34,
            "account_receivable_turnover_ratio": 1.28,
            "reinvestment_rate": -39.27,
            "research_to_sale_ratio": null,
            "price_fair": 77.28,
            "eps_avg_yearly": 4.53,
            "eps_latest_yearly": 2.12,
            "eps_growth_yearly": 7.07
        },
        "20094": {
            "year_quarter": 20094,
            "year": 2009,
            "quarter": 4,
            "eps": 0.53,
            "eps_growth_year": null,
            "eps_4q": -0.4,
            "eps_4q_growth_year": -130.94,
            "roe": 2.3,
            "roe_4q": -1.5,
            "gross_profit": 163712,
            "gross_margin": 20.99,
            "gross_margin_4q_avg": 7.46,
            "net_income": 74207,
            "net_income_4q": null,
            "revenue": 779819,
            "revenue_4q": null,
            "common_shares": 1410000,
            "book_valuer_per_share": 23.15,
            "book_valuer_per_share_4q_avg": 23.05,
            "equity": 3263557,
            "current_ratio": 138.02,
            "debt_ratio": 31.64,
            "inventory_turnover_ratio": 1.46,
            "account_receivable_turnover_ratio": 2.55,
            "reinvestment_rate": -65.05,
            "research_to_sale_ratio": null,
            "price_fair": 135.92,
            "eps_avg_yearly": 3.88,
            "eps_latest_yearly": 2.12,
            "eps_growth_yearly": 26.18
        },
        "20101": {
            "year_quarter": 20101,
            "year": 2010,
            "quarter": 1,
            "eps": 0.27,
            "eps_growth_year": null,
            "eps_4q": 0.63,
            "eps_4q_growth_year": null,
            "roe": 1.17,
            "roe_4q": 2.7399999999999993,
            "gross_profit": 144662,
            "gross_margin": 18.68,
            "gross_margin_4q_avg": 16.03,
            "net_income": 38401,
            "net_income_4q": null,
            "revenue": 774224,
            "revenue_4q": null,
            "common_shares": 1410000,
            "book_valuer_per_share": 23.42,
            "book_valuer_per_share_4q_avg": 22.91,
            "equity": 3301904,
            "current_ratio": 136.71,
            "debt_ratio": 30.03,
            "inventory_turnover_ratio": 1.63,
            "account_receivable_turnover_ratio": 1.29,
            "reinvestment_rate": -68.5,
            "research_to_sale_ratio": 4.81,
            "price_fair": 112.89,
            "eps_avg_yearly": 3.47,
            "eps_latest_yearly": 1.08,
            "eps_growth_yearly": 22.57
        },
        "20102": {
            "year_quarter": 20102,
            "year": 2010,
            "quarter": 2,
            "eps": 0.33,
            "eps_growth_year": null,
            "eps_4q": 1.32,
            "eps_4q_growth_year": null,
            "roe": 1.4,
            "roe_4q": 5.719999999999999,
            "gross_profit": 161868,
            "gross_margin": 20.43,
            "gross_margin_4q_avg": 19,
            "net_income": 46126,
            "net_income_4q": null,
            "revenue": 792274,
            "revenue_4q": null,
            "common_shares": 1410000,
            "book_valuer_per_share": 23.24,
            "book_valuer_per_share_4q_avg": 23.11,
            "equity": 3277500,
            "current_ratio": 120.3,
            "debt_ratio": 31.8,
            "inventory_turnover_ratio": 1.74,
            "account_receivable_turnover_ratio": 1.28,
            "reinvestment_rate": -65.64,
            "research_to_sale_ratio": 3.93,
            "price_fair": 89.39,
            "eps_avg_yearly": 2.93,
            "eps_latest_yearly": 1.32,
            "eps_growth_yearly": 20.54
        },
        "20103": {
            "year_quarter": 20103,
            "year": 2010,
            "quarter": 3,
            "eps": 0.58,
            "eps_growth_year": 204.52,
            "eps_4q": 1.7,
            "eps_4q_growth_year": null,
            "roe": 2.46,
            "roe_4q": 7.329999999999999,
            "gross_profit": 209699,
            "gross_margin": 24.66,
            "gross_margin_4q_avg": 21.19,
            "net_income": 81580,
            "net_income_4q": null,
            "revenue": 850316,
            "revenue_4q": null,
            "common_shares": 1410000,
            "book_valuer_per_share": 23.83,
            "book_valuer_per_share_4q_avg": 23.41,
            "equity": 3359485,
            "current_ratio": 134.46,
            "debt_ratio": 31.65,
            "inventory_turnover_ratio": 1.61,
            "account_receivable_turnover_ratio": 1.24,
            "reinvestment_rate": -86.58,
            "research_to_sale_ratio": 3.85,
            "price_fair": 91.47,
            "eps_avg_yearly": 2.61,
            "eps_latest_yearly": 2.32,
            "eps_growth_yearly": 53.15
        },
        "20104": {
            "year_quarter": 20104,
            "year": 2010,
            "quarter": 4,
            "eps": 0.57,
            "eps_growth_year": 7.93,
            "eps_4q": 1.75,
            "eps_4q_growth_year": null,
            "roe": 2.39,
            "roe_4q": 7.42,
            "gross_profit": 185517,
            "gross_margin": 21.08,
            "gross_margin_4q_avg": 21.21,
            "net_income": 80658,
            "net_income_4q": null,
            "revenue": 880006,
            "revenue_4q": null,
            "common_shares": 1410000,
            "book_valuer_per_share": 24.14,
            "book_valuer_per_share_4q_avg": 23.66,
            "equity": 3404040,
            "current_ratio": 152.77,
            "debt_ratio": 30.62,
            "inventory_turnover_ratio": 1.56,
            "account_receivable_turnover_ratio": 1.26,
            "reinvestment_rate": -107.25,
            "research_to_sale_ratio": 3.41,
            "price_fair": 89.13,
            "eps_avg_yearly": 2.55,
            "eps_latest_yearly": 2.28,
            "eps_growth_yearly": 69.02
        },
        "20111": {
            "year_quarter": 20111,
            "year": 2011,
            "quarter": 1,
            "eps": 0.8,
            "eps_growth_year": 196.3,
            "eps_4q": 2.27,
            "eps_4q_growth_year": 263.67,
            "roe": 3.25,
            "roe_4q": 9.500000000000002,
            "gross_profit": 238534,
            "gross_margin": 25.32,
            "gross_margin_4q_avg": 22.87,
            "net_income": 112312,
            "net_income_4q": null,
            "revenue": 942044,
            "revenue_4q": null,
            "common_shares": 1410000,
            "book_valuer_per_share": 24.94,
            "book_valuer_per_share_4q_avg": 24.04,
            "equity": 3516308,
            "current_ratio": 164.93,
            "debt_ratio": 28.6,
            "inventory_turnover_ratio": 1.33,
            "account_receivable_turnover_ratio": 1.35,
            "reinvestment_rate": -112.49,
            "research_to_sale_ratio": 3.05,
            "price_fair": 90.18,
            "eps_avg_yearly": 2.58,
            "eps_latest_yearly": 3.2,
            "eps_growth_yearly": 85.07
        },
        "20112": {
            "year_quarter": 20112,
            "year": 2011,
            "quarter": 2,
            "eps": 0.91,
            "eps_growth_year": 177.4,
            "eps_4q": 2.85,
            "eps_4q_growth_year": 116.54,
            "roe": 3.68,
            "roe_4q": 11.780000000000001,
            "gross_profit": 275784,
            "gross_margin": 27.04,
            "gross_margin_4q_avg": 24.53,
            "net_income": 127952,
            "net_income_4q": null,
            "revenue": 1019846,
            "revenue_4q": null,
            "common_shares": 1410000,
            "book_valuer_per_share": 24.35,
            "book_valuer_per_share_4q_avg": 24.32,
            "equity": 3432876,
            "current_ratio": 142.48,
            "debt_ratio": 31.99,
            "inventory_turnover_ratio": 1.22,
            "account_receivable_turnover_ratio": 1.37,
            "reinvestment_rate": -105.7,
            "research_to_sale_ratio": 2.58,
            "price_fair": 90.65,
            "eps_avg_yearly": 2.59,
            "eps_latest_yearly": 3.64,
            "eps_growth_yearly": 82.14
        },
        "20113": {
            "year_quarter": 20113,
            "year": 2011,
            "quarter": 3,
            "eps": 0.76,
            "eps_growth_year": 31.35,
            "eps_4q": 3.04,
            "eps_4q_growth_year": 78.13,
            "roe": 3.07,
            "roe_4q": 12.39,
            "gross_profit": 251697,
            "gross_margin": 26.28,
            "gross_margin_4q_avg": 24.93,
            "net_income": 107153,
            "net_income_4q": null,
            "revenue": 957886,
            "revenue_4q": null,
            "common_shares": 1410000,
            "book_valuer_per_share": 25.1,
            "book_valuer_per_share_4q_avg": 24.63,
            "equity": 3539732,
            "current_ratio": 160.36,
            "debt_ratio": 28.79,
            "inventory_turnover_ratio": 1.09,
            "account_receivable_turnover_ratio": 1.26,
            "reinvestment_rate": -117.3,
            "research_to_sale_ratio": 2.28,
            "price_fair": 85.52,
            "eps_avg_yearly": 2.44,
            "eps_latest_yearly": 3.04,
            "eps_growth_yearly": 64
        },
        "20114": {
            "year_quarter": 20114,
            "year": 2011,
            "quarter": 4,
            "eps": 0.64,
            "eps_growth_year": 12.61,
            "eps_4q": 3.11,
            "eps_4q_growth_year": 77.6,
            "roe": 2.53,
            "roe_4q": 12.53,
            "gross_profit": 232648,
            "gross_margin": 25.27,
            "gross_margin_4q_avg": 25.98,
            "net_income": 90827,
            "net_income_4q": null,
            "revenue": 920785,
            "revenue_4q": null,
            "common_shares": 1410000,
            "book_valuer_per_share": 25.73,
            "book_valuer_per_share_4q_avg": 25.03,
            "equity": 3627435,
            "current_ratio": 212.95,
            "debt_ratio": 23.47,
            "inventory_turnover_ratio": 1.02,
            "account_receivable_turnover_ratio": 1.25,
            "reinvestment_rate": -127.7,
            "research_to_sale_ratio": 2.66,
            "price_fair": 83.18,
            "eps_avg_yearly": 2.38,
            "eps_latest_yearly": 2.56,
            "eps_growth_yearly": 68.74
        },
        "20121": {
            "year_quarter": 20121,
            "year": 2012,
            "quarter": 1,
            "eps": 0.67,
            "eps_growth_year": -16.25,
            "eps_4q": 2.98,
            "eps_4q_growth_year": 30.92,
            "roe": 2.56,
            "roe_4q": 11.84,
            "gross_profit": 233926,
            "gross_margin": 25.36,
            "gross_margin_4q_avg": 25.99,
            "net_income": 93912,
            "net_income_4q": null,
            "revenue": 922348,
            "revenue_4q": null,
            "common_shares": 1410000,
            "book_valuer_per_share": 26.4,
            "book_valuer_per_share_4q_avg": 25.4,
            "equity": 3721808,
            "current_ratio": 251.46,
            "debt_ratio": 21.78,
            "inventory_turnover_ratio": 1.02,
            "account_receivable_turnover_ratio": 1.26,
            "reinvestment_rate": -124.38,
            "research_to_sale_ratio": 2.53,
            "price_fair": 83.53,
            "eps_avg_yearly": 2.39,
            "eps_latest_yearly": 2.68,
            "eps_growth_yearly": 78.24
        },
        "20122": {
            "year_quarter": 20122,
            "year": 2012,
            "quarter": 2,
            "eps": 0.74,
            "eps_growth_year": -18.48,
            "eps_4q": 2.81,
            "eps_4q_growth_year": -1.57,
            "roe": 2.91,
            "roe_4q": 11.07,
            "gross_profit": 282430,
            "gross_margin": 28.99,
            "gross_margin_4q_avg": 26.48,
            "net_income": 104302,
            "net_income_4q": null,
            "revenue": 974077,
            "revenue_4q": null,
            "common_shares": 1410000,
            "book_valuer_per_share": 24.43,
            "book_valuer_per_share_4q_avg": 25.42,
            "equity": 3445164,
            "current_ratio": 189.43,
            "debt_ratio": 27.73,
            "inventory_turnover_ratio": 1.02,
            "account_receivable_turnover_ratio": 1.32,
            "reinvestment_rate": -118.32,
            "research_to_sale_ratio": 2.48,
            "price_fair": 85.52,
            "eps_avg_yearly": 2.44,
            "eps_latest_yearly": 2.96,
            "eps_growth_yearly": 85.36
        },
        "20123": {
            "year_quarter": 20123,
            "year": 2012,
            "quarter": 3,
            "eps": 0.82,
            "eps_growth_year": 8.31,
            "eps_4q": 2.87,
            "eps_4q_growth_year": -5.37,
            "roe": 3.31,
            "roe_4q": 11.31,
            "gross_profit": 287186,
            "gross_margin": 29.13,
            "gross_margin_4q_avg": 27.19,
            "net_income": 116061,
            "net_income_4q": null,
            "revenue": 985985,
            "revenue_4q": null,
            "common_shares": 1410000,
            "book_valuer_per_share": 25.26,
            "book_valuer_per_share_4q_avg": 25.46,
            "equity": 3561092,
            "current_ratio": 260.29,
            "debt_ratio": 22.14,
            "inventory_turnover_ratio": 1.04,
            "account_receivable_turnover_ratio": 1.34,
            "reinvestment_rate": -112.35,
            "research_to_sale_ratio": 2.32,
            "price_fair": 88.9,
            "eps_avg_yearly": 2.54,
            "eps_latest_yearly": 3.28,
            "eps_growth_yearly": 91.31
        },
        "20124": {
            "year_quarter": 20124,
            "year": 2012,
            "quarter": 4,
            "eps": 0.92,
            "eps_growth_year": 43.03,
            "eps_4q": 3.15,
            "eps_4q_growth_year": 1.36,
            "roe": 3.6,
            "roe_4q": 12.38,
            "gross_profit": 281532,
            "gross_margin": 28.85,
            "gross_margin_4q_avg": 28.08,
            "net_income": 129913,
            "net_income_4q": null,
            "revenue": 975795,
            "revenue_4q": null,
            "common_shares": 1410000,
            "book_valuer_per_share": 25.9,
            "book_valuer_per_share_4q_avg": 25.5,
            "equity": 3651203,
            "current_ratio": 312.29,
            "debt_ratio": 20.94,
            "inventory_turnover_ratio": 1.05,
            "account_receivable_turnover_ratio": 1.31,
            "reinvestment_rate": -90.73,
            "research_to_sale_ratio": 2.21,
            "price_fair": 91.97,
            "eps_avg_yearly": 2.63,
            "eps_latest_yearly": 3.68,
            "eps_growth_yearly": 88.04
        },
        "20131": {
            "year_quarter": 20131,
            "year": 2013,
            "quarter": 1,
            "eps": 0.83,
            "eps_growth_year": 23.88,
            "eps_4q": 3.32,
            "eps_4q_growth_year": 11.43,
            "roe": 3.22,
            "roe_4q": 13.040000000000001,
            "gross_profit": 255853,
            "gross_margin": 26.06,
            "gross_margin_4q_avg": 28.26,
            "net_income": 117546,
            "net_income_4q": null,
            "revenue": 981917,
            "revenue_4q": null,
            "common_shares": 1410000,
            "book_valuer_per_share": 25.86,
            "book_valuer_per_share_4q_avg": 25.36,
            "equity": 3646941,
            "current_ratio": 320.18,
            "debt_ratio": 23.09,
            "inventory_turnover_ratio": 1.12,
            "account_receivable_turnover_ratio": 1.32,
            "reinvestment_rate": -74.13,
            "research_to_sale_ratio": 2.21,
            "price_fair": 93.7,
            "eps_avg_yearly": 2.68,
            "eps_latest_yearly": 3.32,
            "eps_growth_yearly": 78.95
        },
        "20132": {
            "year_quarter": 20132,
            "year": 2013,
            "quarter": 2,
            "eps": 0.93,
            "eps_growth_year": 25.72,
            "eps_4q": 3.5,
            "eps_4q_growth_year": 24.7,
            "roe": 3.71,
            "roe_4q": 13.84,
            "gross_profit": 302313,
            "gross_margin": 29.85,
            "gross_margin_4q_avg": 28.47,
            "net_income": 130550,
            "net_income_4q": null,
            "revenue": 1012790,
            "revenue_4q": null,
            "common_shares": 1410000,
            "book_valuer_per_share": 24.09,
            "book_valuer_per_share_4q_avg": 25.28,
            "equity": 3396808,
            "current_ratio": 208.37,
            "debt_ratio": 31.33,
            "inventory_turnover_ratio": 1.06,
            "account_receivable_turnover_ratio": 1.34,
            "reinvestment_rate": -63.83,
            "research_to_sale_ratio": 2.62,
            "price_fair": 96.13,
            "eps_avg_yearly": 2.75,
            "eps_latest_yearly": 3.72,
            "eps_growth_yearly": 76.9
        },
        "20133": {
            "year_quarter": 20133,
            "year": 2013,
            "quarter": 3,
            "eps": 0.98,
            "eps_growth_year": 19.06,
            "eps_4q": 3.66,
            "eps_4q_growth_year": 27.45,
            "roe": 3.99,
            "roe_4q": 14.52,
            "gross_profit": 330602,
            "gross_margin": 31.15,
            "gross_margin_4q_avg": 28.98,
            "net_income": 138289,
            "net_income_4q": null,
            "revenue": 1061272,
            "revenue_4q": null,
            "common_shares": 1410000,
            "book_valuer_per_share": 25.07,
            "book_valuer_per_share_4q_avg": 25.23,
            "equity": 3534294,
            "current_ratio": 297.87,
            "debt_ratio": 23.73,
            "inventory_turnover_ratio": 1,
            "account_receivable_turnover_ratio": 1.34,
            "reinvestment_rate": -59.63,
            "research_to_sale_ratio": 1.71,
            "price_fair": 98.7,
            "eps_avg_yearly": 2.82,
            "eps_latest_yearly": 3.92,
            "eps_growth_yearly": 73.44
        },
        "20134": {
            "year_quarter": 20134,
            "year": 2013,
            "quarter": 4,
            "eps": 0.99,
            "eps_growth_year": 7.51,
            "eps_4q": 3.73,
            "eps_4q_growth_year": 18.43,
            "roe": 3.88,
            "roe_4q": 14.8,
            "gross_profit": 303166,
            "gross_margin": 30.12,
            "gross_margin_4q_avg": 29.3,
            "net_income": 139670,
            "net_income_4q": null,
            "revenue": 1006418,
            "revenue_4q": null,
            "common_shares": 1410000,
            "book_valuer_per_share": 25.94,
            "book_valuer_per_share_4q_avg": 25.24,
            "equity": 3657847,
            "current_ratio": 170.44,
            "debt_ratio": 31.01,
            "inventory_turnover_ratio": 0.87,
            "account_receivable_turnover_ratio": 1.27,
            "reinvestment_rate": -51.46,
            "research_to_sale_ratio": 2.44,
            "price_fair": 102.73,
            "eps_avg_yearly": 2.94,
            "eps_latest_yearly": 3.96,
            "eps_growth_yearly": 28.96
        },
        "20141": {
            "year_quarter": 20141,
            "year": 2014,
            "quarter": 1,
            "eps": 1.08,
            "eps_growth_year": 30.12,
            "eps_4q": 3.98,
            "eps_4q_growth_year": 19.97,
            "roe": 4.09,
            "roe_4q": 15.670000000000002,
            "gross_profit": 312219,
            "gross_margin": 30.38,
            "gross_margin_4q_avg": 30.38,
            "net_income": 152725,
            "net_income_4q": null,
            "revenue": 1027705,
            "revenue_4q": null,
            "common_shares": 1410000,
            "book_valuer_per_share": 27.03,
            "book_valuer_per_share_4q_avg": 25.53,
            "equity": 3810621,
            "current_ratio": 183.26,
            "debt_ratio": 29.41,
            "inventory_turnover_ratio": 0.85,
            "account_receivable_turnover_ratio": 1.24,
            "reinvestment_rate": -45.71,
            "research_to_sale_ratio": 2,
            "price_fair": 109.81,
            "eps_avg_yearly": 3.14,
            "eps_latest_yearly": 4.32,
            "eps_growth_yearly": 43.49
        },
        "20142": {
            "year_quarter": 20142,
            "year": 2014,
            "quarter": 2,
            "eps": 1.37,
            "eps_growth_year": 47.31,
            "eps_4q": 4.42,
            "eps_4q_growth_year": 26.15,
            "roe": 5.24,
            "roe_4q": 17.200000000000003,
            "gross_profit": 394835,
            "gross_margin": 33.92,
            "gross_margin_4q_avg": 31.39,
            "net_income": 192595,
            "net_income_4q": null,
            "revenue": 1163961,
            "revenue_4q": null,
            "common_shares": 1410000,
            "book_valuer_per_share": 25.09,
            "book_valuer_per_share_4q_avg": 25.78,
            "equity": 3537839,
            "current_ratio": 146.07,
            "debt_ratio": 36.74,
            "inventory_turnover_ratio": 0.88,
            "account_receivable_turnover_ratio": 1.28,
            "reinvestment_rate": -28.46,
            "research_to_sale_ratio": 1.92,
            "price_fair": 118.91,
            "eps_avg_yearly": 3.4,
            "eps_latest_yearly": 5.48,
            "eps_growth_yearly": 44.65
        },
        "20143": {
            "year_quarter": 20143,
            "year": 2014,
            "quarter": 3,
            "eps": 1.06,
            "eps_growth_year": 8.16,
            "eps_4q": 4.5,
            "eps_4q_growth_year": 22.88,
            "roe": 4.14,
            "roe_4q": 17.349999999999998,
            "gross_profit": 388667,
            "gross_margin": 34.79,
            "gross_margin_4q_avg": 32.3,
            "net_income": 149438,
            "net_income_4q": null,
            "revenue": 1117173,
            "revenue_4q": null,
            "common_shares": 1410000,
            "book_valuer_per_share": 26.15,
            "book_valuer_per_share_4q_avg": 26.05,
            "equity": 3687224,
            "current_ratio": 175.24,
            "debt_ratio": 30.6,
            "inventory_turnover_ratio": 0.78,
            "account_receivable_turnover_ratio": 1.25,
            "reinvestment_rate": -21.8,
            "research_to_sale_ratio": 1.4,
            "price_fair": 105.72,
            "eps_avg_yearly": 3.52,
            "eps_latest_yearly": 4.24,
            "eps_growth_yearly": 20.06
        },
        "20144": {
            "year_quarter": 20144,
            "year": 2014,
            "quarter": 4,
            "eps": 1.13,
            "eps_growth_year": 13.61,
            "eps_4q": 4.63,
            "eps_4q_growth_year": 24.21,
            "roe": 4.22,
            "roe_4q": 17.689999999999998,
            "gross_profit": 340680,
            "gross_margin": 32.57,
            "gross_margin_4q_avg": 32.92,
            "net_income": 158679,
            "net_income_4q": null,
            "revenue": 1045985,
            "revenue_4q": null,
            "common_shares": 1410000,
            "book_valuer_per_share": 27.18,
            "book_valuer_per_share_4q_avg": 26.36,
            "equity": 3832954,
            "current_ratio": 200.76,
            "debt_ratio": 27.43,
            "inventory_turnover_ratio": 0.75,
            "account_receivable_turnover_ratio": 1.3,
            "reinvestment_rate": -16.64,
            "research_to_sale_ratio": 1.78,
            "price_fair": 117.54,
            "eps_avg_yearly": 3.66,
            "eps_latest_yearly": 4.52,
            "eps_growth_yearly": 22.14
        },
        "20151": {
            "year_quarter": 20151,
            "year": 2015,
            "quarter": 1,
            "eps": 1.07,
            "eps_growth_year": -0.93,
            "eps_4q": 4.62,
            "eps_4q_growth_year": 16.15,
            "roe": 3.87,
            "roe_4q": 17.47,
            "gross_profit": 318209,
            "gross_margin": 31.28,
            "gross_margin_4q_avg": 33.14,
            "net_income": 151139,
            "net_income_4q": null,
            "revenue": 1017144,
            "revenue_4q": null,
            "common_shares": 1410000,
            "book_valuer_per_share": 28.25,
            "book_valuer_per_share_4q_avg": 26.67,
            "equity": 3983900,
            "current_ratio": 247.93,
            "debt_ratio": 23.47,
            "inventory_turnover_ratio": 0.79,
            "account_receivable_turnover_ratio": 1.34,
            "reinvestment_rate": -16.94,
            "research_to_sale_ratio": 2.08,
            "price_fair": 77.19,
            "eps_avg_yearly": 3.73,
            "eps_latest_yearly": 4.28,
            "eps_growth_yearly": 10.72
        },
        "20152": {
            "year_quarter": 20152,
            "year": 2015,
            "quarter": 2,
            "eps": 1.13,
            "eps_growth_year": -17.52,
            "eps_4q": 4.39,
            "eps_4q_growth_year": -0.65,
            "roe": 4.24,
            "roe_4q": 16.47,
            "gross_profit": 339795,
            "gross_margin": 32.27,
            "gross_margin_4q_avg": 32.73,
            "net_income": 159985,
            "net_income_4q": null,
            "revenue": 1053098,
            "revenue_4q": null,
            "common_shares": 1410000,
            "book_valuer_per_share": 25.29,
            "book_valuer_per_share_4q_avg": 26.72,
            "equity": 3565376,
            "current_ratio": 148.11,
            "debt_ratio": 33.68,
            "inventory_turnover_ratio": 0.87,
            "account_receivable_turnover_ratio": 1.37,
            "reinvestment_rate": -20.46,
            "research_to_sale_ratio": 1.92,
            "price_fair": 70.64,
            "eps_avg_yearly": 3.78,
            "eps_latest_yearly": 4.52,
            "eps_growth_yearly": 8.69
        },
        "20153": {
            "year_quarter": 20153,
            "year": 2015,
            "quarter": 3,
            "eps": 1.1,
            "eps_growth_year": 3.77,
            "eps_4q": 4.44,
            "eps_4q_growth_year": -1.42,
            "roe": 4.27,
            "roe_4q": 16.599999999999998,
            "gross_profit": 302752,
            "gross_margin": 29.41,
            "gross_margin_4q_avg": 31.38,
            "net_income": 155595,
            "net_income_4q": null,
            "revenue": 1029552,
            "revenue_4q": null,
            "common_shares": 1410000,
            "book_valuer_per_share": 26.39,
            "book_valuer_per_share_4q_avg": 26.78,
            "equity": 3721020,
            "current_ratio": 196.46,
            "debt_ratio": 27.46,
            "inventory_turnover_ratio": 0.92,
            "account_receivable_turnover_ratio": 1.3,
            "reinvestment_rate": -13.21,
            "research_to_sale_ratio": 2.18,
            "price_fair": 85.59,
            "eps_avg_yearly": 3.87,
            "eps_latest_yearly": 4.4,
            "eps_growth_yearly": 12.14
        },
        "20154": {
            "year_quarter": 20154,
            "year": 2015,
            "quarter": 4,
            "eps": 0.83,
            "eps_growth_year": -26.52,
            "eps_4q": 4.14,
            "eps_4q_growth_year": -10.73,
            "roe": 3.1,
            "roe_4q": 15.48,
            "gross_profit": 288674,
            "gross_margin": 30.5,
            "gross_margin_4q_avg": 30.87,
            "net_income": 116605,
            "net_income_4q": null,
            "revenue": 946466,
            "revenue_4q": null,
            "common_shares": 1410000,
            "book_valuer_per_share": 26.95,
            "book_valuer_per_share_4q_avg": 26.72,
            "equity": 3800299,
            "current_ratio": 207.93,
            "debt_ratio": 25.9,
            "inventory_turnover_ratio": 0.86,
            "account_receivable_turnover_ratio": 1.28,
            "reinvestment_rate": -4.96,
            "research_to_sale_ratio": 2.12,
            "price_fair": 78.07,
            "eps_avg_yearly": 3.91,
            "eps_latest_yearly": 3.32,
            "eps_growth_yearly": 9.95
        },
        "20161": {
            "year_quarter": 20161,
            "year": 2016,
            "quarter": 1,
            "eps": 0.69,
            "eps_growth_year": -35.51,
            "eps_4q": 3.75,
            "eps_4q_growth_year": -18.81,
            "roe": 2.52,
            "roe_4q": 14.13,
            "gross_profit": 254272,
            "gross_margin": 27.21,
            "gross_margin_4q_avg": 29.85,
            "net_income": 97032,
            "net_income_4q": null,
            "revenue": 934505,
            "revenue_4q": null,
            "common_shares": 1410000,
            "book_valuer_per_share": 27.64,
            "book_valuer_per_share_4q_avg": 26.57,
            "equity": 3897430,
            "current_ratio": 184.03,
            "debt_ratio": 23.26,
            "inventory_turnover_ratio": 0.92,
            "account_receivable_turnover_ratio": 1.39,
            "reinvestment_rate": -1.65,
            "research_to_sale_ratio": 1.63,
            "price_fair": 57.06,
            "eps_avg_yearly": 3.92,
            "eps_latest_yearly": 2.76,
            "eps_growth_yearly": 4.57
        },
        "20162": {
            "year_quarter": 20162,
            "year": 2016,
            "quarter": 2,
            "eps": 0.91,
            "eps_growth_year": -19.47,
            "eps_4q": 3.53,
            "eps_4q_growth_year": -19.67,
            "roe": 3.46,
            "roe_4q": 13.35,
            "gross_profit": 285338,
            "gross_margin": 28.41,
            "gross_margin_4q_avg": 28.88,
            "net_income": 128209,
            "net_income_4q": null,
            "revenue": 1004217,
            "revenue_4q": null,
            "common_shares": 1410000,
            "book_valuer_per_share": 24.85,
            "book_valuer_per_share_4q_avg": 26.46,
            "equity": 3503769,
            "current_ratio": 133.3,
            "debt_ratio": 31.53,
            "inventory_turnover_ratio": 1,
            "account_receivable_turnover_ratio": 1.43,
            "reinvestment_rate": -0.26,
            "research_to_sale_ratio": 1.65,
            "price_fair": 78.9,
            "eps_avg_yearly": 3.96,
            "eps_latest_yearly": 3.64,
            "eps_growth_yearly": 9.93
        },
        "20163": {
            "year_quarter": 20163,
            "year": 2016,
            "quarter": 3,
            "eps": 0.92,
            "eps_growth_year": -16.36,
            "eps_4q": 3.34,
            "eps_4q_growth_year": -24.71,
            "roe": 3.62,
            "roe_4q": 12.7,
            "gross_profit": 301800,
            "gross_margin": 28.85,
            "gross_margin_4q_avg": 28.74,
            "net_income": 129038,
            "net_income_4q": null,
            "revenue": 1045950,
            "revenue_4q": null,
            "common_shares": 1410000,
            "book_valuer_per_share": 25.77,
            "book_valuer_per_share_4q_avg": 26.3,
            "equity": 3633629,
            "current_ratio": 145.96,
            "debt_ratio": 29.68,
            "inventory_turnover_ratio": 1.06,
            "account_receivable_turnover_ratio": 1.4,
            "reinvestment_rate": 10.07,
            "research_to_sale_ratio": 1.27,
            "price_fair": 69.73,
            "eps_avg_yearly": 3.99,
            "eps_latest_yearly": 3.68,
            "eps_growth_yearly": 7.5
        },
        "20164": {
            "year_quarter": 20164,
            "year": 2016,
            "quarter": 4,
            "eps": 1.28,
            "eps_growth_year": 54.71,
            "eps_4q": 3.79,
            "eps_4q_growth_year": -8.34,
            "roe": 4.87,
            "roe_4q": 14.469999999999999,
            "gross_profit": 360929,
            "gross_margin": 31.55,
            "gross_margin_4q_avg": 29.01,
            "net_income": 180400,
            "net_income_4q": null,
            "revenue": 1143986,
            "revenue_4q": null,
            "common_shares": 1410000,
            "book_valuer_per_share": 26.82,
            "book_valuer_per_share_4q_avg": 26.27,
            "equity": 3781137,
            "current_ratio": 184.54,
            "debt_ratio": 24.34,
            "inventory_turnover_ratio": 1.18,
            "account_receivable_turnover_ratio": 1.48,
            "reinvestment_rate": 11.33,
            "research_to_sale_ratio": 1.46,
            "price_fair": 98.74,
            "eps_avg_yearly": 4.08,
            "eps_latest_yearly": 5.12,
            "eps_growth_yearly": 14.23
        },
        "20171": {
            "year_quarter": 20171,
            "year": 2017,
            "quarter": 1,
            "eps": 1.07,
            "eps_growth_year": 55.07,
            "eps_4q": 4.18,
            "eps_4q_growth_year": 11.31,
            "roe": 3.93,
            "roe_4q": 15.880000000000003,
            "gross_profit": 370582,
            "gross_margin": 33.67,
            "gross_margin_4q_avg": 30.62,
            "net_income": 151415,
            "net_income_4q": null,
            "revenue": 1100771,
            "revenue_4q": null,
            "common_shares": 1410000,
            "book_valuer_per_share": 27.89,
            "book_valuer_per_share_4q_avg": 26.33,
            "equity": 3932735,
            "current_ratio": 211.1,
            "debt_ratio": 22.37,
            "inventory_turnover_ratio": 1.14,
            "account_receivable_turnover_ratio": 1.45,
            "reinvestment_rate": 15.24,
            "research_to_sale_ratio": 1.92,
            "price_fair": 93.35,
            "eps_avg_yearly": 4.14,
            "eps_latest_yearly": 4.28,
            "eps_growth_yearly": 12.58
        },
        "20172": {
            "year_quarter": 20172,
            "year": 2017,
            "quarter": 2,
            "eps": 1.38,
            "eps_growth_year": 51.65,
            "eps_4q": 4.65,
            "eps_4q_growth_year": 31.7,
            "roe": 5.09,
            "roe_4q": 17.51,
            "gross_profit": 386251,
            "gross_margin": 34.89,
            "gross_margin_4q_avg": 32.24,
            "net_income": 194280,
            "net_income_4q": null,
            "revenue": 1106962,
            "revenue_4q": null,
            "common_shares": 1410000,
            "book_valuer_per_share": 26.27,
            "book_valuer_per_share_4q_avg": 26.69,
            "equity": 3704160,
            "current_ratio": 155.55,
            "debt_ratio": 29.35,
            "inventory_turnover_ratio": 1.06,
            "account_receivable_turnover_ratio": 1.5,
            "reinvestment_rate": 18.21,
            "research_to_sale_ratio": 2.12,
            "price_fair": 113.86,
            "eps_avg_yearly": 4.25,
            "eps_latest_yearly": 5.52,
            "eps_growth_yearly": 16.81
        },
        "20173": {
            "year_quarter": 20173,
            "year": 2017,
            "quarter": 3,
            "eps": 1.52,
            "eps_growth_year": 65.22,
            "eps_4q": 5.25,
            "eps_4q_growth_year": 57.13,
            "roe": 5.61,
            "roe_4q": 19.5,
            "gross_profit": 390635,
            "gross_margin": 33.95,
            "gross_margin_4q_avg": 33.52,
            "net_income": 213828,
            "net_income_4q": null,
            "revenue": 1150608,
            "revenue_4q": null,
            "common_shares": 1410000,
            "book_valuer_per_share": 27.79,
            "book_valuer_per_share_4q_avg": 27.19,
            "equity": 3917781,
            "current_ratio": 189.36,
            "debt_ratio": 24.33,
            "inventory_turnover_ratio": 1.03,
            "account_receivable_turnover_ratio": 1.47,
            "reinvestment_rate": 21.33,
            "research_to_sale_ratio": 2.04,
            "price_fair": 122.7,
            "eps_avg_yearly": 4.38,
            "eps_latest_yearly": 6.08,
            "eps_growth_yearly": 18
        },
        "20174": {
            "year_quarter": 20174,
            "year": 2017,
            "quarter": 4,
            "eps": 1.23,
            "eps_growth_year": -4.02,
            "eps_4q": 5.2,
            "eps_4q_growth_year": 37.03,
            "roe": 4.34,
            "roe_4q": 18.97,
            "gross_profit": 380839,
            "gross_margin": 32.64,
            "gross_margin_4q_avg": 33.79,
            "net_income": 173151,
            "net_income_4q": null,
            "revenue": 1166710,
            "revenue_4q": null,
            "common_shares": 1410000,
            "book_valuer_per_share": 28.75,
            "book_valuer_per_share_4q_avg": 27.68,
            "equity": 4054209,
            "current_ratio": 209.43,
            "debt_ratio": 23.63,
            "inventory_turnover_ratio": 0.96,
            "account_receivable_turnover_ratio": 1.42,
            "reinvestment_rate": 18.7,
            "research_to_sale_ratio": 2.36,
            "price_fair": 102.06,
            "eps_avg_yearly": 4.44,
            "eps_latest_yearly": 4.92,
            "eps_growth_yearly": 12.97
        },
        "20181": {
            "year_quarter": 20181,
            "year": 2018,
            "quarter": 1,
            "eps": 1.15,
            "eps_growth_year": 7.48,
            "eps_4q": 5.28,
            "eps_4q_growth_year": 26.31,
            "roe": 3.93,
            "roe_4q": 18.97,
            "gross_profit": 383455,
            "gross_margin": 31.21,
            "gross_margin_4q_avg": 33.17,
            "net_income": 162784,
            "net_income_4q": null,
            "revenue": 1228617,
            "revenue_4q": null,
            "common_shares": 1410000,
            "book_valuer_per_share": 29.94,
            "book_valuer_per_share_4q_avg": 28.19,
            "equity": 4221926,
            "current_ratio": 211.88,
            "debt_ratio": 24.41,
            "inventory_turnover_ratio": 0.92,
            "account_receivable_turnover_ratio": 1.47,
            "reinvestment_rate": 15.22,
            "research_to_sale_ratio": 2.45,
            "price_fair": 85.07,
            "eps_avg_yearly": 4.46,
            "eps_latest_yearly": 4.6,
            "eps_growth_yearly": 9.07
        },
        "20182": {
            "year_quarter": 20182,
            "year": 2018,
            "quarter": 2,
            "eps": 1.11,
            "eps_growth_year": -19.57,
            "eps_4q": 5.01,
            "eps_4q_growth_year": 7.9,
            "roe": 3.9,
            "roe_4q": 17.78,
            "gross_profit": 372769,
            "gross_margin": 31.27,
            "gross_margin_4q_avg": 32.27,
            "net_income": 158287,
            "net_income_4q": null,
            "revenue": 1192062,
            "revenue_4q": null,
            "common_shares": 1410000,
            "book_valuer_per_share": 27.56,
            "book_valuer_per_share_4q_avg": 28.51,
            "equity": 3896487,
            "current_ratio": 158.22,
            "debt_ratio": 33.53,
            "inventory_turnover_ratio": 0.81,
            "account_receivable_turnover_ratio": 1.34,
            "reinvestment_rate": 3.32,
            "research_to_sale_ratio": 2.28,
            "price_fair": 50.51,
            "eps_avg_yearly": 4.4,
            "eps_latest_yearly": 4.44,
            "eps_growth_yearly": 1.49
        },
        "20183": {
            "year_quarter": 20183,
            "year": 2018,
            "quarter": 3,
            "eps": 1.17,
            "eps_growth_year": -23.03,
            "eps_4q": 4.67,
            "eps_4q_growth_year": -11.04,
            "roe": 4.08,
            "roe_4q": 16.25,
            "gross_profit": 396357,
            "gross_margin": 28.72,
            "gross_margin_4q_avg": 30.96,
            "net_income": 168546,
            "net_income_4q": null,
            "revenue": 1380300,
            "revenue_4q": null,
            "common_shares": 1410000,
            "book_valuer_per_share": 28.83,
            "book_valuer_per_share_4q_avg": 28.77,
            "equity": 4372142,
            "current_ratio": 159.53,
            "debt_ratio": 34.05,
            "inventory_turnover_ratio": 0.84,
            "account_receivable_turnover_ratio": 1.34,
            "reinvestment_rate": 7.37,
            "research_to_sale_ratio": 1.91,
            "price_fair": 81.82,
            "eps_avg_yearly": 4.42,
            "eps_latest_yearly": 4.68,
            "eps_growth_yearly": 8.5
        },
        "20184": {
            "year_quarter": 20184,
            "year": 2018,
            "quarter": 4,
            "eps": 1.48,
            "eps_growth_year": 20.61,
            "eps_4q": 4.92,
            "eps_4q_growth_year": -5.29,
            "roe": 4.71,
            "roe_4q": 16.62,
            "gross_profit": 360903,
            "gross_margin": 27.08,
            "gross_margin_4q_avg": 29.57,
            "net_income": 210048,
            "net_income_4q": null,
            "revenue": 1332488,
            "revenue_4q": null,
            "common_shares": 1410000,
            "book_valuer_per_share": 30.05,
            "book_valuer_per_share_4q_avg": 29.1,
            "equity": 4548936,
            "current_ratio": 180.37,
            "debt_ratio": 31.4,
            "inventory_turnover_ratio": 0.75,
            "account_receivable_turnover_ratio": 1.24,
            "reinvestment_rate": 5.23,
            "research_to_sale_ratio": 1.86,
            "price_fair": 105.87,
            "eps_avg_yearly": 4.51,
            "eps_latest_yearly": 5.92,
            "eps_growth_yearly": 13.47
        },
        "20191": {
            "year_quarter": 20191,
            "year": 2019,
            "quarter": 1,
            "eps": 1,
            "eps_growth_year": -13.04,
            "eps_4q": 4.76,
            "eps_4q_growth_year": -9.73,
            "roe": 3.16,
            "roe_4q": 15.85,
            "gross_profit": 329949,
            "gross_margin": 26.55,
            "gross_margin_4q_avg": 28.41,
            "net_income": 146043,
            "net_income_4q": null,
            "revenue": 1242558,
            "revenue_4q": null,
            "common_shares": 1410000,
            "book_valuer_per_share": 31.12,
            "book_valuer_per_share_4q_avg": 29.39,
            "equity": 4696153,
            "current_ratio": 166.55,
            "debt_ratio": 30.88,
            "inventory_turnover_ratio": 0.69,
            "account_receivable_turnover_ratio": 1.24,
            "reinvestment_rate": 8.7,
            "research_to_sale_ratio": 2.04,
            "price_fair": 74.99,
            "eps_avg_yearly": 4.49,
            "eps_latest_yearly": 4,
            "eps_growth_yearly": 6.69
        },
        "20192": {
            "year_quarter": 20192,
            "year": 2019,
            "quarter": 2,
            "eps": 0.7,
            "eps_growth_year": -36.94,
            "eps_4q": 4.35,
            "eps_4q_growth_year": -13.33,
            "roe": 2.13,
            "roe_4q": 14.08,
            "gross_profit": 328738,
            "gross_margin": 27.71,
            "gross_margin_4q_avg": 27.52,
            "net_income": 96011,
            "net_income_4q": null,
            "revenue": 1186197,
            "revenue_4q": null,
            "common_shares": 1410000,
            "book_valuer_per_share": 28.43,
            "book_valuer_per_share_4q_avg": 29.61,
            "equity": 4327842,
            "current_ratio": 122.19,
            "debt_ratio": 39.93,
            "inventory_turnover_ratio": 0.61,
            "account_receivable_turnover_ratio": 1.28,
            "reinvestment_rate": 18.36,
            "research_to_sale_ratio": 2.31,
            "price_fair": 13.16,
            "eps_avg_yearly": 4.39,
            "eps_latest_yearly": 2.8,
            "eps_growth_yearly": -2.21
        },
        "20193": {
            "year_quarter": 20193,
            "year": 2019,
            "quarter": 3,
            "eps": 0.95,
            "eps_growth_year": -18.8,
            "eps_4q": 4.12,
            "eps_4q_growth_year": -11.65,
            "roe": 3.12,
            "roe_4q": 13.120000000000001,
            "gross_profit": 373965,
            "gross_margin": 30.72,
            "gross_margin_4q_avg": 28.02,
            "net_income": 137163,
            "net_income_4q": null,
            "revenue": 1217238,
            "revenue_4q": null,
            "common_shares": 1410000,
            "book_valuer_per_share": 29.41,
            "book_valuer_per_share_4q_avg": 29.75,
            "equity": 4471174,
            "current_ratio": 166.91,
            "debt_ratio": 39.79,
            "inventory_turnover_ratio": 0.58,
            "account_receivable_turnover_ratio": 1.3,
            "reinvestment_rate": 21,
            "research_to_sale_ratio": 2.48,
            "price_fair": 75.57,
            "eps_avg_yearly": 4.35,
            "eps_latest_yearly": 3.8,
            "eps_growth_yearly": 7.38
        },
        "20194": {
            "year_quarter": 20194,
            "year": 2019,
            "quarter": 4,
            "eps": 1.16,
            "eps_growth_year": -21.47,
            "eps_4q": 3.81,
            "eps_4q_growth_year": -22.66,
            "roe": 3.53,
            "roe_4q": 11.940000000000001,
            "gross_profit": 393791,
            "gross_margin": 32.22,
            "gross_margin_4q_avg": 29.3,
            "net_income": 159983,
            "net_income_4q": null,
            "revenue": 1222010,
            "revenue_4q": null,
            "common_shares": 1410000,
            "book_valuer_per_share": 30.42,
            "book_valuer_per_share_4q_avg": 29.85,
            "equity": 4605550,
            "current_ratio": 177.74,
            "debt_ratio": 41.89,
            "inventory_turnover_ratio": 0.58,
            "account_receivable_turnover_ratio": 1.34,
            "reinvestment_rate": 30.16,
            "research_to_sale_ratio": 2.72,
            "price_fair": 128.67,
            "eps_avg_yearly": 4.43,
            "eps_latest_yearly": 4.64,
            "eps_growth_yearly": 19.05
        },
        "20201": {
            "year_quarter": 20201,
            "year": 2020,
            "quarter": 1,
            "eps": 0.92,
            "eps_growth_year": -8,
            "eps_4q": 3.73,
            "eps_4q_growth_year": -21.64,
            "roe": 3.15,
            "roe_4q": 11.93,
            "gross_profit": 362779,
            "gross_margin": 29.51,
            "gross_margin_4q_avg": 30.04,
            "net_income": 146520,
            "net_income_4q": null,
            "revenue": 1229334,
            "revenue_4q": null,
            "common_shares": 1410000,
            "book_valuer_per_share": 31.19,
            "book_valuer_per_share_4q_avg": 29.86,
            "equity": 4690405,
            "current_ratio": 142.3,
            "debt_ratio": 43.67,
            "inventory_turnover_ratio": 0.65,
            "account_receivable_turnover_ratio": 1.44,
            "reinvestment_rate": 21.16,
            "research_to_sale_ratio": 2.52,
            "price_fair": 126.06,
            "eps_avg_yearly": 4.49,
            "eps_latest_yearly": 3.68,
            "eps_growth_yearly": 18.09
        },
        "20202": {
            "year_quarter": 20202,
            "year": 2020,
            "quarter": 2,
            "eps": 0.96,
            "eps_growth_year": 37.14,
            "eps_4q": 3.99,
            "eps_4q_growth_year": -8.17,
            "roe": 3.04,
            "roe_4q": 12.84,
            "gross_profit": 406715,
            "gross_margin": 31.1,
            "gross_margin_4q_avg": 30.89,
            "net_income": 138932,
            "net_income_4q": null,
            "revenue": 1307850,
            "revenue_4q": null,
            "common_shares": 1410000,
            "book_valuer_per_share": 29.46,
            "book_valuer_per_share_4q_avg": 30.12,
            "equity": 4462420,
            "current_ratio": 116.81,
            "debt_ratio": 50.66,
            "inventory_turnover_ratio": 0.68,
            "account_receivable_turnover_ratio": 1.43,
            "reinvestment_rate": 65.03,
            "research_to_sale_ratio": 2.72,
            "price_fair": 95.43,
            "eps_avg_yearly": 4.5,
            "eps_latest_yearly": 3.84,
            "eps_growth_yearly": 11.21
        },
        "20203": {
            "year_quarter": 20203,
            "year": 2020,
            "quarter": 3,
            "eps": 0.9,
            "eps_growth_year": -5.26,
            "eps_4q": 3.94,
            "eps_4q_growth_year": -4.4,
            "roe": 2.94,
            "roe_4q": 12.66,
            "gross_profit": 382171,
            "gross_margin": 29.57,
            "gross_margin_4q_avg": 30.6,
            "net_income": 132959,
            "net_income_4q": null,
            "revenue": 1292468,
            "revenue_4q": null,
            "common_shares": 1410775,
            "book_valuer_per_share": 30.34,
            "book_valuer_per_share_4q_avg": 30.35,
            "equity": 4581236,
            "current_ratio": 145.81,
            "debt_ratio": 47.59,
            "inventory_turnover_ratio": 0.67,
            "account_receivable_turnover_ratio": 1.34,
            "reinvestment_rate": 72.57,
            "research_to_sale_ratio": 2.43,
            "price_fair": 87.06,
            "eps_avg_yearly": 4.5,
            "eps_latest_yearly": 3.6,
            "eps_growth_yearly": 9.37
        },
        "20204": {
            "year_quarter": 20204,
            "year": 2020,
            "quarter": 4,
            "eps": 0.85,
            "eps_growth_year": -26.8,
            "eps_4q": 3.63,
            "eps_4q_growth_year": -4.59,
            "roe": 2.6,
            "roe_4q": 11.73,
            "gross_profit": 394927,
            "gross_margin": 29.76,
            "gross_margin_4q_avg": 29.99,
            "net_income": 121065,
            "net_income_4q": null,
            "revenue": 1326898,
            "revenue_4q": null,
            "common_shares": 1410775,
            "book_valuer_per_share": 31.36,
            "book_valuer_per_share_4q_avg": 30.59,
            "equity": 4735991,
            "current_ratio": 236.27,
            "debt_ratio": 49.9,
            "inventory_turnover_ratio": 0.67,
            "account_receivable_turnover_ratio": 1.39,
            "reinvestment_rate": 102.09,
            "research_to_sale_ratio": 2.1,
            "price_fair": 13.16,
            "eps_avg_yearly": 4.39,
            "eps_latest_yearly": 3.4,
            "eps_growth_yearly": -1.8
        },
        "20211": {
            "year_quarter": 20211,
            "year": 2021,
            "quarter": 1,
            "eps": 1.05,
            "eps_growth_year": 14.13,
            "eps_4q": 3.75,
            "eps_4q_growth_year": 0.57,
            "roe": 3.37,
            "roe_4q": 11.95,
            "gross_profit": 410662,
            "gross_margin": 28.04,
            "gross_margin_4q_avg": 29.62,
            "net_income": 162007,
            "net_income_4q": null,
            "revenue": 1464737,
            "revenue_4q": null,
            "common_shares": 1414690,
            "book_valuer_per_share": 32.45,
            "book_valuer_per_share_4q_avg": 30.9,
            "equity": 4887686,
            "current_ratio": 260.57,
            "debt_ratio": 48.68,
            "inventory_turnover_ratio": 0.76,
            "account_receivable_turnover_ratio": 1.47,
            "reinvestment_rate": 102.33,
            "research_to_sale_ratio": 1.96,
            "price_fair": 79.68,
            "eps_avg_yearly": 4.38,
            "eps_latest_yearly": 4.2,
            "eps_growth_yearly": 8.18
        },
        "20212": {
            "year_quarter": 20212,
            "year": 2021,
            "quarter": 2,
            "eps": 0.98,
            "eps_growth_year": 2.08,
            "eps_4q": 3.78,
            "eps_4q_growth_year": -5.31,
            "roe": 2.98,
            "roe_4q": 11.889999999999999,
            "gross_profit": 453713,
            "gross_margin": 30.5,
            "gross_margin_4q_avg": 29.47,
            "net_income": 147743,
            "net_income_4q": null,
            "revenue": 1487769,
            "revenue_4q": null,
            "common_shares": 1415430,
            "book_valuer_per_share": 33.4,
            "book_valuer_per_share_4q_avg": 31.89,
            "equity": 5020081,
            "current_ratio": 292.71,
            "debt_ratio": 47.44,
            "inventory_turnover_ratio": 0.77,
            "account_receivable_turnover_ratio": 1.4,
            "reinvestment_rate": 100.05,
            "research_to_sale_ratio": 2.63,
            "price_fair": 12.85,
            "eps_avg_yearly": 4.28,
            "eps_latest_yearly": 3.92,
            "eps_growth_yearly": -0.73
        },
        "20213": {
            "year_quarter": 20213,
            "year": 2021,
            "quarter": 3,
            "eps": 1.13,
            "eps_growth_year": 25.56,
            "eps_4q": 4.01,
            "eps_4q_growth_year": 1.59,
            "roe": 3.58,
            "roe_4q": 12.53,
            "gross_profit": 482960,
            "gross_margin": 31.38,
            "gross_margin_4q_avg": 29.92,
            "net_income": 175374,
            "net_income_4q": null,
            "revenue": 1539011,
            "revenue_4q": null,
            "common_shares": 1417780,
            "book_valuer_per_share": 31.7,
            "book_valuer_per_share_4q_avg": 32.23,
            "equity": 4786992,
            "current_ratio": 162.69,
            "debt_ratio": 49.22,
            "inventory_turnover_ratio": 0.78,
            "account_receivable_turnover_ratio": 1.39,
            "reinvestment_rate": 98.55,
            "research_to_sale_ratio": 2.33,
            "price_fair": 41.85,
            "eps_avg_yearly": 4.19,
            "eps_latest_yearly": 4.52,
            "eps_growth_yearly": 0.56
        },
        "20214": {
            "year_quarter": 20214,
            "year": 2021,
            "quarter": 4,
            "eps": 1.6,
            "eps_growth_year": 88.39,
            "eps_4q": 4.74,
            "eps_4q_growth_year": 30.59,
            "roe": 4.81,
            "roe_4q": 14.740000000000002,
            "gross_profit": 515289,
            "gross_margin": 33.54,
            "gross_margin_4q_avg": 30.87,
            "net_income": 236554,
            "net_income_4q": null,
            "revenue": 1536321,
            "revenue_4q": null,
            "common_shares": 1426580,
            "book_valuer_per_share": 33.29,
            "book_valuer_per_share_4q_avg": 32.71,
            "equity": 5050614,
            "current_ratio": 177.84,
            "debt_ratio": 50.3,
            "inventory_turnover_ratio": 0.73,
            "account_receivable_turnover_ratio": 1.37,
            "reinvestment_rate": 89.09,
            "research_to_sale_ratio": 2.14,
            "price_fair": 110.06,
            "eps_avg_yearly": 4.28,
            "eps_latest_yearly": 6.4,
            "eps_growth_yearly": 15.73
        },
        "20221": {
            "year_quarter": 20221,
            "year": 2022,
            "quarter": 1,
            "eps": 2.2,
            "eps_growth_year": 109.52,
            "eps_4q": 5.88,
            "eps_4q_growth_year": 56.75,
            "roe": 6.13,
            "roe_4q": 17.5,
            "gross_profit": 583405,
            "gross_margin": 35.47,
            "gross_margin_4q_avg": 32.72,
            "net_income": 320980,
            "net_income_4q": null,
            "revenue": 1644860,
            "revenue_4q": null,
            "common_shares": 1429570,
            "book_valuer_per_share": 35.63,
            "book_valuer_per_share_4q_avg": 33.51,
            "equity": 5413810,
            "current_ratio": 230.16,
            "debt_ratio": 44.6,
            "inventory_turnover_ratio": 0.73,
            "account_receivable_turnover_ratio": 1.44,
            "reinvestment_rate": 83.41,
            "research_to_sale_ratio": 2.31,
            "price_fair": 158.9,
            "eps_avg_yearly": 4.54,
            "eps_latest_yearly": 8.8,
            "eps_growth_yearly": 26.73
        },
        "20222": {
            "year_quarter": 20222,
            "year": 2022,
            "quarter": 2,
            "eps": 2.72,
            "eps_growth_year": 177.55,
            "eps_4q": 7.63,
            "eps_4q_growth_year": 101.92,
            "roe": 7.41,
            "roe_4q": 21.93,
            "gross_profit": 745664,
            "gross_margin": 40.13,
            "gross_margin_4q_avg": 35.13,
            "net_income": 400648,
            "net_income_4q": null,
            "revenue": 1858122,
            "revenue_4q": null,
            "common_shares": 1431260,
            "book_valuer_per_share": 35.56,
            "book_valuer_per_share_4q_avg": 34.05,
            "equity": 5392851,
            "current_ratio": 202.99,
            "debt_ratio": 47.64,
            "inventory_turnover_ratio": 0.73,
            "account_receivable_turnover_ratio": 1.52,
            "reinvestment_rate": 72.16,
            "research_to_sale_ratio": 2.21,
            "price_fair": 172.99,
            "eps_avg_yearly": 4.94,
            "eps_latest_yearly": 10.88,
            "eps_growth_yearly": 33.51
        },
        "20223": {
            "year_quarter": 20223,
            "year": 2022,
            "quarter": 3,
            "eps": 2.43,
            "eps_growth_year": 115.04,
            "eps_4q": 8.91,
            "eps_4q_growth_year": 122.47,
            "roe": 6.39,
            "roe_4q": 24.74,
            "gross_profit": 661584,
            "gross_margin": 36.44,
            "gross_margin_4q_avg": 36.4,
            "net_income": 357543,
            "net_income_4q": null,
            "revenue": 1815330,
            "revenue_4q": null,
            "common_shares": 1437128,
            "book_valuer_per_share": 38.21,
            "book_valuer_per_share_4q_avg": 35.67,
            "equity": 5802413,
            "current_ratio": 235.45,
            "debt_ratio": 39.47,
            "inventory_turnover_ratio": 0.71,
            "account_receivable_turnover_ratio": 1.45,
            "reinvestment_rate": 62.16,
            "research_to_sale_ratio": 2.49,
            "price_fair": 184.01,
            "eps_avg_yearly": 5.26,
            "eps_latest_yearly": 9.72,
            "eps_growth_yearly": 29.49
        },
        "20224": {
            "year_quarter": 20224,
            "year": 2022,
            "quarter": 4,
            "eps": 1.36,
            "eps_growth_year": -15.13,
            "eps_4q": 8.68,
            "eps_4q_growth_year": 82.99,
            "roe": 3.28,
            "roe_4q": 23.209999999999997,
            "gross_profit": 537809,
            "gross_margin": 33.84,
            "gross_margin_4q_avg": 36.47,
            "net_income": 195179,
            "net_income_4q": null,
            "revenue": 1589307,
            "revenue_4q": null,
            "common_shares": 1437337,
            "book_valuer_per_share": 40.09,
            "book_valuer_per_share_4q_avg": 37.37,
            "equity": 6090670,
            "current_ratio": 204.8,
            "debt_ratio": 36.19,
            "inventory_turnover_ratio": 0.6,
            "account_receivable_turnover_ratio": 1.37,
            "reinvestment_rate": 56.35,
            "research_to_sale_ratio": 2.5,
            "price_fair": 114.28,
            "eps_avg_yearly": 5.23,
            "eps_latest_yearly": 5.44,
            "eps_growth_yearly": 11.86
        },
        "20231": {
            "year_quarter": 20231,
            "year": 2023,
            "quarter": 1,
            "eps": 1.24,
            "eps_growth_year": -43.64,
            "eps_4q": 7.72,
            "eps_4q_growth_year": 31.28,
            "roe": 2.9,
            "roe_4q": 19.98,
            "gross_profit": 437916,
            "gross_margin": 28.03,
            "gross_margin_4q_avg": 34.61,
            "net_income": 179024,
            "net_income_4q": null,
            "revenue": 1562510,
            "revenue_4q": null,
            "common_shares": 1440598,
            "book_valuer_per_share": 41.47,
            "book_valuer_per_share_4q_avg": 38.83,
            "equity": 6267701,
            "current_ratio": 199.55,
            "debt_ratio": 36.39,
            "inventory_turnover_ratio": 0.63,
            "account_receivable_turnover_ratio": 1.49,
            "reinvestment_rate": 51.2,
            "research_to_sale_ratio": 1.87,
            "price_fair": 146.8,
            "eps_avg_yearly": 5.29,
            "eps_latest_yearly": 4.96,
            "eps_growth_yearly": 17.76
        },
        "20232": {
            "year_quarter": 20232,
            "year": 2023,
            "quarter": 2,
            "eps": 1.54,
            "eps_growth_year": -43.38,
            "eps_4q": 6.56,
            "eps_4q_growth_year": -14.04,
            "roe": 3.71,
            "roe_4q": 16.279999999999998,
            "gross_profit": 466055,
            "gross_margin": 29.59,
            "gross_margin_4q_avg": 31.98,
            "net_income": 225797,
            "net_income_4q": null,
            "revenue": 1575063,
            "revenue_4q": null,
            "common_shares": 1441048,
            "book_valuer_per_share": 38.96,
            "book_valuer_per_share_4q_avg": 39.68,
            "equity": 5907153,
            "current_ratio": 158.07,
            "debt_ratio": 41.39,
            "inventory_turnover_ratio": 0.6,
            "account_receivable_turnover_ratio": 1.57,
            "reinvestment_rate": 40.21,
            "research_to_sale_ratio": 2.53,
            "price_fair": 192.41,
            "eps_avg_yearly": 5.5,
            "eps_latest_yearly": 6.16,
            "eps_growth_yearly": 31.31
        },
        "20233": {
            "year_quarter": 20233,
            "year": 2023,
            "quarter": 3,
            "eps": 2.02,
            "eps_growth_year": -16.87,
            "eps_4q": 6.14,
            "eps_4q_growth_year": -31.14,
            "roe": 4.89,
            "roe_4q": 14.78,
            "gross_profit": 528119,
            "gross_margin": 32.03,
            "gross_margin_4q_avg": 30.87,
            "net_income": 296501,
            "net_income_4q": null,
            "revenue": 1648890,
            "revenue_4q": null,
            "common_shares": 1446923,
            "book_valuer_per_share": 40.9,
            "book_valuer_per_share_4q_avg": 40.36,
            "equity": 6214151,
            "current_ratio": 170.93,
            "debt_ratio": 37.28,
            "inventory_turnover_ratio": 0.59,
            "account_receivable_turnover_ratio": 1.58,
            "reinvestment_rate": 36.92,
            "research_to_sale_ratio": 2.72,
            "price_fair": 201.78,
            "eps_avg_yearly": 5.77,
            "eps_latest_yearly": 8.08,
            "eps_growth_yearly": 30.18
        },
        "20234": {
            "year_quarter": 20234,
            "year": 2023,
            "quarter": 4,
            "eps": 1.1,
            "eps_growth_year": -18.93,
            "eps_4q": 5.88,
            "eps_4q_growth_year": -32.26,
            "roe": 2.53,
            "roe_4q": 14.03,
            "gross_profit": 510141,
            "gross_margin": 32,
            "gross_margin_4q_avg": 30.41,
            "net_income": 160785,
            "net_income_4q": null,
            "revenue": 1594441,
            "revenue_4q": null,
            "common_shares": 1449435,
            "book_valuer_per_share": 42.56,
            "book_valuer_per_share_4q_avg": 40.97,
            "equity": 6472415,
            "current_ratio": 179.59,
            "debt_ratio": 34.38,
            "inventory_turnover_ratio": 0.56,
            "account_receivable_turnover_ratio": 1.46,
            "reinvestment_rate": 26.42,
            "research_to_sale_ratio": 2.68,
            "price_fair": 133.76,
            "eps_avg_yearly": 5.75,
            "eps_latest_yearly": 4.4,
            "eps_growth_yearly": 13.26
        }
    },
    "months": {
        "2004-04": {
            "month": "2004-04",
            "price": "89.41",
            "revenue": 166043
        },
        "2004-05": {
            "month": "2004-05",
            "price": "83.43",
            "revenue": 166867
        },
        "2004-06": {
            "month": "2004-06",
            "price": "75.52",
            "revenue": 170502
        },
        "2004-07": {
            "month": "2004-07",
            "price": "61.63",
            "revenue": 172357
        },
        "2004-08": {
            "month": "2004-08",
            "price": "52.18",
            "revenue": 174368
        },
        "2004-09": {
            "month": "2004-09",
            "price": "56.29",
            "revenue": 180894
        },
        "2004-10": {
            "month": "2004-10",
            "price": "54.73",
            "revenue": 173880
        },
        "2004-11": {
            "month": "2004-11",
            "price": "51.91",
            "revenue": 180652
        },
        "2004-12": {
            "month": "2004-12",
            "price": "63.40",
            "revenue": 164519
        },
        "2005-01": {
            "month": "2005-01",
            "price": "64.00",
            "revenue": 136650
        },
        "2005-02": {
            "month": "2005-02",
            "price": "80.69",
            "revenue": 114803
        },
        "2005-03": {
            "month": "2005-03",
            "price": "82.29",
            "revenue": 148700
        },
        "2005-04": {
            "month": "2005-04",
            "price": "71.80",
            "revenue": 149344
        },
        "2005-05": {
            "month": "2005-05",
            "price": "71.95",
            "revenue": 151707
        },
        "2005-06": {
            "month": "2005-06",
            "price": "83.43",
            "revenue": 161953
        },
        "2005-07": {
            "month": "2005-07",
            "price": "89.68",
            "revenue": 149039
        },
        "2005-08": {
            "month": "2005-08",
            "price": "81.52",
            "revenue": 158246
        },
        "2005-09": {
            "month": "2005-09",
            "price": "69.24",
            "revenue": 198321
        },
        "2005-10": {
            "month": "2005-10",
            "price": "70.32",
            "revenue": 261182
        },
        "2005-11": {
            "month": "2005-11",
            "price": "71.80",
            "revenue": 259184
        },
        "2005-12": {
            "month": "2005-12",
            "price": "82.39",
            "revenue": 293616
        },
        "2006-01": {
            "month": "2006-01",
            "price": "89.19",
            "revenue": 261746
        },
        "2006-02": {
            "month": "2006-02",
            "price": "87.45",
            "revenue": 251828
        },
        "2006-03": {
            "month": "2006-03",
            "price": "88.29",
            "revenue": 282627
        },
        "2006-04": {
            "month": "2006-04",
            "price": "110.61",
            "revenue": 289284
        },
        "2006-05": {
            "month": "2006-05",
            "price": "166.40",
            "revenue": 295586
        },
        "2006-06": {
            "month": "2006-06",
            "price": "157.82",
            "revenue": 304475
        },
        "2006-07": {
            "month": "2006-07",
            "price": "172.17",
            "revenue": 297565
        },
        "2006-08": {
            "month": "2006-08",
            "price": "162.93",
            "revenue": 305833
        },
        "2006-09": {
            "month": "2006-09",
            "price": "151.88",
            "revenue": 290881
        },
        "2006-10": {
            "month": "2006-10",
            "price": "144.38",
            "revenue": 293011
        },
        "2006-11": {
            "month": "2006-11",
            "price": "149.41",
            "revenue": 297889
        },
        "2006-12": {
            "month": "2006-12",
            "price": "153.52",
            "revenue": 277610
        },
        "2007-01": {
            "month": "2007-01",
            "price": "160.23",
            "revenue": 273019
        },
        "2007-02": {
            "month": "2007-02",
            "price": "153.21",
            "revenue": 231286
        },
        "2007-03": {
            "month": "2007-03",
            "price": "147.91",
            "revenue": 290967
        },
        "2007-04": {
            "month": "2007-04",
            "price": "147.05",
            "revenue": 295614
        },
        "2007-05": {
            "month": "2007-05",
            "price": "118.36",
            "revenue": 307993
        },
        "2007-06": {
            "month": "2007-06",
            "price": "121.08",
            "revenue": 311618
        },
        "2007-07": {
            "month": "2007-07",
            "price": "126.41",
            "revenue": 331628
        },
        "2007-08": {
            "month": "2007-08",
            "price": "95.77",
            "revenue": 336717
        },
        "2007-09": {
            "month": "2007-09",
            "price": "85.10",
            "revenue": 316815
        },
        "2007-10": {
            "month": "2007-10",
            "price": "83.18",
            "revenue": 336170
        },
        "2007-11": {
            "month": "2007-11",
            "price": "72.10",
            "revenue": 323636
        },
        "2007-12": {
            "month": "2007-12",
            "price": "60.46",
            "revenue": 320879
        },
        "2008-01": {
            "month": "2008-01",
            "price": "58.84",
            "revenue": 318583
        },
        "2008-02": {
            "month": "2008-02",
            "price": "57.14",
            "revenue": 276517
        },
        "2008-03": {
            "month": "2008-03",
            "price": "60.06",
            "revenue": 294411
        },
        "2008-04": {
            "month": "2008-04",
            "price": "60.08",
            "revenue": 288953
        },
        "2008-05": {
            "month": "2008-05",
            "price": "58.70",
            "revenue": 318988
        },
        "2008-06": {
            "month": "2008-06",
            "price": "51.51",
            "revenue": 305767
        },
        "2008-07": {
            "month": "2008-07",
            "price": "39.92",
            "revenue": 297142
        },
        "2008-08": {
            "month": "2008-08",
            "price": "36.70",
            "revenue": 281047
        },
        "2008-09": {
            "month": "2008-09",
            "price": "26.97",
            "revenue": 261272
        },
        "2008-10": {
            "month": "2008-10",
            "price": "22.16",
            "revenue": 236152
        },
        "2008-11": {
            "month": "2008-11",
            "price": "19.29",
            "revenue": 207824
        },
        "2008-12": {
            "month": "2008-12",
            "price": "19.43",
            "revenue": 181447
        },
        "2009-01": {
            "month": "2009-01",
            "price": "20.40",
            "revenue": 120923
        },
        "2009-02": {
            "month": "2009-02",
            "price": "18.72",
            "revenue": 141309
        },
        "2009-03": {
            "month": "2009-03",
            "price": "21.64",
            "revenue": 165722
        },
        "2009-04": {
            "month": "2009-04",
            "price": "25.14",
            "revenue": 193207
        },
        "2009-05": {
            "month": "2009-05",
            "price": "28.42",
            "revenue": 209132
        },
        "2009-06": {
            "month": "2009-06",
            "price": "29.59",
            "revenue": 232384
        },
        "2009-07": {
            "month": "2009-07",
            "price": "31.18",
            "revenue": 242212
        },
        "2009-08": {
            "month": "2009-08",
            "price": "37.22",
            "revenue": 237778
        },
        "2009-09": {
            "month": "2009-09",
            "price": "35.82",
            "revenue": 237790
        },
        "2009-10": {
            "month": "2009-10",
            "price": "35.02",
            "revenue": 247139
        },
        "2009-11": {
            "month": "2009-11",
            "price": "35.76",
            "revenue": 251518
        },
        "2009-12": {
            "month": "2009-12",
            "price": "39.31",
            "revenue": 281163
        },
        "2010-01": {
            "month": "2010-01",
            "price": "44.40",
            "revenue": 268157
        },
        "2010-02": {
            "month": "2010-02",
            "price": "42.56",
            "revenue": 228438
        },
        "2010-03": {
            "month": "2010-03",
            "price": "42.75",
            "revenue": 277629
        },
        "2010-04": {
            "month": "2010-04",
            "price": "44.90",
            "revenue": 267439
        },
        "2010-05": {
            "month": "2010-05",
            "price": "37.19",
            "revenue": 263698
        },
        "2010-06": {
            "month": "2010-06",
            "price": "35.21",
            "revenue": 261137
        },
        "2010-07": {
            "month": "2010-07",
            "price": "40.40",
            "revenue": 268754
        },
        "2010-08": {
            "month": "2010-08",
            "price": "41.59",
            "revenue": 277166
        },
        "2010-09": {
            "month": "2010-09",
            "price": "40.61",
            "revenue": 304398
        },
        "2010-10": {
            "month": "2010-10",
            "price": "50.69",
            "revenue": 286346
        },
        "2010-11": {
            "month": "2010-11",
            "price": "50.29",
            "revenue": 306535
        },
        "2010-12": {
            "month": "2010-12",
            "price": "57.89",
            "revenue": 287125
        },
        "2011-01": {
            "month": "2011-01",
            "price": "58.20",
            "revenue": 318045
        },
        "2011-02": {
            "month": "2011-02",
            "price": "63.29",
            "revenue": 284870
        },
        "2011-03": {
            "month": "2011-03",
            "price": "69.20",
            "revenue": 339129
        },
        "2011-04": {
            "month": "2011-04",
            "price": "72.84",
            "revenue": 333696
        },
        "2011-05": {
            "month": "2011-05",
            "price": "69.17",
            "revenue": 323676
        },
        "2011-06": {
            "month": "2011-06",
            "price": "62.44",
            "revenue": 362473
        },
        "2011-07": {
            "month": "2011-07",
            "price": "52.93",
            "revenue": 350047
        },
        "2011-08": {
            "month": "2011-08",
            "price": "42.82",
            "revenue": 311142
        },
        "2011-09": {
            "month": "2011-09",
            "price": "40.04",
            "revenue": 296697
        },
        "2011-10": {
            "month": "2011-10",
            "price": "39.19",
            "revenue": 316921
        },
        "2011-11": {
            "month": "2011-11",
            "price": "40.68",
            "revenue": 309941
        },
        "2011-12": {
            "month": "2011-12",
            "price": "34.78",
            "revenue": 293922
        },
        "2012-01": {
            "month": "2012-01",
            "price": "34.93",
            "revenue": 302006
        },
        "2012-02": {
            "month": "2012-02",
            "price": "43.65",
            "revenue": 311981
        },
        "2012-03": {
            "month": "2012-03",
            "price": "46.47",
            "revenue": 308361
        },
        "2012-04": {
            "month": "2012-04",
            "price": "43.62",
            "revenue": 303177
        },
        "2012-05": {
            "month": "2012-05",
            "price": "43.54",
            "revenue": 335241
        },
        "2012-06": {
            "month": "2012-06",
            "price": "42.35",
            "revenue": 335659
        },
        "2012-07": {
            "month": "2012-07",
            "price": "41.00",
            "revenue": 327052
        },
        "2012-08": {
            "month": "2012-08",
            "price": "42.20",
            "revenue": 328344
        },
        "2012-09": {
            "month": "2012-09",
            "price": "42.69",
            "revenue": 330590
        },
        "2012-10": {
            "month": "2012-10",
            "price": "41.11",
            "revenue": 337554
        },
        "2012-11": {
            "month": "2012-11",
            "price": "40.28",
            "revenue": 319904
        },
        "2012-12": {
            "month": "2012-12",
            "price": "41.69",
            "revenue": 318336
        },
        "2013-01": {
            "month": "2013-01",
            "price": "44.14",
            "revenue": 333674
        },
        "2013-02": {
            "month": "2013-02",
            "price": "50.36",
            "revenue": 327721
        },
        "2013-03": {
            "month": "2013-03",
            "price": "54.10",
            "revenue": 320521
        },
        "2013-04": {
            "month": "2013-04",
            "price": "53.20",
            "revenue": 327311
        },
        "2013-05": {
            "month": "2013-05",
            "price": "53.22",
            "revenue": 335547
        },
        "2013-06": {
            "month": "2013-06",
            "price": "51.85",
            "revenue": 349932
        },
        "2013-07": {
            "month": "2013-07",
            "price": "49.03",
            "revenue": 375774
        },
        "2013-08": {
            "month": "2013-08",
            "price": "50.34",
            "revenue": 339373
        },
        "2013-09": {
            "month": "2013-09",
            "price": "60.96",
            "revenue": 346125
        },
        "2013-10": {
            "month": "2013-10",
            "price": "66.13",
            "revenue": 347575
        },
        "2013-11": {
            "month": "2013-11",
            "price": "73.90",
            "revenue": 325840
        },
        "2013-12": {
            "month": "2013-12",
            "price": "75.69",
            "revenue": 333003
        },
        "2014-01": {
            "month": "2014-01",
            "price": "78.13",
            "revenue": 327455
        },
        "2014-02": {
            "month": "2014-02",
            "price": "84.30",
            "revenue": 351118
        },
        "2014-03": {
            "month": "2014-03",
            "price": "94.17",
            "revenue": 349131
        },
        "2014-04": {
            "month": "2014-04",
            "price": "87.63",
            "revenue": 378265
        },
        "2014-05": {
            "month": "2014-05",
            "price": "83.87",
            "revenue": 382248
        },
        "2014-06": {
            "month": "2014-06",
            "price": "86.82",
            "revenue": 403448
        },
        "2014-07": {
            "month": "2014-07",
            "price": "82.37",
            "revenue": 381203
        },
        "2014-08": {
            "month": "2014-08",
            "price": "79.60",
            "revenue": 372862
        },
        "2014-09": {
            "month": "2014-09",
            "price": "75.20",
            "revenue": 363108
        },
        "2014-10": {
            "month": "2014-10",
            "price": "63.85",
            "revenue": 354124
        },
        "2014-11": {
            "month": "2014-11",
            "price": "61.88",
            "revenue": 348295
        },
        "2014-12": {
            "month": "2014-12",
            "price": "66.92",
            "revenue": 343566
        },
        "2015-01": {
            "month": "2015-01",
            "price": "63.36",
            "revenue": 360253
        },
        "2015-02": {
            "month": "2015-02",
            "price": "63.78",
            "revenue": 319331
        },
        "2015-03": {
            "month": "2015-03",
            "price": "67.19",
            "revenue": 337559
        },
        "2015-04": {
            "month": "2015-04",
            "price": "65.62",
            "revenue": 352483
        },
        "2015-05": {
            "month": "2015-05",
            "price": "64.37",
            "revenue": 355839
        },
        "2015-06": {
            "month": "2015-06",
            "price": "61.38",
            "revenue": 344776
        },
        "2015-07": {
            "month": "2015-07",
            "price": "54.45",
            "revenue": 345058
        },
        "2015-08": {
            "month": "2015-08",
            "price": "48.24",
            "revenue": 341165
        },
        "2015-09": {
            "month": "2015-09",
            "price": "48.17",
            "revenue": 343330
        },
        "2015-10": {
            "month": "2015-10",
            "price": "54.52",
            "revenue": 318144
        },
        "2015-11": {
            "month": "2015-11",
            "price": "54.59",
            "revenue": 304497
        },
        "2015-12": {
            "month": "2015-12",
            "price": "52.16",
            "revenue": 323824
        },
        "2016-01": {
            "month": "2016-01",
            "price": "48.71",
            "revenue": 336734
        },
        "2016-02": {
            "month": "2016-02",
            "price": "51.06",
            "revenue": 283255
        },
        "2016-03": {
            "month": "2016-03",
            "price": "54.31",
            "revenue": 314515
        },
        "2016-04": {
            "month": "2016-04",
            "price": "52.36",
            "revenue": 309869
        },
        "2016-05": {
            "month": "2016-05",
            "price": "49.37",
            "revenue": 353048
        },
        "2016-06": {
            "month": "2016-06",
            "price": "50.77",
            "revenue": 341300
        },
        "2016-07": {
            "month": "2016-07",
            "price": "51.36",
            "revenue": 347761
        },
        "2016-08": {
            "month": "2016-08",
            "price": "54.50",
            "revenue": 353825
        },
        "2016-09": {
            "month": "2016-09",
            "price": "55.31",
            "revenue": 344364
        },
        "2016-10": {
            "month": "2016-10",
            "price": "54.11",
            "revenue": 361863
        },
        "2016-11": {
            "month": "2016-11",
            "price": "52.04",
            "revenue": 391179
        },
        "2016-12": {
            "month": "2016-12",
            "price": "59.61",
            "revenue": 390944
        },
        "2017-01": {
            "month": "2017-01",
            "price": "63.91",
            "revenue": 382107
        },
        "2017-02": {
            "month": "2017-02",
            "price": "73.81",
            "revenue": 369177
        },
        "2017-03": {
            "month": "2017-03",
            "price": "75.14",
            "revenue": 349487
        },
        "2017-04": {
            "month": "2017-04",
            "price": "69.42",
            "revenue": 370265
        },
        "2017-05": {
            "month": "2017-05",
            "price": "71.76",
            "revenue": 364758
        },
        "2017-06": {
            "month": "2017-06",
            "price": "75.62",
            "revenue": 371939
        },
        "2017-07": {
            "month": "2017-07",
            "price": "75.43",
            "revenue": 383252
        },
        "2017-08": {
            "month": "2017-08",
            "price": "81.45",
            "revenue": 385852
        },
        "2017-09": {
            "month": "2017-09",
            "price": "77.62",
            "revenue": 382064
        },
        "2017-10": {
            "month": "2017-10",
            "price": "79.04",
            "revenue": 381755
        },
        "2017-11": {
            "month": "2017-11",
            "price": "80.85",
            "revenue": 392038
        },
        "2017-12": {
            "month": "2017-12",
            "price": "83.41",
            "revenue": 392917
        },
        "2018-01": {
            "month": "2018-01",
            "price": "83.50",
            "revenue": 422122
        },
        "2018-02": {
            "month": "2018-02",
            "price": "79.88",
            "revenue": 371607
        },
        "2018-03": {
            "month": "2018-03",
            "price": "78.22",
            "revenue": 434888
        },
        "2018-04": {
            "month": "2018-04",
            "price": "79.54",
            "revenue": 402504
        },
        "2018-05": {
            "month": "2018-05",
            "price": "75.06",
            "revenue": 406810
        },
        "2018-06": {
            "month": "2018-06",
            "price": "74.34",
            "revenue": 385756
        },
        "2018-07": {
            "month": "2018-07",
            "price": "66.35",
            "revenue": 457757
        },
        "2018-08": {
            "month": "2018-08",
            "price": "66.59",
            "revenue": 480896
        },
        "2018-09": {
            "month": "2018-09",
            "price": "65.53",
            "revenue": 441340
        },
        "2018-10": {
            "month": "2018-10",
            "price": "58.39",
            "revenue": 452119
        },
        "2018-11": {
            "month": "2018-11",
            "price": "53.59",
            "revenue": 476028
        },
        "2018-12": {
            "month": "2018-12",
            "price": "57.50",
            "revenue": 407296
        },
        "2019-01": {
            "month": "2019-01",
            "price": "57.72",
            "revenue": 441889
        },
        "2019-02": {
            "month": "2019-02",
            "price": "58.95",
            "revenue": 382857
        },
        "2019-03": {
            "month": "2019-03",
            "price": "60.87",
            "revenue": 417177
        },
        "2019-04": {
            "month": "2019-04",
            "price": "61.75",
            "revenue": 400295
        },
        "2019-05": {
            "month": "2019-05",
            "price": "59.65",
            "revenue": 388278
        },
        "2019-06": {
            "month": "2019-06",
            "price": "59.76",
            "revenue": 398242
        },
        "2019-07": {
            "month": "2019-07",
            "price": "59.05",
            "revenue": 410086
        },
        "2019-08": {
            "month": "2019-08",
            "price": "58.40",
            "revenue": 403594
        },
        "2019-09": {
            "month": "2019-09",
            "price": "60.21",
            "revenue": 403026
        },
        "2019-10": {
            "month": "2019-10",
            "price": "67.28",
            "revenue": 420369
        },
        "2019-11": {
            "month": "2019-11",
            "price": "68.40",
            "revenue": 419284
        },
        "2019-12": {
            "month": "2019-12",
            "price": "69.09",
            "revenue": 390317
        },
        "2020-01": {
            "month": "2020-01",
            "price": "66.13",
            "revenue": 395279
        },
        "2020-02": {
            "month": "2020-02",
            "price": "63.50",
            "revenue": 412201
        },
        "2020-03": {
            "month": "2020-03",
            "price": "54.25",
            "revenue": 420382
        },
        "2020-04": {
            "month": "2020-04",
            "price": "55.56",
            "revenue": 450328
        },
        "2020-05": {
            "month": "2020-05",
            "price": "60.14",
            "revenue": 413221
        },
        "2020-06": {
            "month": "2020-06",
            "price": "60.97",
            "revenue": 443332
        },
        "2020-07": {
            "month": "2020-07",
            "price": "65.24",
            "revenue": 439426
        },
        "2020-08": {
            "month": "2020-08",
            "price": "63.30",
            "revenue": 432477
        },
        "2020-09": {
            "month": "2020-09",
            "price": "62.13",
            "revenue": 420571
        },
        "2020-10": {
            "month": "2020-10",
            "price": "60.02",
            "revenue": 420808
        },
        "2020-11": {
            "month": "2020-11",
            "price": "59.65",
            "revenue": 437013
        },
        "2020-12": {
            "month": "2020-12",
            "price": "64.98",
            "revenue": 469077
        },
        "2021-01": {
            "month": "2021-01",
            "price": "67.62",
            "revenue": 472827
        },
        "2021-02": {
            "month": "2021-02",
            "price": "66.75",
            "revenue": 470114
        },
        "2021-03": {
            "month": "2021-03",
            "price": "70.15",
            "revenue": 521795
        },
        "2021-04": {
            "month": "2021-04",
            "price": "74.23",
            "revenue": 480526
        },
        "2021-05": {
            "month": "2021-05",
            "price": "64.47",
            "revenue": 507991
        },
        "2021-06": {
            "month": "2021-06",
            "price": "66.35",
            "revenue": 499253
        },
        "2021-07": {
            "month": "2021-07",
            "price": "68.42",
            "revenue": 517447
        },
        "2021-08": {
            "month": "2021-08",
            "price": "66.91",
            "revenue": 512863
        },
        "2021-09": {
            "month": "2021-09",
            "price": "70.60",
            "revenue": 508701
        },
        "2021-10": {
            "month": "2021-10",
            "price": "70.30",
            "revenue": 484715
        },
        "2021-11": {
            "month": "2021-11",
            "price": "85.94",
            "revenue": 525131
        },
        "2021-12": {
            "month": "2021-12",
            "price": "94.90",
            "revenue": 526453
        },
        "2022-01": {
            "month": "2022-01",
            "price": "106.94",
            "revenue": 531136
        },
        "2022-02": {
            "month": "2022-02",
            "price": "106.21",
            "revenue": 530672
        },
        "2022-03": {
            "month": "2022-03",
            "price": "121.50",
            "revenue": 583052
        },
        "2022-04": {
            "month": "2022-04",
            "price": "127.53",
            "revenue": 590111
        },
        "2022-05": {
            "month": "2022-05",
            "price": "133.36",
            "revenue": 599802
        },
        "2022-06": {
            "month": "2022-06",
            "price": "158.29",
            "revenue": 668209
        },
        "2022-07": {
            "month": "2022-07",
            "price": "145.21",
            "revenue": 618058
        },
        "2022-08": {
            "month": "2022-08",
            "price": "156.11",
            "revenue": 617552
        },
        "2022-09": {
            "month": "2022-09",
            "price": "139.40",
            "revenue": 579720
        },
        "2022-10": {
            "month": "2022-10",
            "price": "107.96",
            "revenue": 537502
        },
        "2022-11": {
            "month": "2022-11",
            "price": "108.82",
            "revenue": 534158
        },
        "2022-12": {
            "month": "2022-12",
            "price": "115.50",
            "revenue": 517624
        },
        "2023-01": {
            "month": "2023-01",
            "price": "112.54",
            "revenue": 470383
        },
        "2023-02": {
            "month": "2023-02",
            "price": "117.14",
            "revenue": 516402
        },
        "2023-03": {
            "month": "2023-03",
            "price": "115.04",
            "revenue": 575725
        },
        "2023-04": {
            "month": "2023-04",
            "price": "114.74",
            "revenue": 509157
        },
        "2023-05": {
            "month": "2023-05",
            "price": "111.23",
            "revenue": 546335
        },
        "2023-06": {
            "month": "2023-06",
            "price": "123.68",
            "revenue": 519571
        },
        "2023-07": {
            "month": "2023-07",
            "price": "135.90",
            "revenue": 523288
        },
        "2023-08": {
            "month": "2023-08",
            "price": "127.75",
            "revenue": 556064
        },
        "2023-09": {
            "month": "2023-09",
            "price": "138.38",
            "revenue": 569539
        },
        "2023-10": {
            "month": "2023-10",
            "price": "161.95",
            "revenue": 553579
        },
        "2023-11": {
            "month": "2023-11",
            "price": "177.93",
            "revenue": 526952
        },
        "2023-12": {
            "month": "2023-12",
            "price": "179.83",
            "revenue": 513982
        }
    }
}
