{
    "summary": {
        "stock_name": "精華",
        "stock_id": "1565",
        "category": "生技醫療",
        "main_business": "隱形眼鏡(軟片硬片)光學鏡片及其附屬用品之加工製造買賣。<br>電腦軟硬體系統工程、週邊器材零組件買賣暨軟硬體裝備器材之買賣<br>有關前各項之進出口貿易業務。",
        "website_url": "http://www.stshine.com.tw",
        "ceo": "周育然",
        "pe_ratio": 16,
        "report_year_from": 2001,
        "report_year_to": 2023,
        "age": 23,
        "eps_negative_percentage": 0,
        "eps_growth_avg": {
            "last_all": 12.4,
            "last_2y": -7.43,
            "last_4y": -17.43,
            "last_8y": -8.69,
            "last_12y": -0.91,
            "last_16y": 4.15,
            "last_20y": 12.4,
            "at_2006_last_3y": 47.47,
            "at_2007_last_3y": 29.69,
            "at_2008_last_3y": 24.3,
            "at_2009_last_3y": 20.48,
            "at_2010_last_3y": 20.57,
            "at_2011_last_3y": 18.95,
            "at_2012_last_3y": 21.45,
            "at_2013_last_3y": 26.88,
            "at_2014_last_3y": 16.61,
            "at_2015_last_3y": 9.15,
            "at_2016_last_3y": 11.46,
            "at_2017_last_3y": 0.62,
            "at_2018_last_3y": 2.23,
            "at_2019_last_3y": -1.6,
            "at_2020_last_3y": -17.64,
            "at_2021_last_3y": -8.19,
            "at_2022_last_3y": -7.55,
            "at_2023_last_3y": -16.09,
            "at_2024_last_3y": -16.09,
            "at_2006_last_all": 47.47,
            "at_2007_last_all": 43.75,
            "at_2008_last_all": 36.94,
            "at_2009_last_all": 33.23,
            "at_2010_last_all": 34.02,
            "at_2011_last_all": 32.73,
            "at_2012_last_all": 30.74,
            "at_2013_last_all": 30.92,
            "at_2014_last_all": 28.22,
            "at_2015_last_all": 25.47,
            "at_2016_last_all": 25.23,
            "at_2017_last_all": 22.84,
            "at_2018_last_all": 21.72,
            "at_2019_last_all": 19.1,
            "at_2020_last_all": 15.7,
            "at_2021_last_all": 16.31,
            "at_2022_last_all": 15.87,
            "at_2023_last_all": 12.4,
            "at_2024_last_all": 12.4
        },
        "latest_eps": 12.25,
        "latest_price": 192.5,
        "latest_roe": 10.21,
        "latest_gross_margin": 16.87,
        "latest_equity": 6027007,
        "latest_revenue": 1053828,
        "latest_gross_profit": 177814,
        "latest_net_income": 137879,
        "latest_debt_ratio": 20.55,
        "latest_current_ratio": 316.42,
        "latest_account_receivable_turnover_ratio": 1.7,
        "latest_inventory_turnover_ratio": 0.69,
        "latest_reinvestment_rate": -16.69,
        "latest_research_to_sale_ratio": 1.46
    },
    "eps_dividends": {
        "2001": {
            "cash": 0,
            "stock": 0,
            "eps": 0
        },
        "2002": {
            "cash": 0,
            "stock": 2,
            "eps": 1.91
        },
        "2003": {
            "cash": 0,
            "stock": 2,
            "eps": 3.85
        },
        "2004": {
            "cash": 1.5,
            "stock": 1,
            "eps": 4.79
        },
        "2005": {
            "cash": 2.2,
            "stock": 0.5,
            "eps": 6.05
        },
        "2006": {
            "cash": 3.3,
            "stock": 0.5,
            "eps": 8.42
        },
        "2007": {
            "cash": 4.8,
            "stock": 0.5,
            "eps": 10.85
        },
        "2008": {
            "cash": 7.5,
            "stock": 0,
            "eps": 11.16
        },
        "2009": {
            "cash": 8,
            "stock": 0.02,
            "eps": 12.39
        },
        "2010": {
            "cash": 10.5,
            "stock": 0,
            "eps": 17.29
        },
        "2011": {
            "cash": 14.5,
            "stock": 0,
            "eps": 21.16
        },
        "2012": {
            "cash": 15.5,
            "stock": 0,
            "eps": 23.88
        },
        "2013": {
            "cash": 17.5,
            "stock": 0,
            "eps": 31.7
        },
        "2014": {
            "cash": 22.5,
            "stock": 0,
            "eps": 31.21
        },
        "2015": {
            "cash": 23.85,
            "stock": 0,
            "eps": 28.88
        },
        "2016": {
            "cash": 23.5,
            "stock": 0,
            "eps": 35.26
        },
        "2017": {
            "cash": 27,
            "stock": 0,
            "eps": 31.52
        },
        "2018": {
            "cash": 25,
            "stock": 0,
            "eps": 33.07
        },
        "2019": {
            "cash": 26.5,
            "stock": 0,
            "eps": 25.53
        },
        "2020": {
            "cash": 18,
            "stock": 0,
            "eps": 14.79
        },
        "2021": {
            "cash": 12,
            "stock": 0,
            "eps": 18.81
        },
        "2022": {
            "cash": 15,
            "stock": 0,
            "eps": 20.22
        },
        "2023": {
            "cash": 13.5,
            "stock": 0,
            "eps": 8.7
        }
    },
    "dividends": {
        "2002-04-16": {
            "cash": 0,
            "stock": 2
        },
        "2003-06-12": {
            "cash": 0,
            "stock": 2
        },
        "2004-03-04": {
            "cash": 1.5,
            "stock": 1
        },
        "2005-04-08": {
            "cash": 2.2,
            "stock": 0.5
        },
        "2006-03-27": {
            "cash": 3.3,
            "stock": 0.5
        },
        "2007-03-23": {
            "cash": 4.8,
            "stock": 0.5
        },
        "2008-03-18": {
            "cash": 7.5,
            "stock": 0
        },
        "2009-03-23": {
            "cash": 8,
            "stock": 0.02
        },
        "2010-03-22": {
            "cash": 10.5,
            "stock": 0
        },
        "2011-03-17": {
            "cash": 14.5,
            "stock": 0
        },
        "2012-03-15": {
            "cash": 15.5,
            "stock": 0
        },
        "2013-06-10": {
            "cash": 17.5,
            "stock": 0
        },
        "2014-09-18": {
            "cash": 22.5,
            "stock": 0
        },
        "2015-09-08": {
            "cash": 23.85,
            "stock": 0
        },
        "2016-08-19": {
            "cash": 23.5,
            "stock": 0
        },
        "2017-09-08": {
            "cash": 27,
            "stock": 0
        },
        "2018-08-30": {
            "cash": 25,
            "stock": 0
        },
        "2019-09-25": {
            "cash": 26.5,
            "stock": 0
        },
        "2020-09-30": {
            "cash": 18,
            "stock": 0
        },
        "2021-09-28": {
            "cash": 12,
            "stock": 0
        },
        "2022-09-19": {
            "cash": 15,
            "stock": 0
        },
        "2023-09-15": {
            "cash": 13.5,
            "stock": 0
        }
    },
    "prices": {
        "200101": "無",
        "200102": "無",
        "200103": "無",
        "200104": "無",
        "200105": "無",
        "200106": "無",
        "200107": "無",
        "200108": "無",
        "200109": "無",
        "200110": "無",
        "200111": "無",
        "200112": "無",
        "200201": "無",
        "200202": "無",
        "200203": "無",
        "200204": "無",
        "200205": "無",
        "200206": "無",
        "200207": "無",
        "200208": "無",
        "200209": "無",
        "200210": "無",
        "200211": "無",
        "200212": "無",
        "200301": "無",
        "200302": "無",
        "200303": "無",
        "200304": "無",
        "200305": "無",
        "200306": "無",
        "200307": "無",
        "200308": "無",
        "200309": "無",
        "200310": "41.00",
        "200311": "44.01",
        "200312": "47.50",
        "200401": "42.48",
        "200402": "49.76",
        "200403": "48.55",
        "200404": "42.88",
        "200405": "36.98",
        "200406": "35.95",
        "200407": "31.10",
        "200408": "30.28",
        "200409": "30.90",
        "200410": "30.44",
        "200411": "36.77",
        "200412": "42.07",
        "200501": "49.00",
        "200502": "61.08",
        "200503": "57.50",
        "200504": "49.62",
        "200505": "55.21",
        "200506": "56.35",
        "200507": "64.28",
        "200508": "75.79",
        "200509": "72.01",
        "200510": "64.58",
        "200511": "63.74",
        "200512": "68.22",
        "200601": "76.34",
        "200602": "79.13",
        "200603": "91.91",
        "200604": "99.16",
        "200605": "107.10",
        "200606": "98.55",
        "200607": "106.43",
        "200608": "107.54",
        "200609": "104.48",
        "200610": "115.75",
        "200611": "130.86",
        "200612": "139.79",
        "200701": "138.23",
        "200702": "136.92",
        "200703": "131.70",
        "200704": "128.88",
        "200705": "145.73",
        "200706": "151.38",
        "200707": "165.09",
        "200708": "146.91",
        "200709": "143.72",
        "200710": "148.57",
        "200711": "150.75",
        "200712": "141.60",
        "200801": "129.20",
        "200802": "124.75",
        "200803": "130.14",
        "200804": "146.33",
        "200805": "148.93",
        "200806": "141.64",
        "200807": "141.98",
        "200808": "135.24",
        "200809": "124.05",
        "200810": "105.63",
        "200811": "103.95",
        "200812": "104.33",
        "200901": "105.90",
        "200902": "108.50",
        "200903": "117.77",
        "200904": "123.27",
        "200905": "126.33",
        "200906": "125.98",
        "200907": "138.98",
        "200908": "142.00",
        "200909": "149.50",
        "200910": "169.86",
        "200911": "183.10",
        "200912": "184.76",
        "201001": "195.62",
        "201002": "194.04",
        "201003": "214.07",
        "201004": "234.33",
        "201005": "242.62",
        "201006": "247.33",
        "201007": "275.95",
        "201008": "285.43",
        "201009": "321.90",
        "201010": "336.71",
        "201011": "362.52",
        "201012": "400.00",
        "201101": "383.00",
        "201102": "376.29",
        "201103": "363.41",
        "201104": "405.61",
        "201105": "407.93",
        "201106": "418.55",
        "201107": "433.02",
        "201108": "402.91",
        "201109": "384.14",
        "201110": "379.42",
        "201111": "369.16",
        "201112": "313.30",
        "201201": "301.00",
        "201202": "352.10",
        "201203": "388.22",
        "201204": "366.40",
        "201205": "332.14",
        "201206": "319.55",
        "201207": "345.64",
        "201208": "351.77",
        "201209": "364.38",
        "201210": "398.45",
        "201211": "420.18",
        "201212": "439.48",
        "201301": "445.18",
        "201302": "506.15",
        "201303": "568.86",
        "201304": "599.55",
        "201305": "674.27",
        "201306": "710.74",
        "201307": "843.96",
        "201308": "813.95",
        "201309": "827.30",
        "201310": "861.77",
        "201311": "872.24",
        "201312": "853.32",
        "201401": "813.22",
        "201402": "808.41",
        "201403": "755.00",
        "201404": "666.95",
        "201405": "717.33",
        "201406": "727.25",
        "201407": "657.86",
        "201408": "613.62",
        "201409": "651.62",
        "201410": "548.80",
        "201411": "490.50",
        "201412": "519.29",
        "201501": "518.85",
        "201502": "487.12",
        "201503": "515.45",
        "201504": "530.65",
        "201505": "541.80",
        "201506": "516.00",
        "201507": "461.07",
        "201508": "357.00",
        "201509": "388.18",
        "201510": "474.00",
        "201511": "588.33",
        "201512": "646.39",
        "201601": "624.95",
        "201602": "637.00",
        "201603": "598.65",
        "201604": "637.63",
        "201605": "662.95",
        "201606": "701.57",
        "201607": "758.40",
        "201608": "758.52",
        "201609": "767.74",
        "201610": "714.15",
        "201611": "626.86",
        "201612": "617.68",
        "201701": "600.81",
        "201702": "558.67",
        "201703": "577.83",
        "201704": "583.94",
        "201705": "567.80",
        "201706": "617.70",
        "201707": "629.81",
        "201708": "654.57",
        "201709": "654.73",
        "201710": "681.58",
        "201711": "826.18",
        "201712": "912.29",
        "201801": "956.45",
        "201802": "893.23",
        "201803": "872.57",
        "201804": "813.11",
        "201805": "790.23",
        "201806": "733.80",
        "201807": "632.05",
        "201808": "658.17",
        "201809": "641.63",
        "201810": "551.64",
        "201811": "531.77",
        "201812": "553.76",
        "201901": "553.14",
        "201902": "586.08",
        "201903": "581.35",
        "201904": "588.90",
        "201905": "540.86",
        "201906": "551.00",
        "201907": "539.83",
        "201908": "489.24",
        "201909": "444.55",
        "201910": "445.45",
        "201911": "456.79",
        "201912": "470.68",
        "202001": "431.43",
        "202002": "405.42",
        "202003": "332.43",
        "202004": "325.90",
        "202005": "360.18",
        "202006": "359.98",
        "202007": "339.76",
        "202008": "295.79",
        "202009": "276.18",
        "202010": "268.50",
        "202011": "280.29",
        "202012": "286.65",
        "202101": "272.35",
        "202102": "272.12",
        "202103": "303.59",
        "202104": "328.18",
        "202105": "287.45",
        "202106": "318.21",
        "202107": "365.89",
        "202108": "351.95",
        "202109": "338.35",
        "202110": "288.32",
        "202111": "304.27",
        "202112": "311.45",
        "202201": "303.14",
        "202202": "291.27",
        "202203": "285.33",
        "202204": "276.76",
        "202205": "271.26",
        "202206": "271.17",
        "202207": "257.29",
        "202208": "264.37",
        "202209": "252.00",
        "202210": "217.08",
        "202211": "230.43",
        "202212": "248.20",
        "202301": "251.27",
        "202302": "258.14",
        "202303": "261.54",
        "202304": "255.15",
        "202305": "240.66",
        "202306": "235.30",
        "202307": "220.55",
        "202308": "204.34",
        "202309": "194.42",
        "202310": "186.68",
        "202311": "187.61",
        "202312": "191.02"
    },
    "quarters": {
        "20011": {
            "year_quarter": 20011,
            "year": 2001,
            "quarter": 1,
            "eps": null,
            "eps_growth_year": null,
            "eps_4q": null,
            "eps_4q_growth_year": null,
            "roe": null,
            "roe_4q": 0,
            "gross_profit": null,
            "gross_margin": null,
            "gross_margin_4q_avg": 0,
            "net_income": null,
            "net_income_4q": null,
            "revenue": null,
            "revenue_4q": null,
            "common_shares": null,
            "book_valuer_per_share": null,
            "book_valuer_per_share_4q_avg": 0,
            "equity": null,
            "current_ratio": null,
            "debt_ratio": null,
            "inventory_turnover_ratio": null,
            "account_receivable_turnover_ratio": null,
            "reinvestment_rate": null,
            "research_to_sale_ratio": null,
            "price_fair": 0,
            "eps_avg_yearly": 0,
            "eps_latest_yearly": 0,
            "eps_growth_yearly": 0
        },
        "20012": {
            "year_quarter": 20012,
            "year": 2001,
            "quarter": 2,
            "eps": null,
            "eps_growth_year": null,
            "eps_4q": null,
            "eps_4q_growth_year": null,
            "roe": null,
            "roe_4q": 0,
            "gross_profit": null,
            "gross_margin": null,
            "gross_margin_4q_avg": 0,
            "net_income": null,
            "net_income_4q": null,
            "revenue": null,
            "revenue_4q": null,
            "common_shares": null,
            "book_valuer_per_share": null,
            "book_valuer_per_share_4q_avg": 0,
            "equity": null,
            "current_ratio": null,
            "debt_ratio": null,
            "inventory_turnover_ratio": null,
            "account_receivable_turnover_ratio": null,
            "reinvestment_rate": null,
            "research_to_sale_ratio": null,
            "price_fair": 0,
            "eps_avg_yearly": 0,
            "eps_latest_yearly": 0,
            "eps_growth_yearly": 0
        },
        "20013": {
            "year_quarter": 20013,
            "year": 2001,
            "quarter": 3,
            "eps": null,
            "eps_growth_year": null,
            "eps_4q": null,
            "eps_4q_growth_year": null,
            "roe": null,
            "roe_4q": 0,
            "gross_profit": null,
            "gross_margin": null,
            "gross_margin_4q_avg": 0,
            "net_income": null,
            "net_income_4q": null,
            "revenue": null,
            "revenue_4q": null,
            "common_shares": null,
            "book_valuer_per_share": null,
            "book_valuer_per_share_4q_avg": 0,
            "equity": null,
            "current_ratio": null,
            "debt_ratio": null,
            "inventory_turnover_ratio": null,
            "account_receivable_turnover_ratio": null,
            "reinvestment_rate": null,
            "research_to_sale_ratio": null,
            "price_fair": 0,
            "eps_avg_yearly": 0,
            "eps_latest_yearly": 0,
            "eps_growth_yearly": 0
        },
        "20014": {
            "year_quarter": 20014,
            "year": 2001,
            "quarter": 4,
            "eps": null,
            "eps_growth_year": null,
            "eps_4q": null,
            "eps_4q_growth_year": null,
            "roe": null,
            "roe_4q": 0,
            "gross_profit": null,
            "gross_margin": null,
            "gross_margin_4q_avg": 0,
            "net_income": null,
            "net_income_4q": null,
            "revenue": null,
            "revenue_4q": null,
            "common_shares": 203600,
            "book_valuer_per_share": 20.48,
            "book_valuer_per_share_4q_avg": 5.12,
            "equity": 417066,
            "current_ratio": 556.61,
            "debt_ratio": 22.44,
            "inventory_turnover_ratio": null,
            "account_receivable_turnover_ratio": null,
            "reinvestment_rate": null,
            "research_to_sale_ratio": null,
            "price_fair": 0,
            "eps_avg_yearly": 0,
            "eps_latest_yearly": 0,
            "eps_growth_yearly": 0
        },
        "20021": {
            "year_quarter": 20021,
            "year": 2002,
            "quarter": 1,
            "eps": null,
            "eps_growth_year": null,
            "eps_4q": null,
            "eps_4q_growth_year": null,
            "roe": null,
            "roe_4q": 0,
            "gross_profit": null,
            "gross_margin": null,
            "gross_margin_4q_avg": 0,
            "net_income": null,
            "net_income_4q": null,
            "revenue": null,
            "revenue_4q": null,
            "common_shares": null,
            "book_valuer_per_share": null,
            "book_valuer_per_share_4q_avg": 5.12,
            "equity": null,
            "current_ratio": null,
            "debt_ratio": null,
            "inventory_turnover_ratio": null,
            "account_receivable_turnover_ratio": null,
            "reinvestment_rate": null,
            "research_to_sale_ratio": null,
            "price_fair": 0,
            "eps_avg_yearly": 0,
            "eps_latest_yearly": 0,
            "eps_growth_yearly": 0
        },
        "20022": {
            "year_quarter": 20022,
            "year": 2002,
            "quarter": 2,
            "eps": null,
            "eps_growth_year": null,
            "eps_4q": null,
            "eps_4q_growth_year": null,
            "roe": null,
            "roe_4q": 0,
            "gross_profit": null,
            "gross_margin": null,
            "gross_margin_4q_avg": 0,
            "net_income": null,
            "net_income_4q": null,
            "revenue": null,
            "revenue_4q": null,
            "common_shares": null,
            "book_valuer_per_share": null,
            "book_valuer_per_share_4q_avg": 5.12,
            "equity": null,
            "current_ratio": null,
            "debt_ratio": null,
            "inventory_turnover_ratio": null,
            "account_receivable_turnover_ratio": null,
            "reinvestment_rate": null,
            "research_to_sale_ratio": null,
            "price_fair": 0,
            "eps_avg_yearly": 0,
            "eps_latest_yearly": 0,
            "eps_growth_yearly": 0
        },
        "20023": {
            "year_quarter": 20023,
            "year": 2002,
            "quarter": 3,
            "eps": 0.92,
            "eps_growth_year": null,
            "eps_4q": null,
            "eps_4q_growth_year": null,
            "roe": 5.18,
            "roe_4q": 5.18,
            "gross_profit": 54639,
            "gross_margin": 58.06,
            "gross_margin_4q_avg": 14.52,
            "net_income": 23334,
            "net_income_4q": null,
            "revenue": 94104,
            "revenue_4q": null,
            "common_shares": 253600,
            "book_valuer_per_share": 17.77,
            "book_valuer_per_share_4q_avg": 9.56,
            "equity": 450530,
            "current_ratio": 496.2,
            "debt_ratio": 20.94,
            "inventory_turnover_ratio": 0.28,
            "account_receivable_turnover_ratio": null,
            "reinvestment_rate": null,
            "research_to_sale_ratio": null,
            "price_fair": 0,
            "eps_avg_yearly": 0,
            "eps_latest_yearly": 0,
            "eps_growth_yearly": 0
        },
        "20024": {
            "year_quarter": 20024,
            "year": 2002,
            "quarter": 4,
            "eps": 0.99,
            "eps_growth_year": null,
            "eps_4q": null,
            "eps_4q_growth_year": null,
            "roe": 5.16,
            "roe_4q": 10.34,
            "gross_profit": 75361,
            "gross_margin": 58.2,
            "gross_margin_4q_avg": 29.07,
            "net_income": 25090,
            "net_income_4q": null,
            "revenue": 129497,
            "revenue_4q": null,
            "common_shares": 253600,
            "book_valuer_per_share": 18.77,
            "book_valuer_per_share_4q_avg": 9.14,
            "equity": 522823,
            "current_ratio": 452.93,
            "debt_ratio": 24.69,
            "inventory_turnover_ratio": 0.4,
            "account_receivable_turnover_ratio": null,
            "reinvestment_rate": null,
            "research_to_sale_ratio": null,
            "price_fair": 138.6,
            "eps_avg_yearly": 3.96,
            "eps_latest_yearly": 3.96,
            "eps_growth_yearly": 30.43
        },
        "20031": {
            "year_quarter": 20031,
            "year": 2003,
            "quarter": 1,
            "eps": 1.41,
            "eps_growth_year": null,
            "eps_4q": null,
            "eps_4q_growth_year": null,
            "roe": 6.94,
            "roe_4q": 17.28,
            "gross_profit": 78115,
            "gross_margin": 56.82,
            "gross_margin_4q_avg": 43.27,
            "net_income": 35793,
            "net_income_4q": null,
            "revenue": 137466,
            "revenue_4q": null,
            "common_shares": 253600,
            "book_valuer_per_share": 20.05,
            "book_valuer_per_share_4q_avg": 14.15,
            "equity": 508478,
            "current_ratio": 349.72,
            "debt_ratio": 26.76,
            "inventory_turnover_ratio": 0.48,
            "account_receivable_turnover_ratio": null,
            "reinvestment_rate": null,
            "research_to_sale_ratio": null,
            "price_fair": 168,
            "eps_avg_yearly": 4.8,
            "eps_latest_yearly": 5.64,
            "eps_growth_yearly": 100.07
        },
        "20032": {
            "year_quarter": 20032,
            "year": 2003,
            "quarter": 2,
            "eps": 0.31,
            "eps_growth_year": null,
            "eps_4q": 3.63,
            "eps_4q_growth_year": null,
            "roe": 1.53,
            "roe_4q": 18.810000000000002,
            "gross_profit": 74137,
            "gross_margin": 63.99,
            "gross_margin_4q_avg": 59.27,
            "net_income": 7853,
            "net_income_4q": null,
            "revenue": 115864,
            "revenue_4q": null,
            "common_shares": 253600,
            "book_valuer_per_share": 20.45,
            "book_valuer_per_share_4q_avg": 19.26,
            "equity": 518644,
            "current_ratio": 292.98,
            "debt_ratio": 29,
            "inventory_turnover_ratio": 0.34,
            "account_receivable_turnover_ratio": null,
            "reinvestment_rate": null,
            "research_to_sale_ratio": null,
            "price_fair": 10.84,
            "eps_avg_yearly": 3.61,
            "eps_latest_yearly": 1.24,
            "eps_growth_yearly": -37.31
        },
        "20033": {
            "year_quarter": 20033,
            "year": 2003,
            "quarter": 3,
            "eps": 1.43,
            "eps_growth_year": 55.43,
            "eps_4q": 3.65,
            "eps_4q_growth_year": null,
            "roe": 8.01,
            "roe_4q": 21.64,
            "gross_profit": 102294,
            "gross_margin": 63.67,
            "gross_margin_4q_avg": 60.67,
            "net_income": 44225,
            "net_income_4q": null,
            "revenue": 160662,
            "revenue_4q": null,
            "common_shares": 322120,
            "book_valuer_per_share": 18.18,
            "book_valuer_per_share_4q_avg": 19.36,
            "equity": 585558,
            "current_ratio": 303.76,
            "debt_ratio": 29.33,
            "inventory_turnover_ratio": 0.46,
            "account_receivable_turnover_ratio": null,
            "reinvestment_rate": null,
            "research_to_sale_ratio": null,
            "price_fair": 144.9,
            "eps_avg_yearly": 4.14,
            "eps_latest_yearly": 5.72,
            "eps_growth_yearly": 333.31
        },
        "20034": {
            "year_quarter": 20034,
            "year": 2003,
            "quarter": 4,
            "eps": 0.7,
            "eps_growth_year": -29.29,
            "eps_4q": 3.5,
            "eps_4q_growth_year": null,
            "roe": 3.67,
            "roe_4q": 20.15,
            "gross_profit": 80588,
            "gross_margin": 60.72,
            "gross_margin_4q_avg": 61.3,
            "net_income": 21985,
            "net_income_4q": null,
            "revenue": 132721,
            "revenue_4q": null,
            "common_shares": 322120,
            "book_valuer_per_share": 18.9,
            "book_valuer_per_share_4q_avg": 19.4,
            "equity": 612776,
            "current_ratio": 407.17,
            "debt_ratio": 24.49,
            "inventory_turnover_ratio": 0.38,
            "account_receivable_turnover_ratio": null,
            "reinvestment_rate": null,
            "research_to_sale_ratio": null,
            "price_fair": 135.52,
            "eps_avg_yearly": 3.87,
            "eps_latest_yearly": 2.8,
            "eps_growth_yearly": 225.81
        },
        "20041": {
            "year_quarter": 20041,
            "year": 2004,
            "quarter": 1,
            "eps": 0.98,
            "eps_growth_year": -30.5,
            "eps_4q": 3.28,
            "eps_4q_growth_year": null,
            "roe": 5.04,
            "roe_4q": 18.25,
            "gross_profit": 103354,
            "gross_margin": 60.96,
            "gross_margin_4q_avg": 62.34,
            "net_income": 31535,
            "net_income_4q": null,
            "revenue": 169537,
            "revenue_4q": null,
            "common_shares": 322120,
            "book_valuer_per_share": 19.82,
            "book_valuer_per_share_4q_avg": 19.34,
            "equity": 638518,
            "current_ratio": 299.1,
            "debt_ratio": 30.75,
            "inventory_turnover_ratio": 0.49,
            "account_receivable_turnover_ratio": null,
            "reinvestment_rate": null,
            "research_to_sale_ratio": null,
            "price_fair": 135.8,
            "eps_avg_yearly": 3.88,
            "eps_latest_yearly": 3.92,
            "eps_growth_yearly": 214.84
        },
        "20042": {
            "year_quarter": 20042,
            "year": 2004,
            "quarter": 2,
            "eps": 1.05,
            "eps_growth_year": 238.71,
            "eps_4q": 4.07,
            "eps_4q_growth_year": 12.03,
            "roe": 5.38,
            "roe_4q": 22.1,
            "gross_profit": 102740,
            "gross_margin": 63.01,
            "gross_margin_4q_avg": 62.09,
            "net_income": 33964,
            "net_income_4q": null,
            "revenue": 163052,
            "revenue_4q": null,
            "common_shares": 322120,
            "book_valuer_per_share": 19.34,
            "book_valuer_per_share_4q_avg": 19.06,
            "equity": 623009,
            "current_ratio": 220.58,
            "debt_ratio": 37.62,
            "inventory_turnover_ratio": 0.49,
            "account_receivable_turnover_ratio": null,
            "reinvestment_rate": null,
            "research_to_sale_ratio": null,
            "price_fair": 137.4,
            "eps_avg_yearly": 3.93,
            "eps_latest_yearly": 4.2,
            "eps_growth_yearly": 188.23
        },
        "20043": {
            "year_quarter": 20043,
            "year": 2004,
            "quarter": 3,
            "eps": 1.4,
            "eps_growth_year": -2.1,
            "eps_4q": 3.81,
            "eps_4q_growth_year": 4.21,
            "roe": 7.85,
            "roe_4q": 21.939999999999998,
            "gross_profit": 112260,
            "gross_margin": 63.59,
            "gross_margin_4q_avg": 62.07,
            "net_income": 50897,
            "net_income_4q": null,
            "revenue": 176526,
            "revenue_4q": null,
            "common_shares": 363280,
            "book_valuer_per_share": 18.56,
            "book_valuer_per_share_4q_avg": 19.16,
            "equity": 674322,
            "current_ratio": 248.27,
            "debt_ratio": 29.29,
            "inventory_turnover_ratio": 0.5,
            "account_receivable_turnover_ratio": null,
            "reinvestment_rate": null,
            "research_to_sale_ratio": null,
            "price_fair": 144.73,
            "eps_avg_yearly": 4.14,
            "eps_latest_yearly": 5.6,
            "eps_growth_yearly": 181.37
        },
        "20044": {
            "year_quarter": 20044,
            "year": 2004,
            "quarter": 4,
            "eps": 1.36,
            "eps_growth_year": 94.29,
            "eps_4q": 4.57,
            "eps_4q_growth_year": 30.77,
            "roe": 7.07,
            "roe_4q": 25.34,
            "gross_profit": 132364,
            "gross_margin": 61.35,
            "gross_margin_4q_avg": 62.23,
            "net_income": 49254,
            "net_income_4q": null,
            "revenue": 215766,
            "revenue_4q": null,
            "common_shares": 363280,
            "book_valuer_per_share": 19.77,
            "book_valuer_per_share_4q_avg": 19.37,
            "equity": 718134,
            "current_ratio": 254.1,
            "debt_ratio": 29.27,
            "inventory_turnover_ratio": 0.59,
            "account_receivable_turnover_ratio": null,
            "reinvestment_rate": null,
            "research_to_sale_ratio": null,
            "price_fair": 149.8,
            "eps_avg_yearly": 4.28,
            "eps_latest_yearly": 5.44,
            "eps_growth_yearly": 159.95
        },
        "20051": {
            "year_quarter": 20051,
            "year": 2005,
            "quarter": 1,
            "eps": 1.24,
            "eps_growth_year": 26.53,
            "eps_4q": 4.94,
            "eps_4q_growth_year": 50.54,
            "roe": 6.07,
            "roe_4q": 26.37,
            "gross_profit": 120241,
            "gross_margin": 61.18,
            "gross_margin_4q_avg": 62.28,
            "net_income": 44944,
            "net_income_4q": null,
            "revenue": 196524,
            "revenue_4q": null,
            "common_shares": 363280,
            "book_valuer_per_share": 20.97,
            "book_valuer_per_share_4q_avg": 19.66,
            "equity": 761624,
            "current_ratio": 249.78,
            "debt_ratio": 29.19,
            "inventory_turnover_ratio": 0.52,
            "account_receivable_turnover_ratio": null,
            "reinvestment_rate": null,
            "research_to_sale_ratio": null,
            "price_fair": 152.18,
            "eps_avg_yearly": 4.35,
            "eps_latest_yearly": 4.96,
            "eps_growth_yearly": 140.42
        },
        "20052": {
            "year_quarter": 20052,
            "year": 2005,
            "quarter": 2,
            "eps": 1.3,
            "eps_growth_year": 23.81,
            "eps_4q": 5.24,
            "eps_4q_growth_year": 28.62,
            "roe": 6.07,
            "roe_4q": 27.060000000000002,
            "gross_profit": 131206,
            "gross_margin": 63.1,
            "gross_margin_4q_avg": 62.31,
            "net_income": 47909,
            "net_income_4q": null,
            "revenue": 207944,
            "revenue_4q": null,
            "common_shares": 388280,
            "book_valuer_per_share": 21.04,
            "book_valuer_per_share_4q_avg": 20.09,
            "equity": 817068,
            "current_ratio": 209.16,
            "debt_ratio": 33.57,
            "inventory_turnover_ratio": 0.46,
            "account_receivable_turnover_ratio": null,
            "reinvestment_rate": null,
            "research_to_sale_ratio": null,
            "price_fair": 154.89,
            "eps_avg_yearly": 4.43,
            "eps_latest_yearly": 5.2,
            "eps_growth_yearly": 129.42
        },
        "20053": {
            "year_quarter": 20053,
            "year": 2005,
            "quarter": 3,
            "eps": 1.71,
            "eps_growth_year": 22.14,
            "eps_4q": 5.28,
            "eps_4q_growth_year": 38.64,
            "roe": 7.99,
            "roe_4q": 27.200000000000003,
            "gross_profit": 150524,
            "gross_margin": 59.66,
            "gross_margin_4q_avg": 61.32,
            "net_income": 68125,
            "net_income_4q": null,
            "revenue": 252307,
            "revenue_4q": null,
            "common_shares": 409900,
            "book_valuer_per_share": 21.68,
            "book_valuer_per_share_4q_avg": 20.87,
            "equity": 888474,
            "current_ratio": 216.86,
            "debt_ratio": 32.86,
            "inventory_turnover_ratio": 0.54,
            "account_receivable_turnover_ratio": null,
            "reinvestment_rate": null,
            "research_to_sale_ratio": null,
            "price_fair": 161.93,
            "eps_avg_yearly": 4.63,
            "eps_latest_yearly": 6.84,
            "eps_growth_yearly": 129.14
        },
        "20054": {
            "year_quarter": 20054,
            "year": 2005,
            "quarter": 4,
            "eps": 1.8,
            "eps_growth_year": 32.35,
            "eps_4q": 5.82,
            "eps_4q_growth_year": 27.19,
            "roe": 7.77,
            "roe_4q": 27.9,
            "gross_profit": 166947,
            "gross_margin": 56.09,
            "gross_margin_4q_avg": 60.01,
            "net_income": 72122,
            "net_income_4q": null,
            "revenue": 297623,
            "revenue_4q": null,
            "common_shares": 409900,
            "book_valuer_per_share": 23.59,
            "book_valuer_per_share_4q_avg": 21.82,
            "equity": 966821,
            "current_ratio": 234.75,
            "debt_ratio": 28.69,
            "inventory_turnover_ratio": 0.67,
            "account_receivable_turnover_ratio": null,
            "reinvestment_rate": null,
            "research_to_sale_ratio": null,
            "price_fair": 168.86,
            "eps_avg_yearly": 4.82,
            "eps_latest_yearly": 7.2,
            "eps_growth_yearly": 120.83
        },
        "20061": {
            "year_quarter": 20061,
            "year": 2006,
            "quarter": 1,
            "eps": 1.9,
            "eps_growth_year": 53.23,
            "eps_4q": 6.42,
            "eps_4q_growth_year": 29.94,
            "roe": 7.86,
            "roe_4q": 29.689999999999998,
            "gross_profit": 188140,
            "gross_margin": 55.48,
            "gross_margin_4q_avg": 58.58,
            "net_income": 79104,
            "net_income_4q": null,
            "revenue": 339131,
            "revenue_4q": null,
            "common_shares": 416635,
            "book_valuer_per_share": 25.1,
            "book_valuer_per_share_4q_avg": 22.85,
            "equity": 1045923,
            "current_ratio": 331.03,
            "debt_ratio": 28.41,
            "inventory_turnover_ratio": 0.81,
            "account_receivable_turnover_ratio": null,
            "reinvestment_rate": null,
            "research_to_sale_ratio": null,
            "price_fair": 175.8,
            "eps_avg_yearly": 5.02,
            "eps_latest_yearly": 7.6,
            "eps_growth_yearly": 113.79
        },
        "20062": {
            "year_quarter": 20062,
            "year": 2006,
            "quarter": 2,
            "eps": 2,
            "eps_growth_year": 53.85,
            "eps_4q": 7.27,
            "eps_4q_growth_year": 38.78,
            "roe": 8.25,
            "roe_4q": 31.869999999999997,
            "gross_profit": 185416,
            "gross_margin": 52.11,
            "gross_margin_4q_avg": 55.84,
            "net_income": 83272,
            "net_income_4q": null,
            "revenue": 355850,
            "revenue_4q": null,
            "common_shares": 416635,
            "book_valuer_per_share": 23.34,
            "book_valuer_per_share_4q_avg": 23.43,
            "equity": 972550,
            "current_ratio": 131.49,
            "debt_ratio": 45.19,
            "inventory_turnover_ratio": 1,
            "account_receivable_turnover_ratio": null,
            "reinvestment_rate": 113.48,
            "research_to_sale_ratio": null,
            "price_fair": 182.75,
            "eps_avg_yearly": 5.22,
            "eps_latest_yearly": 8,
            "eps_growth_yearly": 107.6
        },
        "20063": {
            "year_quarter": 20063,
            "year": 2006,
            "quarter": 3,
            "eps": 2.17,
            "eps_growth_year": 26.9,
            "eps_4q": 7.49,
            "eps_4q_growth_year": 42,
            "roe": 9.35,
            "roe_4q": 33.230000000000004,
            "gross_profit": 229414,
            "gross_margin": 57.56,
            "gross_margin_4q_avg": 55.31,
            "net_income": 95588,
            "net_income_4q": null,
            "revenue": 398591,
            "revenue_4q": null,
            "common_shares": 440767,
            "book_valuer_per_share": 24.34,
            "book_valuer_per_share_4q_avg": 24.09,
            "equity": 1072964,
            "current_ratio": 157.3,
            "debt_ratio": 40.62,
            "inventory_turnover_ratio": 0.91,
            "account_receivable_turnover_ratio": null,
            "reinvestment_rate": 71.99,
            "research_to_sale_ratio": null,
            "price_fair": 190.31,
            "eps_avg_yearly": 5.44,
            "eps_latest_yearly": 8.68,
            "eps_growth_yearly": 103
        },
        "20064": {
            "year_quarter": 20064,
            "year": 2006,
            "quarter": 4,
            "eps": 2.35,
            "eps_growth_year": 30.56,
            "eps_4q": 8.2,
            "eps_4q_growth_year": 40.91,
            "roe": 9.21,
            "roe_4q": 34.67,
            "gross_profit": 251369,
            "gross_margin": 60.42,
            "gross_margin_4q_avg": 56.39,
            "net_income": 103667,
            "net_income_4q": null,
            "revenue": 416063,
            "revenue_4q": null,
            "common_shares": 445592,
            "book_valuer_per_share": 26.44,
            "book_valuer_per_share_4q_avg": 24.81,
            "equity": 1177969,
            "current_ratio": 234.98,
            "debt_ratio": 38.97,
            "inventory_turnover_ratio": 0.76,
            "account_receivable_turnover_ratio": null,
            "reinvestment_rate": 68.54,
            "research_to_sale_ratio": null,
            "price_fair": 202.21,
            "eps_avg_yearly": 5.78,
            "eps_latest_yearly": 9.4,
            "eps_growth_yearly": 103.18
        },
        "20071": {
            "year_quarter": 20071,
            "year": 2007,
            "quarter": 1,
            "eps": 2.4,
            "eps_growth_year": 26.32,
            "eps_4q": 8.33,
            "eps_4q_growth_year": 29.83,
            "roe": 8.19,
            "roe_4q": 35,
            "gross_profit": 237246,
            "gross_margin": 58.8,
            "gross_margin_4q_avg": 57.22,
            "net_income": 114266,
            "net_income_4q": null,
            "revenue": 403511,
            "revenue_4q": null,
            "common_shares": 476342,
            "book_valuer_per_share": 33.87,
            "book_valuer_per_share_4q_avg": 27,
            "equity": 1613235,
            "current_ratio": 370.86,
            "debt_ratio": 34.6,
            "inventory_turnover_ratio": 0.75,
            "account_receivable_turnover_ratio": null,
            "reinvestment_rate": 72.06,
            "research_to_sale_ratio": null,
            "price_fair": 210.88,
            "eps_avg_yearly": 6.03,
            "eps_latest_yearly": 9.6,
            "eps_growth_yearly": 93.1
        },
        "20072": {
            "year_quarter": 20072,
            "year": 2007,
            "quarter": 2,
            "eps": 2.66,
            "eps_growth_year": 33,
            "eps_4q": 9.25,
            "eps_4q_growth_year": 27.26,
            "roe": 8.18,
            "roe_4q": 34.93,
            "gross_profit": 237426,
            "gross_margin": 58.69,
            "gross_margin_4q_avg": 58.87,
            "net_income": 126558,
            "net_income_4q": null,
            "revenue": 404574,
            "revenue_4q": null,
            "common_shares": 476342,
            "book_valuer_per_share": 31.08,
            "book_valuer_per_share_4q_avg": 28.93,
            "equity": 1480385,
            "current_ratio": 210.83,
            "debt_ratio": 44.25,
            "inventory_turnover_ratio": 0.74,
            "account_receivable_turnover_ratio": null,
            "reinvestment_rate": 73.77,
            "research_to_sale_ratio": null,
            "price_fair": 231.44,
            "eps_avg_yearly": 6.61,
            "eps_latest_yearly": 10.64,
            "eps_growth_yearly": 115.31
        },
        "20073": {
            "year_quarter": 20073,
            "year": 2007,
            "quarter": 3,
            "eps": 2.77,
            "eps_growth_year": 27.65,
            "eps_4q": 9.62,
            "eps_4q_growth_year": 28.32,
            "roe": 8.99,
            "roe_4q": 34.57,
            "gross_profit": 250112,
            "gross_margin": 60.75,
            "gross_margin_4q_avg": 59.67,
            "net_income": 139387,
            "net_income_4q": null,
            "revenue": 411736,
            "revenue_4q": null,
            "common_shares": 503159,
            "book_valuer_per_share": 32.19,
            "book_valuer_per_share_4q_avg": 30.9,
            "equity": 1619771,
            "current_ratio": 234.5,
            "debt_ratio": 40.93,
            "inventory_turnover_ratio": 0.6,
            "account_receivable_turnover_ratio": null,
            "reinvestment_rate": 67.82,
            "research_to_sale_ratio": null,
            "price_fair": 243.16,
            "eps_avg_yearly": 6.95,
            "eps_latest_yearly": 11.08,
            "eps_growth_yearly": 26.02
        },
        "20074": {
            "year_quarter": 20074,
            "year": 2007,
            "quarter": 4,
            "eps": 3.02,
            "eps_growth_year": 28.51,
            "eps_4q": 10.58,
            "eps_4q_growth_year": 29.05,
            "roe": 8.96,
            "roe_4q": 34.32,
            "gross_profit": 284481,
            "gross_margin": 55.14,
            "gross_margin_4q_avg": 58.35,
            "net_income": 151899,
            "net_income_4q": null,
            "revenue": 515926,
            "revenue_4q": null,
            "common_shares": 503159,
            "book_valuer_per_share": 35.2,
            "book_valuer_per_share_4q_avg": 33.09,
            "equity": 1770904,
            "current_ratio": 327.96,
            "debt_ratio": 31.04,
            "inventory_turnover_ratio": 0.77,
            "account_receivable_turnover_ratio": null,
            "reinvestment_rate": 59.91,
            "research_to_sale_ratio": null,
            "price_fair": 263.46,
            "eps_avg_yearly": 7.53,
            "eps_latest_yearly": 12.08,
            "eps_growth_yearly": 41.04
        },
        "20081": {
            "year_quarter": 20081,
            "year": 2008,
            "quarter": 1,
            "eps": 2.57,
            "eps_growth_year": 7.08,
            "eps_4q": 10.88,
            "eps_4q_growth_year": 30.52,
            "roe": 7.06,
            "roe_4q": 33.19,
            "gross_profit": 323684,
            "gross_margin": 59.49,
            "gross_margin_4q_avg": 58.52,
            "net_income": 129256,
            "net_income_4q": null,
            "revenue": 544105,
            "revenue_4q": null,
            "common_shares": 503159,
            "book_valuer_per_share": 37.58,
            "book_valuer_per_share_4q_avg": 34.01,
            "equity": 1890892,
            "current_ratio": 378.28,
            "debt_ratio": 28.41,
            "inventory_turnover_ratio": 0.74,
            "account_receivable_turnover_ratio": null,
            "reinvestment_rate": 53.61,
            "research_to_sale_ratio": null,
            "price_fair": 277.38,
            "eps_avg_yearly": 7.93,
            "eps_latest_yearly": 10.28,
            "eps_growth_yearly": 27.32
        },
        "20082": {
            "year_quarter": 20082,
            "year": 2008,
            "quarter": 2,
            "eps": 2.81,
            "eps_growth_year": 5.64,
            "eps_4q": 11.17,
            "eps_4q_growth_year": 20.74,
            "roe": 8.11,
            "roe_4q": 33.12,
            "gross_profit": 315034,
            "gross_margin": 57.33,
            "gross_margin_4q_avg": 58.18,
            "net_income": 141391,
            "net_income_4q": null,
            "revenue": 549533,
            "revenue_4q": null,
            "common_shares": 503159,
            "book_valuer_per_share": 31.76,
            "book_valuer_per_share_4q_avg": 34.18,
            "equity": 1598042,
            "current_ratio": 197.43,
            "debt_ratio": 43.21,
            "inventory_turnover_ratio": 0.79,
            "account_receivable_turnover_ratio": null,
            "reinvestment_rate": 46.5,
            "research_to_sale_ratio": null,
            "price_fair": 292.78,
            "eps_avg_yearly": 8.37,
            "eps_latest_yearly": 11.24,
            "eps_growth_yearly": 27.87
        },
        "20083": {
            "year_quarter": 20083,
            "year": 2008,
            "quarter": 3,
            "eps": 2.9,
            "eps_growth_year": 4.69,
            "eps_4q": 11.28,
            "eps_4q_growth_year": 17.35,
            "roe": 8.72,
            "roe_4q": 32.849999999999994,
            "gross_profit": 310953,
            "gross_margin": 57.09,
            "gross_margin_4q_avg": 57.26,
            "net_income": 146149,
            "net_income_4q": null,
            "revenue": 544627,
            "revenue_4q": null,
            "common_shares": 503159,
            "book_valuer_per_share": 34.82,
            "book_valuer_per_share_4q_avg": 34.84,
            "equity": 1752131,
            "current_ratio": 305.25,
            "debt_ratio": 31.67,
            "inventory_turnover_ratio": 0.75,
            "account_receivable_turnover_ratio": null,
            "reinvestment_rate": 41.05,
            "research_to_sale_ratio": null,
            "price_fair": 265.12,
            "eps_avg_yearly": 8.74,
            "eps_latest_yearly": 11.6,
            "eps_growth_yearly": 20.33
        },
        "20084": {
            "year_quarter": 20084,
            "year": 2008,
            "quarter": 4,
            "eps": 2.88,
            "eps_growth_year": -4.64,
            "eps_4q": 11.16,
            "eps_4q_growth_year": 5.5,
            "roe": 7.93,
            "roe_4q": 31.819999999999997,
            "gross_profit": 291855,
            "gross_margin": 54.59,
            "gross_margin_4q_avg": 57.13,
            "net_income": 144960,
            "net_income_4q": null,
            "revenue": 534622,
            "revenue_4q": null,
            "common_shares": 503159,
            "book_valuer_per_share": 37.82,
            "book_valuer_per_share_4q_avg": 35.5,
            "equity": 1902843,
            "current_ratio": 319.9,
            "debt_ratio": 30.54,
            "inventory_turnover_ratio": 0.78,
            "account_receivable_turnover_ratio": 3.5,
            "reinvestment_rate": 35.47,
            "research_to_sale_ratio": null,
            "price_fair": 281.59,
            "eps_avg_yearly": 9.12,
            "eps_latest_yearly": 11.52,
            "eps_growth_yearly": 20.88
        },
        "20091": {
            "year_quarter": 20091,
            "year": 2009,
            "quarter": 1,
            "eps": 2.77,
            "eps_growth_year": 7.78,
            "eps_4q": 11.37,
            "eps_4q_growth_year": 4.5,
            "roe": 7.06,
            "roe_4q": 31.82,
            "gross_profit": 309986,
            "gross_margin": 56.98,
            "gross_margin_4q_avg": 56.5,
            "net_income": 139344,
            "net_income_4q": null,
            "revenue": 544013,
            "revenue_4q": null,
            "common_shares": 503159,
            "book_valuer_per_share": 40.59,
            "book_valuer_per_share_4q_avg": 36.25,
            "equity": 2042187,
            "current_ratio": 343.66,
            "debt_ratio": 28.88,
            "inventory_turnover_ratio": 0.8,
            "account_receivable_turnover_ratio": 1.79,
            "reinvestment_rate": 31.33,
            "research_to_sale_ratio": null,
            "price_fair": 305.28,
            "eps_avg_yearly": 9.5,
            "eps_latest_yearly": 11.08,
            "eps_growth_yearly": 22.13
        },
        "20092": {
            "year_quarter": 20092,
            "year": 2009,
            "quarter": 2,
            "eps": 2.66,
            "eps_growth_year": -5.34,
            "eps_4q": 11.22,
            "eps_4q_growth_year": 0.48,
            "roe": 7.01,
            "roe_4q": 30.72,
            "gross_profit": 320560,
            "gross_margin": 58.29,
            "gross_margin_4q_avg": 56.74,
            "net_income": 133741,
            "net_income_4q": null,
            "revenue": 549978,
            "revenue_4q": null,
            "common_shares": 503159,
            "book_valuer_per_share": 35.24,
            "book_valuer_per_share_4q_avg": 37.12,
            "equity": 1773362,
            "current_ratio": 214.8,
            "debt_ratio": 40.54,
            "inventory_turnover_ratio": 0.8,
            "account_receivable_turnover_ratio": 1.8,
            "reinvestment_rate": 27.19,
            "research_to_sale_ratio": null,
            "price_fair": 294.53,
            "eps_avg_yearly": 9.84,
            "eps_latest_yearly": 10.64,
            "eps_growth_yearly": 19.92
        },
        "20093": {
            "year_quarter": 20093,
            "year": 2009,
            "quarter": 3,
            "eps": 3.34,
            "eps_growth_year": 15.17,
            "eps_4q": 11.64,
            "eps_4q_growth_year": 3.11,
            "roe": 9.06,
            "roe_4q": 31.06,
            "gross_profit": 374399,
            "gross_margin": 60.88,
            "gross_margin_4q_avg": 57.69,
            "net_income": 168322,
            "net_income_4q": null,
            "revenue": 615021,
            "revenue_4q": null,
            "common_shares": 504165,
            "book_valuer_per_share": 38.51,
            "book_valuer_per_share_4q_avg": 38.04,
            "equity": 1941684,
            "current_ratio": 304.56,
            "debt_ratio": 30.91,
            "inventory_turnover_ratio": 0.84,
            "account_receivable_turnover_ratio": 1.9,
            "reinvestment_rate": 22.06,
            "research_to_sale_ratio": null,
            "price_fair": 291.41,
            "eps_avg_yearly": 10.25,
            "eps_latest_yearly": 13.36,
            "eps_growth_yearly": 18.43
        },
        "20094": {
            "year_quarter": 20094,
            "year": 2009,
            "quarter": 4,
            "eps": 3.62,
            "eps_growth_year": 25.69,
            "eps_4q": 12.38,
            "eps_4q_growth_year": 10.93,
            "roe": 8.99,
            "roe_4q": 32.120000000000005,
            "gross_profit": 408467,
            "gross_margin": 59.77,
            "gross_margin_4q_avg": 58.98,
            "net_income": 182751,
            "net_income_4q": null,
            "revenue": 683368,
            "revenue_4q": null,
            "common_shares": 504165,
            "book_valuer_per_share": 42.14,
            "book_valuer_per_share_4q_avg": 39.12,
            "equity": 2124435,
            "current_ratio": 307.63,
            "debt_ratio": 30,
            "inventory_turnover_ratio": 0.96,
            "account_receivable_turnover_ratio": 3.84,
            "reinvestment_rate": 28.51,
            "research_to_sale_ratio": null,
            "price_fair": 312.7,
            "eps_avg_yearly": 10.71,
            "eps_latest_yearly": 14.48,
            "eps_growth_yearly": 19.21
        },
        "20101": {
            "year_quarter": 20101,
            "year": 2010,
            "quarter": 1,
            "eps": 3.83,
            "eps_growth_year": 38.27,
            "eps_4q": 13.45,
            "eps_4q_growth_year": 18.32,
            "roe": 8.7,
            "roe_4q": 33.76,
            "gross_profit": 427630,
            "gross_margin": 61.15,
            "gross_margin_4q_avg": 60.02,
            "net_income": 193316,
            "net_income_4q": null,
            "revenue": 699353,
            "revenue_4q": null,
            "common_shares": 504165,
            "book_valuer_per_share": 45.97,
            "book_valuer_per_share_4q_avg": 40.47,
            "equity": 2317751,
            "current_ratio": 336.11,
            "debt_ratio": 27.95,
            "inventory_turnover_ratio": 0.95,
            "account_receivable_turnover_ratio": 1.76,
            "reinvestment_rate": 27.83,
            "research_to_sale_ratio": 0.75,
            "price_fair": 327.48,
            "eps_avg_yearly": 11.19,
            "eps_latest_yearly": 15.32,
            "eps_growth_yearly": 19.27
        },
        "20102": {
            "year_quarter": 20102,
            "year": 2010,
            "quarter": 2,
            "eps": 4.41,
            "eps_growth_year": 65.88,
            "eps_4q": 15.21,
            "eps_4q_growth_year": 35.55,
            "roe": 10.28,
            "roe_4q": 37.03,
            "gross_profit": 424206,
            "gross_margin": 56.42,
            "gross_margin_4q_avg": 59.56,
            "net_income": 222463,
            "net_income_4q": null,
            "revenue": 751864,
            "revenue_4q": null,
            "common_shares": 504165,
            "book_valuer_per_share": 39.88,
            "book_valuer_per_share_4q_avg": 41.63,
            "equity": 2010841,
            "current_ratio": 197.73,
            "debt_ratio": 40.95,
            "inventory_turnover_ratio": 1.08,
            "account_receivable_turnover_ratio": 1.64,
            "reinvestment_rate": 15.9,
            "research_to_sale_ratio": 0.94,
            "price_fair": 374.24,
            "eps_avg_yearly": 11.79,
            "eps_latest_yearly": 17.64,
            "eps_growth_yearly": 21.74
        },
        "20103": {
            "year_quarter": 20103,
            "year": 2010,
            "quarter": 3,
            "eps": 4.9,
            "eps_growth_year": 46.85,
            "eps_4q": 16.78,
            "eps_4q_growth_year": 44.19,
            "roe": 11.59,
            "roe_4q": 39.559999999999995,
            "gross_profit": 463700,
            "gross_margin": 57.83,
            "gross_margin_4q_avg": 58.79,
            "net_income": 247281,
            "net_income_4q": null,
            "revenue": 801869,
            "revenue_4q": null,
            "common_shares": 504165,
            "book_valuer_per_share": 44.79,
            "book_valuer_per_share_4q_avg": 43.2,
            "equity": 2258122,
            "current_ratio": 274.45,
            "debt_ratio": 30.17,
            "inventory_turnover_ratio": 1.02,
            "account_receivable_turnover_ratio": 1.65,
            "reinvestment_rate": 22.33,
            "research_to_sale_ratio": 0.88,
            "price_fair": 404.05,
            "eps_avg_yearly": 12.47,
            "eps_latest_yearly": 19.6,
            "eps_growth_yearly": 22.39
        },
        "20104": {
            "year_quarter": 20104,
            "year": 2010,
            "quarter": 4,
            "eps": 4.15,
            "eps_growth_year": 14.64,
            "eps_4q": 17.3,
            "eps_4q_growth_year": 39.75,
            "roe": 8.86,
            "roe_4q": 39.42999999999999,
            "gross_profit": 486839,
            "gross_margin": 57.53,
            "gross_margin_4q_avg": 58.23,
            "net_income": 209229,
            "net_income_4q": null,
            "revenue": 846189,
            "revenue_4q": null,
            "common_shares": 504165,
            "book_valuer_per_share": 48.94,
            "book_valuer_per_share_4q_avg": 44.9,
            "equity": 2467351,
            "current_ratio": 275.2,
            "debt_ratio": 31.52,
            "inventory_turnover_ratio": 0.98,
            "account_receivable_turnover_ratio": 1.72,
            "reinvestment_rate": 29.05,
            "research_to_sale_ratio": 1.13,
            "price_fair": 342.38,
            "eps_avg_yearly": 12.92,
            "eps_latest_yearly": 16.6,
            "eps_growth_yearly": 16.49
        },
        "20111": {
            "year_quarter": 20111,
            "year": 2011,
            "quarter": 1,
            "eps": 5.36,
            "eps_growth_year": 39.95,
            "eps_4q": 18.83,
            "eps_4q_growth_year": 39.99,
            "roe": 10.39,
            "roe_4q": 41.12,
            "gross_profit": 480465,
            "gross_margin": 54.97,
            "gross_margin_4q_avg": 56.69,
            "net_income": 270366,
            "net_income_4q": null,
            "revenue": 873995,
            "revenue_4q": null,
            "common_shares": 504165,
            "book_valuer_per_share": 54.3,
            "book_valuer_per_share_4q_avg": 46.98,
            "equity": 2737717,
            "current_ratio": 317.71,
            "debt_ratio": 28.66,
            "inventory_turnover_ratio": 1.02,
            "account_receivable_turnover_ratio": 1.69,
            "reinvestment_rate": 23.01,
            "research_to_sale_ratio": 0.74,
            "price_fair": 454.31,
            "eps_avg_yearly": 13.66,
            "eps_latest_yearly": 21.44,
            "eps_growth_yearly": 23.25
        },
        "20112": {
            "year_quarter": 20112,
            "year": 2011,
            "quarter": 2,
            "eps": 5.06,
            "eps_growth_year": 14.71,
            "eps_4q": 19.48,
            "eps_4q_growth_year": 28.06,
            "roe": 10.21,
            "roe_4q": 41.05,
            "gross_profit": 454375,
            "gross_margin": 53.05,
            "gross_margin_4q_avg": 55.85,
            "net_income": 255181,
            "net_income_4q": null,
            "revenue": 856477,
            "revenue_4q": null,
            "common_shares": 504165,
            "book_valuer_per_share": 44.86,
            "book_valuer_per_share_4q_avg": 48.22,
            "equity": 2261859,
            "current_ratio": 175.64,
            "debt_ratio": 44.59,
            "inventory_turnover_ratio": 0.99,
            "account_receivable_turnover_ratio": 1.55,
            "reinvestment_rate": 19.08,
            "research_to_sale_ratio": 0.75,
            "price_fair": 415.67,
            "eps_avg_yearly": 14.26,
            "eps_latest_yearly": 20.24,
            "eps_growth_yearly": 19.14
        },
        "20113": {
            "year_quarter": 20113,
            "year": 2011,
            "quarter": 3,
            "eps": 5.76,
            "eps_growth_year": 17.41,
            "eps_4q": 20.33,
            "eps_4q_growth_year": 21.2,
            "roe": 12.06,
            "roe_4q": 41.52,
            "gross_profit": 458700,
            "gross_margin": 53.48,
            "gross_margin_4q_avg": 54.76,
            "net_income": 290337,
            "net_income_4q": null,
            "revenue": 857692,
            "revenue_4q": null,
            "common_shares": 504165,
            "book_valuer_per_share": 50.62,
            "book_valuer_per_share_4q_avg": 49.68,
            "equity": 2552196,
            "current_ratio": 279.89,
            "debt_ratio": 29.72,
            "inventory_turnover_ratio": 0.88,
            "account_receivable_turnover_ratio": 1.58,
            "reinvestment_rate": 19.18,
            "research_to_sale_ratio": 0.84,
            "price_fair": 473.85,
            "eps_avg_yearly": 15.01,
            "eps_latest_yearly": 23.04,
            "eps_growth_yearly": 21.57
        },
        "20114": {
            "year_quarter": 20114,
            "year": 2011,
            "quarter": 4,
            "eps": 4.98,
            "eps_growth_year": 19.92,
            "eps_4q": 21.16,
            "eps_4q_growth_year": 22.3,
            "roe": 9.35,
            "roe_4q": 42.010000000000005,
            "gross_profit": 279972,
            "gross_margin": 32.16,
            "gross_margin_4q_avg": 48.42,
            "net_income": 250907,
            "net_income_4q": null,
            "revenue": 870485,
            "revenue_4q": null,
            "common_shares": 504165,
            "book_valuer_per_share": 55.88,
            "book_valuer_per_share_4q_avg": 51.42,
            "equity": 2817069,
            "current_ratio": 297.73,
            "debt_ratio": 28.16,
            "inventory_turnover_ratio": 1.16,
            "account_receivable_turnover_ratio": 1.65,
            "reinvestment_rate": 20.36,
            "research_to_sale_ratio": 1.09,
            "price_fair": 401.87,
            "eps_avg_yearly": 15.5,
            "eps_latest_yearly": 19.92,
            "eps_growth_yearly": 15.93
        },
        "20121": {
            "year_quarter": 20121,
            "year": 2012,
            "quarter": 1,
            "eps": 5.02,
            "eps_growth_year": -6.34,
            "eps_4q": 20.82,
            "eps_4q_growth_year": 10.56,
            "roe": 8.6,
            "roe_4q": 40.22,
            "gross_profit": 419595,
            "gross_margin": 45.62,
            "gross_margin_4q_avg": 46.08,
            "net_income": 253163,
            "net_income_4q": null,
            "revenue": 919848,
            "revenue_4q": null,
            "common_shares": 504165,
            "book_valuer_per_share": 60.9,
            "book_valuer_per_share_4q_avg": 53.07,
            "equity": 3070232,
            "current_ratio": 330.18,
            "debt_ratio": 25.01,
            "inventory_turnover_ratio": 0.94,
            "account_receivable_turnover_ratio": 1.68,
            "reinvestment_rate": 24.16,
            "research_to_sale_ratio": 0.79,
            "price_fair": 481.01,
            "eps_avg_yearly": 16.11,
            "eps_latest_yearly": 20.08,
            "eps_growth_yearly": 19.85
        },
        "20122": {
            "year_quarter": 20122,
            "year": 2012,
            "quarter": 2,
            "eps": 5.61,
            "eps_growth_year": 10.82,
            "eps_4q": 21.37,
            "eps_4q_growth_year": 9.69,
            "roe": 10.02,
            "roe_4q": 40.03,
            "gross_profit": 425143,
            "gross_margin": 45.74,
            "gross_margin_4q_avg": 44.25,
            "net_income": 282796,
            "net_income_4q": null,
            "revenue": 929395,
            "revenue_4q": null,
            "common_shares": 504165,
            "book_valuer_per_share": 51.01,
            "book_valuer_per_share_4q_avg": 54.6,
            "equity": 2571572,
            "current_ratio": 169.5,
            "debt_ratio": 43.43,
            "inventory_turnover_ratio": 0.88,
            "account_receivable_turnover_ratio": 1.62,
            "reinvestment_rate": 23.28,
            "research_to_sale_ratio": 0.87,
            "price_fair": 512.06,
            "eps_avg_yearly": 16.81,
            "eps_latest_yearly": 22.44,
            "eps_growth_yearly": 20.46
        },
        "20123": {
            "year_quarter": 20123,
            "year": 2012,
            "quarter": 3,
            "eps": 6.37,
            "eps_growth_year": 10.53,
            "eps_4q": 21.97,
            "eps_4q_growth_year": 8.06,
            "roe": 11.75,
            "roe_4q": 39.72,
            "gross_profit": 483933,
            "gross_margin": 43.67,
            "gross_margin_4q_avg": 41.8,
            "net_income": 320908,
            "net_income_4q": null,
            "revenue": 1108280,
            "revenue_4q": null,
            "common_shares": 504165,
            "book_valuer_per_share": 57.37,
            "book_valuer_per_share_4q_avg": 56.29,
            "equity": 2892480,
            "current_ratio": 253.15,
            "debt_ratio": 29.95,
            "inventory_turnover_ratio": 1.07,
            "account_receivable_turnover_ratio": 1.81,
            "reinvestment_rate": 22.08,
            "research_to_sale_ratio": 0.99,
            "price_fair": 584.2,
            "eps_avg_yearly": 17.68,
            "eps_latest_yearly": 25.48,
            "eps_growth_yearly": 23.04
        },
        "20124": {
            "year_quarter": 20124,
            "year": 2012,
            "quarter": 4,
            "eps": 6.88,
            "eps_growth_year": 38.33,
            "eps_4q": 23.88,
            "eps_4q_growth_year": 12.86,
            "roe": 11.32,
            "roe_4q": 41.690000000000005,
            "gross_profit": 517363,
            "gross_margin": 42.72,
            "gross_margin_4q_avg": 44.44,
            "net_income": 347089,
            "net_income_4q": null,
            "revenue": 1211149,
            "revenue_4q": null,
            "common_shares": 504165,
            "book_valuer_per_share": 64.26,
            "book_valuer_per_share_4q_avg": 58.39,
            "equity": 3239569,
            "current_ratio": 262.28,
            "debt_ratio": 38.37,
            "inventory_turnover_ratio": 1.28,
            "account_receivable_turnover_ratio": 1.83,
            "reinvestment_rate": 39.35,
            "research_to_sale_ratio": 0.96,
            "price_fair": 653.8,
            "eps_avg_yearly": 18.68,
            "eps_latest_yearly": 27.52,
            "eps_growth_yearly": 25.22
        },
        "20131": {
            "year_quarter": 20131,
            "year": 2013,
            "quarter": 1,
            "eps": 7.42,
            "eps_growth_year": 47.81,
            "eps_4q": 26.28,
            "eps_4q_growth_year": 26.21,
            "roe": 11.02,
            "roe_4q": 44.11,
            "gross_profit": 514090,
            "gross_margin": 45.82,
            "gross_margin_4q_avg": 44.49,
            "net_income": 373928,
            "net_income_4q": null,
            "revenue": 1122098,
            "revenue_4q": null,
            "common_shares": 504165,
            "book_valuer_per_share": 70.31,
            "book_valuer_per_share_4q_avg": 60.74,
            "equity": 3544966,
            "current_ratio": 280.8,
            "debt_ratio": 36.43,
            "inventory_turnover_ratio": 1.15,
            "account_receivable_turnover_ratio": 1.67,
            "reinvestment_rate": 32.99,
            "research_to_sale_ratio": 0.87,
            "price_fair": 694.49,
            "eps_avg_yearly": 19.84,
            "eps_latest_yearly": 29.68,
            "eps_growth_yearly": 28.13
        },
        "20132": {
            "year_quarter": 20132,
            "year": 2013,
            "quarter": 2,
            "eps": 7.44,
            "eps_growth_year": 32.64,
            "eps_4q": 28.11,
            "eps_4q_growth_year": 31.58,
            "roe": 11.41,
            "roe_4q": 45.5,
            "gross_profit": 548112,
            "gross_margin": 42.55,
            "gross_margin_4q_avg": 43.69,
            "net_income": 375462,
            "net_income_4q": null,
            "revenue": 1288200,
            "revenue_4q": null,
            "common_shares": 504165,
            "book_valuer_per_share": 60.17,
            "book_valuer_per_share_4q_avg": 63.03,
            "equity": 3033634,
            "current_ratio": 163.25,
            "debt_ratio": 50.39,
            "inventory_turnover_ratio": 1.38,
            "account_receivable_turnover_ratio": 1.84,
            "reinvestment_rate": 34.71,
            "research_to_sale_ratio": 0.75,
            "price_fair": 736.31,
            "eps_avg_yearly": 21.04,
            "eps_latest_yearly": 29.76,
            "eps_growth_yearly": 29.19
        },
        "20133": {
            "year_quarter": 20133,
            "year": 2013,
            "quarter": 3,
            "eps": 8.11,
            "eps_growth_year": 27.41,
            "eps_4q": 29.86,
            "eps_4q_growth_year": 35.89,
            "roe": 12.63,
            "roe_4q": 46.38,
            "gross_profit": 599087,
            "gross_margin": 43.51,
            "gross_margin_4q_avg": 43.65,
            "net_income": 408827,
            "net_income_4q": null,
            "revenue": 1376917,
            "revenue_4q": null,
            "common_shares": 504165,
            "book_valuer_per_share": 68.28,
            "book_valuer_per_share_4q_avg": 65.76,
            "equity": 3442461,
            "current_ratio": 207.02,
            "debt_ratio": 39.39,
            "inventory_turnover_ratio": 1.4,
            "account_receivable_turnover_ratio": 1.88,
            "reinvestment_rate": 35.78,
            "research_to_sale_ratio": 0.77,
            "price_fair": 778.05,
            "eps_avg_yearly": 22.23,
            "eps_latest_yearly": 32.44,
            "eps_growth_yearly": 25.05
        },
        "20134": {
            "year_quarter": 20134,
            "year": 2013,
            "quarter": 4,
            "eps": 8.73,
            "eps_growth_year": 26.77,
            "eps_4q": 31.7,
            "eps_4q_growth_year": 32.75,
            "roe": 12.01,
            "roe_4q": 47.06999999999999,
            "gross_profit": 631564,
            "gross_margin": 44.01,
            "gross_margin_4q_avg": 43.97,
            "net_income": 440021,
            "net_income_4q": null,
            "revenue": 1434947,
            "revenue_4q": null,
            "common_shares": 504165,
            "book_valuer_per_share": 77.06,
            "book_valuer_per_share_4q_avg": 68.96,
            "equity": 3885212,
            "current_ratio": 218.15,
            "debt_ratio": 37.22,
            "inventory_turnover_ratio": 1.24,
            "account_receivable_turnover_ratio": 1.87,
            "reinvestment_rate": 36.73,
            "research_to_sale_ratio": 1.17,
            "price_fair": 819.71,
            "eps_avg_yearly": 23.51,
            "eps_latest_yearly": 34.92,
            "eps_growth_yearly": 24.87
        },
        "20141": {
            "year_quarter": 20141,
            "year": 2014,
            "quarter": 1,
            "eps": 9.93,
            "eps_growth_year": 33.83,
            "eps_4q": 34.21,
            "eps_4q_growth_year": 30.21,
            "roe": 12.11,
            "roe_4q": 48.16,
            "gross_profit": 676605,
            "gross_margin": 48.86,
            "gross_margin_4q_avg": 44.73,
            "net_income": 500621,
            "net_income_4q": null,
            "revenue": 1384658,
            "revenue_4q": null,
            "common_shares": 504165,
            "book_valuer_per_share": 86.99,
            "book_valuer_per_share_4q_avg": 73.13,
            "equity": 4385833,
            "current_ratio": 256.84,
            "debt_ratio": 32.93,
            "inventory_turnover_ratio": 0.89,
            "account_receivable_turnover_ratio": 1.65,
            "reinvestment_rate": 36.08,
            "research_to_sale_ratio": 0.95,
            "price_fair": 876.14,
            "eps_avg_yearly": 25.03,
            "eps_latest_yearly": 39.72,
            "eps_growth_yearly": 26.86
        },
        "20142": {
            "year_quarter": 20142,
            "year": 2014,
            "quarter": 2,
            "eps": 7.38,
            "eps_growth_year": -0.81,
            "eps_4q": 34.15,
            "eps_4q_growth_year": 21.46,
            "roe": 9.29,
            "roe_4q": 46.04,
            "gross_profit": 597865,
            "gross_margin": 44.07,
            "gross_margin_4q_avg": 45.11,
            "net_income": 372093,
            "net_income_4q": null,
            "revenue": 1356685,
            "revenue_4q": null,
            "common_shares": 504165,
            "book_valuer_per_share": 71.94,
            "book_valuer_per_share_4q_avg": 76.07,
            "equity": 3627141,
            "current_ratio": 158.45,
            "debt_ratio": 46.29,
            "inventory_turnover_ratio": 0.81,
            "account_receivable_turnover_ratio": 1.55,
            "reinvestment_rate": 32.29,
            "research_to_sale_ratio": 1.09,
            "price_fair": 686.91,
            "eps_avg_yearly": 25.78,
            "eps_latest_yearly": 29.52,
            "eps_growth_yearly": 16.65
        },
        "20143": {
            "year_quarter": 20143,
            "year": 2014,
            "quarter": 3,
            "eps": 6.6,
            "eps_growth_year": -18.62,
            "eps_4q": 32.63,
            "eps_4q_growth_year": 9.3,
            "roe": 8.77,
            "roe_4q": 42.18,
            "gross_profit": 504977,
            "gross_margin": 37.98,
            "gross_margin_4q_avg": 43.73,
            "net_income": 332552,
            "net_income_4q": null,
            "revenue": 1329641,
            "revenue_4q": null,
            "common_shares": 504165,
            "book_valuer_per_share": 78.54,
            "book_valuer_per_share_4q_avg": 78.63,
            "equity": 3959693,
            "current_ratio": 251.27,
            "debt_ratio": 32.02,
            "inventory_turnover_ratio": 0.85,
            "account_receivable_turnover_ratio": 1.56,
            "reinvestment_rate": 27.32,
            "research_to_sale_ratio": 1.55,
            "price_fair": 556.23,
            "eps_avg_yearly": 26.2,
            "eps_latest_yearly": 26.4,
            "eps_growth_yearly": 11.23
        },
        "20144": {
            "year_quarter": 20144,
            "year": 2014,
            "quarter": 4,
            "eps": 7.3,
            "eps_growth_year": -16.41,
            "eps_4q": 31.2,
            "eps_4q_growth_year": -1.57,
            "roe": 8.87,
            "roe_4q": 39.04,
            "gross_profit": 554070,
            "gross_margin": 41.34,
            "gross_margin_4q_avg": 43.06,
            "net_income": 367806,
            "net_income_4q": null,
            "revenue": 1340345,
            "revenue_4q": null,
            "common_shares": 504165,
            "book_valuer_per_share": 86.01,
            "book_valuer_per_share_4q_avg": 80.87,
            "equity": 4336539,
            "current_ratio": 255.26,
            "debt_ratio": 32.37,
            "inventory_turnover_ratio": 0.83,
            "account_receivable_turnover_ratio": 1.62,
            "reinvestment_rate": 21.05,
            "research_to_sale_ratio": 1.5,
            "price_fair": 747.78,
            "eps_avg_yearly": 26.99,
            "eps_latest_yearly": 29.2,
            "eps_growth_yearly": 17.71
        },
        "20151": {
            "year_quarter": 20151,
            "year": 2015,
            "quarter": 1,
            "eps": 5.7,
            "eps_growth_year": -42.6,
            "eps_4q": 26.97,
            "eps_4q_growth_year": -21.18,
            "roe": 6.41,
            "roe_4q": 33.339999999999996,
            "gross_profit": 526025,
            "gross_margin": 39.08,
            "gross_margin_4q_avg": 40.62,
            "net_income": 287207,
            "net_income_4q": null,
            "revenue": 1346070,
            "revenue_4q": null,
            "common_shares": 504165,
            "book_valuer_per_share": 91.78,
            "book_valuer_per_share_4q_avg": 82.07,
            "equity": 4627112,
            "current_ratio": 320.65,
            "debt_ratio": 27.9,
            "inventory_turnover_ratio": 0.86,
            "account_receivable_turnover_ratio": 1.67,
            "reinvestment_rate": 20.35,
            "research_to_sale_ratio": 0.92,
            "price_fair": 404.45,
            "eps_avg_yearly": 27.07,
            "eps_latest_yearly": 22.8,
            "eps_growth_yearly": 4.94
        },
        "20152": {
            "year_quarter": 20152,
            "year": 2015,
            "quarter": 2,
            "eps": 5.7,
            "eps_growth_year": -22.76,
            "eps_4q": 25.29,
            "eps_4q_growth_year": -25.93,
            "roe": 6.9,
            "roe_4q": 30.95,
            "gross_profit": 460904,
            "gross_margin": 33.06,
            "gross_margin_4q_avg": 37.87,
            "net_income": 287594,
            "net_income_4q": null,
            "revenue": 1394061,
            "revenue_4q": null,
            "common_shares": 504165,
            "book_valuer_per_share": 73.6,
            "book_valuer_per_share_4q_avg": 82.48,
            "equity": 3710865,
            "current_ratio": 168.42,
            "debt_ratio": 44.73,
            "inventory_turnover_ratio": 1.05,
            "account_receivable_turnover_ratio": 1.67,
            "reinvestment_rate": 18.73,
            "research_to_sale_ratio": 0.71,
            "price_fair": 444.95,
            "eps_avg_yearly": 27.23,
            "eps_latest_yearly": 22.8,
            "eps_growth_yearly": 6.34
        },
        "20153": {
            "year_quarter": 20153,
            "year": 2015,
            "quarter": 3,
            "eps": 9.35,
            "eps_growth_year": 41.67,
            "eps_4q": 28.05,
            "eps_4q_growth_year": -14.06,
            "roe": 11.93,
            "roe_4q": 34.11,
            "gross_profit": 540306,
            "gross_margin": 36.38,
            "gross_margin_4q_avg": 37.47,
            "net_income": 471344,
            "net_income_4q": null,
            "revenue": 1485285,
            "revenue_4q": null,
            "common_shares": 504165,
            "book_valuer_per_share": 83.11,
            "book_valuer_per_share_4q_avg": 83.63,
            "equity": 4189973,
            "current_ratio": 281.66,
            "debt_ratio": 30.15,
            "inventory_turnover_ratio": 1.21,
            "account_receivable_turnover_ratio": 1.69,
            "reinvestment_rate": 16.34,
            "research_to_sale_ratio": 0.66,
            "price_fair": 812.65,
            "eps_avg_yearly": 28.13,
            "eps_latest_yearly": 37.4,
            "eps_growth_yearly": 18.89
        },
        "20154": {
            "year_quarter": 20154,
            "year": 2015,
            "quarter": 4,
            "eps": 8.13,
            "eps_growth_year": 11.43,
            "eps_4q": 28.88,
            "eps_4q_growth_year": -7.44,
            "roe": 9.33,
            "roe_4q": 34.56999999999999,
            "gross_profit": 635943,
            "gross_margin": 38.9,
            "gross_margin_4q_avg": 36.86,
            "net_income": 409840,
            "net_income_4q": null,
            "revenue": 1634796,
            "revenue_4q": null,
            "common_shares": 504165,
            "book_valuer_per_share": 91.12,
            "book_valuer_per_share_4q_avg": 84.9,
            "equity": 4593860,
            "current_ratio": 289.85,
            "debt_ratio": 30,
            "inventory_turnover_ratio": 1.47,
            "account_receivable_turnover_ratio": 1.78,
            "reinvestment_rate": 14.1,
            "research_to_sale_ratio": 1,
            "price_fair": 838.97,
            "eps_avg_yearly": 28.92,
            "eps_latest_yearly": 32.52,
            "eps_growth_yearly": 19.01
        },
        "20161": {
            "year_quarter": 20161,
            "year": 2016,
            "quarter": 1,
            "eps": 8.11,
            "eps_growth_year": 42.28,
            "eps_4q": 31.29,
            "eps_4q_growth_year": 16.02,
            "roe": 8.52,
            "roe_4q": 36.68,
            "gross_profit": 633714,
            "gross_margin": 41.89,
            "gross_margin_4q_avg": 37.56,
            "net_income": 408671,
            "net_income_4q": null,
            "revenue": 1512982,
            "revenue_4q": null,
            "common_shares": 504165,
            "book_valuer_per_share": 99.19,
            "book_valuer_per_share_4q_avg": 86.76,
            "equity": 5000735,
            "current_ratio": 352.99,
            "debt_ratio": 26.24,
            "inventory_turnover_ratio": 1.34,
            "account_receivable_turnover_ratio": 1.74,
            "reinvestment_rate": 10.61,
            "research_to_sale_ratio": 0.58,
            "price_fair": 853.6,
            "eps_avg_yearly": 29.69,
            "eps_latest_yearly": 32.44,
            "eps_growth_yearly": 18.75
        },
        "20162": {
            "year_quarter": 20162,
            "year": 2016,
            "quarter": 2,
            "eps": 8.72,
            "eps_growth_year": 52.98,
            "eps_4q": 34.31,
            "eps_4q_growth_year": 35.66,
            "roe": 9.51,
            "roe_4q": 39.29,
            "gross_profit": 673517,
            "gross_margin": 43.52,
            "gross_margin_4q_avg": 40.17,
            "net_income": 440034,
            "net_income_4q": null,
            "revenue": 1547464,
            "revenue_4q": null,
            "common_shares": 504165,
            "book_valuer_per_share": 84.42,
            "book_valuer_per_share_4q_avg": 89.46,
            "equity": 4256238,
            "current_ratio": 190.89,
            "debt_ratio": 42.11,
            "inventory_turnover_ratio": 1.25,
            "account_receivable_turnover_ratio": 1.79,
            "reinvestment_rate": 9.75,
            "research_to_sale_ratio": 0.55,
            "price_fair": 843.72,
            "eps_avg_yearly": 30.47,
            "eps_latest_yearly": 34.88,
            "eps_growth_yearly": 17.69
        },
        "20163": {
            "year_quarter": 20163,
            "year": 2016,
            "quarter": 3,
            "eps": 8.83,
            "eps_growth_year": -5.56,
            "eps_4q": 33.79,
            "eps_4q_growth_year": 20.49,
            "roe": 9.94,
            "roe_4q": 37.3,
            "gross_profit": 739404,
            "gross_margin": 43.04,
            "gross_margin_4q_avg": 41.84,
            "net_income": 445078,
            "net_income_4q": null,
            "revenue": 1717825,
            "revenue_4q": null,
            "common_shares": 504165,
            "book_valuer_per_share": 93.19,
            "book_valuer_per_share_4q_avg": 91.98,
            "equity": 4698419,
            "current_ratio": 304.11,
            "debt_ratio": 28.73,
            "inventory_turnover_ratio": 1.42,
            "account_receivable_turnover_ratio": 1.85,
            "reinvestment_rate": 9.07,
            "research_to_sale_ratio": 0.55,
            "price_fair": 765.28,
            "eps_avg_yearly": 31.08,
            "eps_latest_yearly": 35.32,
            "eps_growth_yearly": 14.62
        },
        "20164": {
            "year_quarter": 20164,
            "year": 2016,
            "quarter": 4,
            "eps": 9.6,
            "eps_growth_year": 18.07,
            "eps_4q": 35.26,
            "eps_4q_growth_year": 22.1,
            "roe": 9.8,
            "roe_4q": 37.769999999999996,
            "gross_profit": 709955,
            "gross_margin": 42.25,
            "gross_margin_4q_avg": 42.68,
            "net_income": 483910,
            "net_income_4q": null,
            "revenue": 1680198,
            "revenue_4q": null,
            "common_shares": 504165,
            "book_valuer_per_share": 102.69,
            "book_valuer_per_share_4q_avg": 94.87,
            "equity": 5177422,
            "current_ratio": 299.49,
            "debt_ratio": 29.51,
            "inventory_turnover_ratio": 1.47,
            "account_receivable_turnover_ratio": 1.91,
            "reinvestment_rate": -2.39,
            "research_to_sale_ratio": 1.16,
            "price_fair": 787.69,
            "eps_avg_yearly": 31.76,
            "eps_latest_yearly": 38.4,
            "eps_growth_yearly": 14.8
        },
        "20171": {
            "year_quarter": 20171,
            "year": 2017,
            "quarter": 1,
            "eps": 4.83,
            "eps_growth_year": -40.44,
            "eps_4q": 31.99,
            "eps_4q_growth_year": 2.24,
            "roe": 4.6,
            "roe_4q": 33.85,
            "gross_profit": 579981,
            "gross_margin": 39.93,
            "gross_margin_4q_avg": 42.19,
            "net_income": 243724,
            "net_income_4q": null,
            "revenue": 1452551,
            "revenue_4q": null,
            "common_shares": 504165,
            "book_valuer_per_share": 107.4,
            "book_valuer_per_share_4q_avg": 96.93,
            "equity": 5414785,
            "current_ratio": 351.97,
            "debt_ratio": 25.82,
            "inventory_turnover_ratio": 1.29,
            "account_receivable_turnover_ratio": 1.83,
            "reinvestment_rate": -0.16,
            "research_to_sale_ratio": 0.73,
            "price_fair": 311.15,
            "eps_avg_yearly": 31.12,
            "eps_latest_yearly": 19.32,
            "eps_growth_yearly": 0.42
        },
        "20172": {
            "year_quarter": 20172,
            "year": 2017,
            "quarter": 2,
            "eps": 8.99,
            "eps_growth_year": 3.1,
            "eps_4q": 32.25,
            "eps_4q_growth_year": -6.01,
            "roe": 9.14,
            "roe_4q": 33.48,
            "gross_profit": 600859,
            "gross_margin": 38.76,
            "gross_margin_4q_avg": 41,
            "net_income": 453275,
            "net_income_4q": null,
            "revenue": 1550030,
            "revenue_4q": null,
            "common_shares": 504165,
            "book_valuer_per_share": 89.41,
            "book_valuer_per_share_4q_avg": 98.17,
            "equity": 4507692,
            "current_ratio": 169.73,
            "debt_ratio": 44.31,
            "inventory_turnover_ratio": 1.32,
            "account_receivable_turnover_ratio": 1.89,
            "reinvestment_rate": -2.63,
            "research_to_sale_ratio": 0.66,
            "price_fair": 1004.3,
            "eps_avg_yearly": 31.5,
            "eps_latest_yearly": 35.96,
            "eps_growth_yearly": 21.88
        },
        "20173": {
            "year_quarter": 20173,
            "year": 2017,
            "quarter": 3,
            "eps": 9.85,
            "eps_growth_year": 11.55,
            "eps_4q": 33.27,
            "eps_4q_growth_year": -1.53,
            "roe": 10.44,
            "roe_4q": 33.980000000000004,
            "gross_profit": 725306,
            "gross_margin": 40.91,
            "gross_margin_4q_avg": 40.46,
            "net_income": 496647,
            "net_income_4q": null,
            "revenue": 1772903,
            "revenue_4q": null,
            "common_shares": 504165,
            "book_valuer_per_share": 99.26,
            "book_valuer_per_share_4q_avg": 99.69,
            "equity": 5004116,
            "current_ratio": 243.32,
            "debt_ratio": 36.16,
            "inventory_turnover_ratio": 1.49,
            "account_receivable_turnover_ratio": 1.92,
            "reinvestment_rate": 10.45,
            "research_to_sale_ratio": 0.61,
            "price_fair": 1022.65,
            "eps_avg_yearly": 31.94,
            "eps_latest_yearly": 39.4,
            "eps_growth_yearly": 22.02
        },
        "20174": {
            "year_quarter": 20174,
            "year": 2017,
            "quarter": 4,
            "eps": 7.85,
            "eps_growth_year": -18.26,
            "eps_4q": 31.52,
            "eps_4q_growth_year": -10.6,
            "roe": 7.61,
            "roe_4q": 31.79,
            "gross_profit": 638445,
            "gross_margin": 38.87,
            "gross_margin_4q_avg": 39.62,
            "net_income": 395568,
            "net_income_4q": null,
            "revenue": 1642403,
            "revenue_4q": null,
            "common_shares": 504165,
            "book_valuer_per_share": 106.94,
            "book_valuer_per_share_4q_avg": 100.75,
            "equity": 5391689,
            "current_ratio": 213.38,
            "debt_ratio": 37.33,
            "inventory_turnover_ratio": 1.47,
            "account_receivable_turnover_ratio": 1.81,
            "reinvestment_rate": 14.07,
            "research_to_sale_ratio": 0.65,
            "price_fair": 793.98,
            "eps_avg_yearly": 31.72,
            "eps_latest_yearly": 31.4,
            "eps_growth_yearly": 15.03
        },
        "20181": {
            "year_quarter": 20181,
            "year": 2018,
            "quarter": 1,
            "eps": 7,
            "eps_growth_year": 44.93,
            "eps_4q": 33.69,
            "eps_4q_growth_year": 5.31,
            "roe": 6.34,
            "roe_4q": 33.53,
            "gross_profit": 580094,
            "gross_margin": 36.64,
            "gross_margin_4q_avg": 38.8,
            "net_income": 352960,
            "net_income_4q": null,
            "revenue": 1583200,
            "revenue_4q": null,
            "common_shares": 504165,
            "book_valuer_per_share": 113.92,
            "book_valuer_per_share_4q_avg": 102.38,
            "equity": 5743331,
            "current_ratio": 238.79,
            "debt_ratio": 33.66,
            "inventory_turnover_ratio": 1.43,
            "account_receivable_turnover_ratio": 1.8,
            "reinvestment_rate": 13.61,
            "research_to_sale_ratio": 0.66,
            "price_fair": 585.29,
            "eps_avg_yearly": 30.99,
            "eps_latest_yearly": 28,
            "eps_growth_yearly": 8.89
        },
        "20182": {
            "year_quarter": 20182,
            "year": 2018,
            "quarter": 2,
            "eps": 9.48,
            "eps_growth_year": 5.45,
            "eps_4q": 34.18,
            "eps_4q_growth_year": 5.98,
            "roe": 8.93,
            "roe_4q": 33.32,
            "gross_profit": 634061,
            "gross_margin": 36.81,
            "gross_margin_4q_avg": 38.31,
            "net_income": 478048,
            "net_income_4q": null,
            "revenue": 1722385,
            "revenue_4q": null,
            "common_shares": 504165,
            "book_valuer_per_share": 98.48,
            "book_valuer_per_share_4q_avg": 104.65,
            "equity": 4965089,
            "current_ratio": 148.9,
            "debt_ratio": 46.83,
            "inventory_turnover_ratio": 1.43,
            "account_receivable_turnover_ratio": 1.82,
            "reinvestment_rate": 16.91,
            "research_to_sale_ratio": 0.65,
            "price_fair": 1076.59,
            "eps_avg_yearly": 31.51,
            "eps_latest_yearly": 37.92,
            "eps_growth_yearly": 24.17
        },
        "20183": {
            "year_quarter": 20183,
            "year": 2018,
            "quarter": 3,
            "eps": 8.27,
            "eps_growth_year": -16.04,
            "eps_4q": 32.6,
            "eps_4q_growth_year": -2.04,
            "roe": 8.06,
            "roe_4q": 30.94,
            "gross_profit": 636955,
            "gross_margin": 38.31,
            "gross_margin_4q_avg": 37.66,
            "net_income": 416789,
            "net_income_4q": null,
            "revenue": 1662711,
            "revenue_4q": null,
            "common_shares": 504165,
            "book_valuer_per_share": 106.75,
            "book_valuer_per_share_4q_avg": 106.52,
            "equity": 5381984,
            "current_ratio": 197.33,
            "debt_ratio": 35.57,
            "inventory_turnover_ratio": 1.2,
            "account_receivable_turnover_ratio": 1.72,
            "reinvestment_rate": 17.39,
            "research_to_sale_ratio": 0.62,
            "price_fair": 1073.34,
            "eps_avg_yearly": 31.93,
            "eps_latest_yearly": 33.08,
            "eps_growth_yearly": 23.62
        },
        "20184": {
            "year_quarter": 20184,
            "year": 2018,
            "quarter": 4,
            "eps": 8.32,
            "eps_growth_year": 6.1,
            "eps_4q": 33.07,
            "eps_4q_growth_year": 4.93,
            "roe": 7.5,
            "roe_4q": 30.830000000000002,
            "gross_profit": 645288,
            "gross_margin": 37.79,
            "gross_margin_4q_avg": 37.39,
            "net_income": 419704,
            "net_income_4q": null,
            "revenue": 1707616,
            "revenue_4q": null,
            "common_shares": 504165,
            "book_valuer_per_share": 115.16,
            "book_valuer_per_share_4q_avg": 108.58,
            "equity": 5805801,
            "current_ratio": 216.38,
            "debt_ratio": 33.62,
            "inventory_turnover_ratio": 1.11,
            "account_receivable_turnover_ratio": 1.85,
            "reinvestment_rate": 18.07,
            "research_to_sale_ratio": 0.62,
            "price_fair": 1001.44,
            "eps_avg_yearly": 32.18,
            "eps_latest_yearly": 33.28,
            "eps_growth_yearly": 21.12
        },
        "20191": {
            "year_quarter": 20191,
            "year": 2019,
            "quarter": 1,
            "eps": 7.68,
            "eps_growth_year": 9.71,
            "eps_4q": 33.75,
            "eps_4q_growth_year": 0.2,
            "roe": 6.45,
            "roe_4q": 30.939999999999998,
            "gross_profit": 587156,
            "gross_margin": 36.16,
            "gross_margin_4q_avg": 37.27,
            "net_income": 387262,
            "net_income_4q": null,
            "revenue": 1623564,
            "revenue_4q": null,
            "common_shares": 504165,
            "book_valuer_per_share": 122.84,
            "book_valuer_per_share_4q_avg": 110.81,
            "equity": 6193399,
            "current_ratio": 248.18,
            "debt_ratio": 31.88,
            "inventory_turnover_ratio": 0.97,
            "account_receivable_turnover_ratio": 1.94,
            "reinvestment_rate": 21.35,
            "research_to_sale_ratio": 0.59,
            "price_fair": 1133.06,
            "eps_avg_yearly": 32.68,
            "eps_latest_yearly": 30.72,
            "eps_growth_yearly": 24.67
        },
        "20192": {
            "year_quarter": 20192,
            "year": 2019,
            "quarter": 2,
            "eps": 6.19,
            "eps_growth_year": -34.7,
            "eps_4q": 30.46,
            "eps_4q_growth_year": -10.89,
            "roe": 5.49,
            "roe_4q": 27.5,
            "gross_profit": 505854,
            "gross_margin": 32.17,
            "gross_margin_4q_avg": 36.11,
            "net_income": 311886,
            "net_income_4q": null,
            "revenue": 1572226,
            "revenue_4q": null,
            "common_shares": 504165,
            "book_valuer_per_share": 102.55,
            "book_valuer_per_share_4q_avg": 111.83,
            "equity": 5170058,
            "current_ratio": 155.08,
            "debt_ratio": 44.28,
            "inventory_turnover_ratio": 0.95,
            "account_receivable_turnover_ratio": 2.07,
            "reinvestment_rate": 24.32,
            "research_to_sale_ratio": 1.59,
            "price_fair": 978.22,
            "eps_avg_yearly": 32.8,
            "eps_latest_yearly": 24.76,
            "eps_growth_yearly": 19.82
        },
        "20193": {
            "year_quarter": 20193,
            "year": 2019,
            "quarter": 3,
            "eps": 5.5,
            "eps_growth_year": -33.49,
            "eps_4q": 27.69,
            "eps_4q_growth_year": -15.04,
            "roe": 5.23,
            "roe_4q": 24.67,
            "gross_profit": 493303,
            "gross_margin": 31.37,
            "gross_margin_4q_avg": 34.37,
            "net_income": 277411,
            "net_income_4q": null,
            "revenue": 1572752,
            "revenue_4q": null,
            "common_shares": 504165,
            "book_valuer_per_share": 108.04,
            "book_valuer_per_share_4q_avg": 112.15,
            "equity": 5446831,
            "current_ratio": 196.22,
            "debt_ratio": 35.76,
            "inventory_turnover_ratio": 0.96,
            "account_receivable_turnover_ratio": 2.11,
            "reinvestment_rate": 25.33,
            "research_to_sale_ratio": 1.39,
            "price_fair": 351.11,
            "eps_avg_yearly": 31.84,
            "eps_latest_yearly": 22,
            "eps_growth_yearly": 1.03
        },
        "20194": {
            "year_quarter": 20194,
            "year": 2019,
            "quarter": 4,
            "eps": 6.16,
            "eps_growth_year": -25.98,
            "eps_4q": 25.53,
            "eps_4q_growth_year": -22.8,
            "roe": 5.54,
            "roe_4q": 22.709999999999997,
            "gross_profit": 540401,
            "gross_margin": 34.24,
            "gross_margin_4q_avg": 33.49,
            "net_income": 310675,
            "net_income_4q": null,
            "revenue": 1578128,
            "revenue_4q": null,
            "common_shares": 504165,
            "book_valuer_per_share": 114.32,
            "book_valuer_per_share_4q_avg": 111.94,
            "equity": 5763398,
            "current_ratio": 233.2,
            "debt_ratio": 31.52,
            "inventory_turnover_ratio": 0.91,
            "account_receivable_turnover_ratio": 2.3,
            "reinvestment_rate": 25.95,
            "research_to_sale_ratio": 0.98,
            "price_fair": 541.96,
            "eps_avg_yearly": 31.35,
            "eps_latest_yearly": 24.64,
            "eps_growth_yearly": 7.29
        },
        "20201": {
            "year_quarter": 20201,
            "year": 2020,
            "quarter": 1,
            "eps": 5.01,
            "eps_growth_year": -34.77,
            "eps_4q": 22.86,
            "eps_4q_growth_year": -32.28,
            "roe": 4.29,
            "roe_4q": 20.55,
            "gross_profit": 408464,
            "gross_margin": 30.59,
            "gross_margin_4q_avg": 32.09,
            "net_income": 252408,
            "net_income_4q": null,
            "revenue": 1335412,
            "revenue_4q": null,
            "common_shares": 504165,
            "book_valuer_per_share": 119.33,
            "book_valuer_per_share_4q_avg": 111.06,
            "equity": 6016428,
            "current_ratio": 275.39,
            "debt_ratio": 28.17,
            "inventory_turnover_ratio": 0.78,
            "account_receivable_turnover_ratio": 2.13,
            "reinvestment_rate": 26.67,
            "research_to_sale_ratio": 1.16,
            "price_fair": 387.77,
            "eps_avg_yearly": 30.57,
            "eps_latest_yearly": 20.04,
            "eps_growth_yearly": 2.68
        },
        "20202": {
            "year_quarter": 20202,
            "year": 2020,
            "quarter": 2,
            "eps": 2.81,
            "eps_growth_year": -54.6,
            "eps_4q": 19.48,
            "eps_4q_growth_year": -36.05,
            "roe": 2.51,
            "roe_4q": 17.57,
            "gross_profit": 311631,
            "gross_margin": 25.62,
            "gross_margin_4q_avg": 30.46,
            "net_income": 141596,
            "net_income_4q": null,
            "revenue": 1216219,
            "revenue_4q": null,
            "common_shares": 504165,
            "book_valuer_per_share": 104.1,
            "book_valuer_per_share_4q_avg": 111.45,
            "equity": 5248362,
            "current_ratio": 178.17,
            "debt_ratio": 37.46,
            "inventory_turnover_ratio": 0.77,
            "account_receivable_turnover_ratio": 1.95,
            "reinvestment_rate": 29.03,
            "research_to_sale_ratio": 0.79,
            "price_fair": 87.28,
            "eps_avg_yearly": 29.09,
            "eps_latest_yearly": 11.24,
            "eps_growth_yearly": -10.17
        },
        "20203": {
            "year_quarter": 20203,
            "year": 2020,
            "quarter": 3,
            "eps": 2.39,
            "eps_growth_year": -56.55,
            "eps_4q": 16.36,
            "eps_4q_growth_year": -40.91,
            "roe": 2.27,
            "roe_4q": 14.61,
            "gross_profit": 230802,
            "gross_margin": 21.62,
            "gross_margin_4q_avg": 28.02,
            "net_income": 120375,
            "net_income_4q": null,
            "revenue": 1067558,
            "revenue_4q": null,
            "common_shares": 504165,
            "book_valuer_per_share": 106.46,
            "book_valuer_per_share_4q_avg": 111.05,
            "equity": 5367412,
            "current_ratio": 208.21,
            "debt_ratio": 32.42,
            "inventory_turnover_ratio": 0.73,
            "account_receivable_turnover_ratio": 1.65,
            "reinvestment_rate": 30.73,
            "research_to_sale_ratio": 0.84,
            "price_fair": 82.45,
            "eps_avg_yearly": 27.48,
            "eps_latest_yearly": 9.56,
            "eps_growth_yearly": -14.23
        },
        "20204": {
            "year_quarter": 20204,
            "year": 2020,
            "quarter": 4,
            "eps": 4.58,
            "eps_growth_year": -25.73,
            "eps_4q": 14.78,
            "eps_4q_growth_year": -42.12,
            "roe": 4.2,
            "roe_4q": 13.27,
            "gross_profit": 421759,
            "gross_margin": 30.4,
            "gross_margin_4q_avg": 27.06,
            "net_income": 230730,
            "net_income_4q": null,
            "revenue": 1387399,
            "revenue_4q": null,
            "common_shares": 504165,
            "book_valuer_per_share": 111.59,
            "book_valuer_per_share_4q_avg": 110.37,
            "equity": 5625979,
            "current_ratio": 230.62,
            "debt_ratio": 30.07,
            "inventory_turnover_ratio": 0.86,
            "account_receivable_turnover_ratio": 1.86,
            "reinvestment_rate": 32.06,
            "research_to_sale_ratio": 0.7,
            "price_fair": 432.8,
            "eps_avg_yearly": 26.23,
            "eps_latest_yearly": 18.32,
            "eps_growth_yearly": 6.5
        },
        "20211": {
            "year_quarter": 20211,
            "year": 2021,
            "quarter": 1,
            "eps": 4.5,
            "eps_growth_year": -10.18,
            "eps_4q": 14.27,
            "eps_4q_growth_year": -37.57,
            "roe": 3.95,
            "roe_4q": 12.93,
            "gross_profit": 386938,
            "gross_margin": 29.63,
            "gross_margin_4q_avg": 26.82,
            "net_income": 226681,
            "net_income_4q": null,
            "revenue": 1306082,
            "revenue_4q": null,
            "common_shares": 504165,
            "book_valuer_per_share": 116.08,
            "book_valuer_per_share_4q_avg": 109.56,
            "equity": 5852347,
            "current_ratio": 264.4,
            "debt_ratio": 27.13,
            "inventory_turnover_ratio": 0.83,
            "account_receivable_turnover_ratio": 1.51,
            "reinvestment_rate": 31.91,
            "research_to_sale_ratio": 0.89,
            "price_fair": 744.8,
            "eps_avg_yearly": 26.15,
            "eps_latest_yearly": 18,
            "eps_growth_yearly": 18.49
        },
        "20212": {
            "year_quarter": 20212,
            "year": 2021,
            "quarter": 2,
            "eps": 4.19,
            "eps_growth_year": 49.11,
            "eps_4q": 15.65,
            "eps_4q_growth_year": -19.68,
            "roe": 3.54,
            "roe_4q": 13.96,
            "gross_profit": 393788,
            "gross_margin": 29.32,
            "gross_margin_4q_avg": 27.74,
            "net_income": 211030,
            "net_income_4q": null,
            "revenue": 1342884,
            "revenue_4q": null,
            "common_shares": 504165,
            "book_valuer_per_share": 120.22,
            "book_valuer_per_share_4q_avg": 113.59,
            "equity": 6060980,
            "current_ratio": 280.74,
            "debt_ratio": 25.78,
            "inventory_turnover_ratio": 0.84,
            "account_receivable_turnover_ratio": 1.44,
            "reinvestment_rate": 32.87,
            "research_to_sale_ratio": 0.72,
            "price_fair": 74.84,
            "eps_avg_yearly": 24.95,
            "eps_latest_yearly": 16.76,
            "eps_growth_yearly": -4.77
        },
        "20213": {
            "year_quarter": 20213,
            "year": 2021,
            "quarter": 3,
            "eps": 5.62,
            "eps_growth_year": 135.15,
            "eps_4q": 18.88,
            "eps_4q_growth_year": 15.35,
            "roe": 4.8,
            "roe_4q": 16.49,
            "gross_profit": 443586,
            "gross_margin": 31.12,
            "gross_margin_4q_avg": 30.12,
            "net_income": 283259,
            "net_income_4q": null,
            "revenue": 1425178,
            "revenue_4q": null,
            "common_shares": 504165,
            "book_valuer_per_share": 113.83,
            "book_valuer_per_share_4q_avg": 115.43,
            "equity": 5739037,
            "current_ratio": 221.44,
            "debt_ratio": 30.21,
            "inventory_turnover_ratio": 0.85,
            "account_receivable_turnover_ratio": 1.55,
            "reinvestment_rate": 13.73,
            "research_to_sale_ratio": 1.23,
            "price_fair": 271.68,
            "eps_avg_yearly": 23.89,
            "eps_latest_yearly": 22.48,
            "eps_growth_yearly": 1.37
        },
        "20214": {
            "year_quarter": 20214,
            "year": 2021,
            "quarter": 4,
            "eps": 4.5,
            "eps_growth_year": -1.71,
            "eps_4q": 18.8,
            "eps_4q_growth_year": 27.2,
            "roe": 3.87,
            "roe_4q": 16.16,
            "gross_profit": 386840,
            "gross_margin": 29.14,
            "gross_margin_4q_avg": 29.8,
            "net_income": 226789,
            "net_income_4q": null,
            "revenue": 1327463,
            "revenue_4q": null,
            "common_shares": 504165,
            "book_valuer_per_share": 118.44,
            "book_valuer_per_share_4q_avg": 117.14,
            "equity": 5971207,
            "current_ratio": 218.3,
            "debt_ratio": 30.57,
            "inventory_turnover_ratio": 0.8,
            "account_receivable_turnover_ratio": 1.49,
            "reinvestment_rate": 1.81,
            "research_to_sale_ratio": 1.13,
            "price_fair": 264.32,
            "eps_avg_yearly": 23.05,
            "eps_latest_yearly": 18,
            "eps_growth_yearly": 1.47
        },
        "20221": {
            "year_quarter": 20221,
            "year": 2022,
            "quarter": 1,
            "eps": 5.88,
            "eps_growth_year": 30.67,
            "eps_4q": 20.19,
            "eps_4q_growth_year": 41.47,
            "roe": 5.16,
            "roe_4q": 17.37,
            "gross_profit": 394780,
            "gross_margin": 29.34,
            "gross_margin_4q_avg": 29.73,
            "net_income": 296622,
            "net_income_4q": null,
            "revenue": 1345762,
            "revenue_4q": null,
            "common_shares": 504165,
            "book_valuer_per_share": 109.4,
            "book_valuer_per_share_4q_avg": 115.47,
            "equity": 5515397,
            "current_ratio": 185.4,
            "debt_ratio": 34.55,
            "inventory_turnover_ratio": 0.83,
            "account_receivable_turnover_ratio": 1.62,
            "reinvestment_rate": 0.27,
            "research_to_sale_ratio": 0.97,
            "price_fair": 497.32,
            "eps_avg_yearly": 22.77,
            "eps_latest_yearly": 23.52,
            "eps_growth_yearly": 11.84
        },
        "20222": {
            "year_quarter": 20222,
            "year": 2022,
            "quarter": 2,
            "eps": 4.8,
            "eps_growth_year": 14.56,
            "eps_4q": 20.8,
            "eps_4q_growth_year": 32.91,
            "roe": 4.29,
            "roe_4q": 18.12,
            "gross_profit": 360746,
            "gross_margin": 29.44,
            "gross_margin_4q_avg": 29.76,
            "net_income": 241764,
            "net_income_4q": null,
            "revenue": 1225240,
            "revenue_4q": null,
            "common_shares": 504165,
            "book_valuer_per_share": 114.24,
            "book_valuer_per_share_4q_avg": 113.98,
            "equity": 5759726,
            "current_ratio": 202.18,
            "debt_ratio": 32.19,
            "inventory_turnover_ratio": 0.75,
            "account_receivable_turnover_ratio": 1.68,
            "reinvestment_rate": -5.42,
            "research_to_sale_ratio": 0.74,
            "price_fair": 64.8,
            "eps_avg_yearly": 21.6,
            "eps_latest_yearly": 19.2,
            "eps_growth_yearly": -1.61
        },
        "20223": {
            "year_quarter": 20223,
            "year": 2022,
            "quarter": 3,
            "eps": 5.99,
            "eps_growth_year": 6.58,
            "eps_4q": 21.16,
            "eps_4q_growth_year": 12.12,
            "roe": 5.1,
            "roe_4q": 18.42,
            "gross_profit": 375052,
            "gross_margin": 29.15,
            "gross_margin_4q_avg": 29.27,
            "net_income": 301862,
            "net_income_4q": null,
            "revenue": 1286668,
            "revenue_4q": null,
            "common_shares": 504165,
            "book_valuer_per_share": 120.37,
            "book_valuer_per_share_4q_avg": 115.61,
            "equity": 6068609,
            "current_ratio": 290.12,
            "debt_ratio": 23.28,
            "inventory_turnover_ratio": 0.74,
            "account_receivable_turnover_ratio": 1.81,
            "reinvestment_rate": -5.64,
            "research_to_sale_ratio": 1.09,
            "price_fair": 373.93,
            "eps_avg_yearly": 21.03,
            "eps_latest_yearly": 23.96,
            "eps_growth_yearly": 7.78
        },
        "20224": {
            "year_quarter": 20224,
            "year": 2022,
            "quarter": 4,
            "eps": 3.55,
            "eps_growth_year": -21.16,
            "eps_4q": 20.21,
            "eps_4q_growth_year": 7.52,
            "roe": 2.9,
            "roe_4q": 17.45,
            "gross_profit": 343823,
            "gross_margin": 30.01,
            "gross_margin_4q_avg": 29.49,
            "net_income": 178806,
            "net_income_4q": null,
            "revenue": 1145829,
            "revenue_4q": null,
            "common_shares": 504165,
            "book_valuer_per_share": 124.32,
            "book_valuer_per_share_4q_avg": 117.08,
            "equity": 6267762,
            "current_ratio": 277.56,
            "debt_ratio": 24.5,
            "inventory_turnover_ratio": 0.62,
            "account_receivable_turnover_ratio": 1.68,
            "reinvestment_rate": -6.01,
            "research_to_sale_ratio": 1.1,
            "price_fair": 59.51,
            "eps_avg_yearly": 19.84,
            "eps_latest_yearly": 14.2,
            "eps_growth_yearly": -2.55
        },
        "20231": {
            "year_quarter": 20231,
            "year": 2023,
            "quarter": 1,
            "eps": 3.23,
            "eps_growth_year": -45.07,
            "eps_4q": 17.56,
            "eps_4q_growth_year": -13,
            "roe": 2.71,
            "roe_4q": 15,
            "gross_profit": 293939,
            "gross_margin": 25.98,
            "gross_margin_4q_avg": 28.65,
            "net_income": 162960,
            "net_income_4q": null,
            "revenue": 1131333,
            "revenue_4q": null,
            "common_shares": 504165,
            "book_valuer_per_share": 114.09,
            "book_valuer_per_share_4q_avg": 118.26,
            "equity": 5751856,
            "current_ratio": 216.85,
            "debt_ratio": 29.21,
            "inventory_turnover_ratio": 0.64,
            "account_receivable_turnover_ratio": 1.61,
            "reinvestment_rate": -11.97,
            "research_to_sale_ratio": 1.25,
            "price_fair": 56.18,
            "eps_avg_yearly": 18.73,
            "eps_latest_yearly": 12.92,
            "eps_growth_yearly": -2.88
        },
        "20232": {
            "year_quarter": 20232,
            "year": 2023,
            "quarter": 2,
            "eps": 2.74,
            "eps_growth_year": -42.92,
            "eps_4q": 15.5,
            "eps_4q_growth_year": -25.45,
            "roe": 2.37,
            "roe_4q": 13.08,
            "gross_profit": 223092,
            "gross_margin": 20.77,
            "gross_margin_4q_avg": 26.48,
            "net_income": 138000,
            "net_income_4q": null,
            "revenue": 1074335,
            "revenue_4q": null,
            "common_shares": 504165,
            "book_valuer_per_share": 116.81,
            "book_valuer_per_share_4q_avg": 118.9,
            "equity": 5889148,
            "current_ratio": 231.51,
            "debt_ratio": 27.47,
            "inventory_turnover_ratio": 0.65,
            "account_receivable_turnover_ratio": 1.57,
            "reinvestment_rate": -16.58,
            "research_to_sale_ratio": 1.26,
            "price_fair": 53.59,
            "eps_avg_yearly": 17.86,
            "eps_latest_yearly": 10.96,
            "eps_growth_yearly": -1.83
        },
        "20233": {
            "year_quarter": 20233,
            "year": 2023,
            "quarter": 3,
            "eps": 2.73,
            "eps_growth_year": -54.42,
            "eps_4q": 12.25,
            "eps_4q_growth_year": -42.12,
            "roe": 2.31,
            "roe_4q": 10.29,
            "gross_profit": 177814,
            "gross_margin": 16.87,
            "gross_margin_4q_avg": 23.41,
            "net_income": 137879,
            "net_income_4q": null,
            "revenue": 1053828,
            "revenue_4q": null,
            "common_shares": 504165,
            "book_valuer_per_share": 119.54,
            "book_valuer_per_share_4q_avg": 118.69,
            "equity": 6027007,
            "current_ratio": 316.42,
            "debt_ratio": 20.55,
            "inventory_turnover_ratio": 0.69,
            "account_receivable_turnover_ratio": 1.7,
            "reinvestment_rate": -16.69,
            "research_to_sale_ratio": 1.46,
            "price_fair": 171.7,
            "eps_avg_yearly": 17.17,
            "eps_latest_yearly": 10.92,
            "eps_growth_yearly": 0.87
        }
    },
    "months": {
        "2003-10": {
            "month": "2003-10",
            "price": "41.00",
            "revenue": 47455
        },
        "2003-11": {
            "month": "2003-11",
            "price": "44.01",
            "revenue": 41696
        },
        "2003-12": {
            "month": "2003-12",
            "price": "47.50",
            "revenue": 43572
        },
        "2004-01": {
            "month": "2004-01",
            "price": "42.48",
            "revenue": 54826
        },
        "2004-02": {
            "month": "2004-02",
            "price": "49.76",
            "revenue": 55888
        },
        "2004-03": {
            "month": "2004-03",
            "price": "48.55",
            "revenue": 58823
        },
        "2004-04": {
            "month": "2004-04",
            "price": "42.88",
            "revenue": 58168
        },
        "2004-05": {
            "month": "2004-05",
            "price": "36.98",
            "revenue": 51175
        },
        "2004-06": {
            "month": "2004-06",
            "price": "35.95",
            "revenue": 53708
        },
        "2004-07": {
            "month": "2004-07",
            "price": "31.10",
            "revenue": 60102
        },
        "2004-08": {
            "month": "2004-08",
            "price": "30.28",
            "revenue": 58981
        },
        "2004-09": {
            "month": "2004-09",
            "price": "30.90",
            "revenue": 57444
        },
        "2004-10": {
            "month": "2004-10",
            "price": "30.44",
            "revenue": 70827
        },
        "2004-11": {
            "month": "2004-11",
            "price": "36.77",
            "revenue": 72700
        },
        "2004-12": {
            "month": "2004-12",
            "price": "42.07",
            "revenue": 72239
        },
        "2005-01": {
            "month": "2005-01",
            "price": "49.00",
            "revenue": 67234
        },
        "2005-02": {
            "month": "2005-02",
            "price": "61.08",
            "revenue": 60424
        },
        "2005-03": {
            "month": "2005-03",
            "price": "57.50",
            "revenue": 68866
        },
        "2005-04": {
            "month": "2005-04",
            "price": "49.62",
            "revenue": 69279
        },
        "2005-05": {
            "month": "2005-05",
            "price": "55.21",
            "revenue": 66023
        },
        "2005-06": {
            "month": "2005-06",
            "price": "56.35",
            "revenue": 72641
        },
        "2005-07": {
            "month": "2005-07",
            "price": "64.28",
            "revenue": 69178
        },
        "2005-08": {
            "month": "2005-08",
            "price": "75.79",
            "revenue": 92814
        },
        "2005-09": {
            "month": "2005-09",
            "price": "72.01",
            "revenue": 90315
        },
        "2005-10": {
            "month": "2005-10",
            "price": "64.58",
            "revenue": 89814
        },
        "2005-11": {
            "month": "2005-11",
            "price": "63.74",
            "revenue": 89927
        },
        "2005-12": {
            "month": "2005-12",
            "price": "68.22",
            "revenue": 117883
        },
        "2006-01": {
            "month": "2006-01",
            "price": "76.34",
            "revenue": 113978
        },
        "2006-02": {
            "month": "2006-02",
            "price": "79.13",
            "revenue": 104834
        },
        "2006-03": {
            "month": "2006-03",
            "price": "91.91",
            "revenue": 120318
        },
        "2006-04": {
            "month": "2006-04",
            "price": "99.16",
            "revenue": 108106
        },
        "2006-05": {
            "month": "2006-05",
            "price": "107.10",
            "revenue": 111795
        },
        "2006-06": {
            "month": "2006-06",
            "price": "98.55",
            "revenue": 135951
        },
        "2006-07": {
            "month": "2006-07",
            "price": "106.43",
            "revenue": 127696
        },
        "2006-08": {
            "month": "2006-08",
            "price": "107.54",
            "revenue": 133096
        },
        "2006-09": {
            "month": "2006-09",
            "price": "104.48",
            "revenue": 137798
        },
        "2006-10": {
            "month": "2006-10",
            "price": "115.75",
            "revenue": 138088
        },
        "2006-11": {
            "month": "2006-11",
            "price": "130.86",
            "revenue": 139716
        },
        "2006-12": {
            "month": "2006-12",
            "price": "139.79",
            "revenue": 138259
        },
        "2007-01": {
            "month": "2007-01",
            "price": "138.23",
            "revenue": 138323
        },
        "2007-02": {
            "month": "2007-02",
            "price": "136.92",
            "revenue": 133634
        },
        "2007-03": {
            "month": "2007-03",
            "price": "131.70",
            "revenue": 131554
        },
        "2007-04": {
            "month": "2007-04",
            "price": "128.88",
            "revenue": 133215
        },
        "2007-05": {
            "month": "2007-05",
            "price": "145.73",
            "revenue": 134870
        },
        "2007-06": {
            "month": "2007-06",
            "price": "151.38",
            "revenue": 136489
        },
        "2007-07": {
            "month": "2007-07",
            "price": "165.09",
            "revenue": 134438
        },
        "2007-08": {
            "month": "2007-08",
            "price": "146.91",
            "revenue": 138296
        },
        "2007-09": {
            "month": "2007-09",
            "price": "143.72",
            "revenue": 139002
        },
        "2007-10": {
            "month": "2007-10",
            "price": "148.57",
            "revenue": 167613
        },
        "2007-11": {
            "month": "2007-11",
            "price": "150.75",
            "revenue": 171312
        },
        "2007-12": {
            "month": "2007-12",
            "price": "141.60",
            "revenue": 177001
        },
        "2008-01": {
            "month": "2008-01",
            "price": "129.20",
            "revenue": 171989
        },
        "2008-02": {
            "month": "2008-02",
            "price": "124.75",
            "revenue": 175926
        },
        "2008-03": {
            "month": "2008-03",
            "price": "130.14",
            "revenue": 174850
        },
        "2008-04": {
            "month": "2008-04",
            "price": "146.33",
            "revenue": 174867
        },
        "2008-05": {
            "month": "2008-05",
            "price": "148.93",
            "revenue": 176517
        },
        "2008-06": {
            "month": "2008-06",
            "price": "141.64",
            "revenue": 180268
        },
        "2008-07": {
            "month": "2008-07",
            "price": "141.98",
            "revenue": 177327
        },
        "2008-08": {
            "month": "2008-08",
            "price": "135.24",
            "revenue": 174517
        },
        "2008-09": {
            "month": "2008-09",
            "price": "124.05",
            "revenue": 174600
        },
        "2008-10": {
            "month": "2008-10",
            "price": "105.63",
            "revenue": 172171
        },
        "2008-11": {
            "month": "2008-11",
            "price": "103.95",
            "revenue": 176880
        },
        "2008-12": {
            "month": "2008-12",
            "price": "104.33",
            "revenue": 172599
        },
        "2009-01": {
            "month": "2009-01",
            "price": "105.90",
            "revenue": 177140
        },
        "2009-02": {
            "month": "2009-02",
            "price": "108.50",
            "revenue": 174223
        },
        "2009-03": {
            "month": "2009-03",
            "price": "117.77",
            "revenue": 176495
        },
        "2009-04": {
            "month": "2009-04",
            "price": "123.27",
            "revenue": 175227
        },
        "2009-05": {
            "month": "2009-05",
            "price": "126.33",
            "revenue": 176674
        },
        "2009-06": {
            "month": "2009-06",
            "price": "125.98",
            "revenue": 178207
        },
        "2009-07": {
            "month": "2009-07",
            "price": "138.98",
            "revenue": 191515
        },
        "2009-08": {
            "month": "2009-08",
            "price": "142.00",
            "revenue": 215021
        },
        "2009-09": {
            "month": "2009-09",
            "price": "149.50",
            "revenue": 205514
        },
        "2009-10": {
            "month": "2009-10",
            "price": "169.86",
            "revenue": 208279
        },
        "2009-11": {
            "month": "2009-11",
            "price": "183.10",
            "revenue": 218887
        },
        "2009-12": {
            "month": "2009-12",
            "price": "184.76",
            "revenue": 235775
        },
        "2010-01": {
            "month": "2010-01",
            "price": "195.62",
            "revenue": 220733
        },
        "2010-02": {
            "month": "2010-02",
            "price": "194.04",
            "revenue": 226189
        },
        "2010-03": {
            "month": "2010-03",
            "price": "214.07",
            "revenue": 237673
        },
        "2010-04": {
            "month": "2010-04",
            "price": "234.33",
            "revenue": 240388
        },
        "2010-05": {
            "month": "2010-05",
            "price": "242.62",
            "revenue": 242757
        },
        "2010-06": {
            "month": "2010-06",
            "price": "247.33",
            "revenue": 251174
        },
        "2010-07": {
            "month": "2010-07",
            "price": "275.95",
            "revenue": 255227
        },
        "2010-08": {
            "month": "2010-08",
            "price": "285.43",
            "revenue": 263378
        },
        "2010-09": {
            "month": "2010-09",
            "price": "321.90",
            "revenue": 265858
        },
        "2010-10": {
            "month": "2010-10",
            "price": "336.71",
            "revenue": 273946
        },
        "2010-11": {
            "month": "2010-11",
            "price": "362.52",
            "revenue": 276073
        },
        "2010-12": {
            "month": "2010-12",
            "price": "400.00",
            "revenue": 284905
        },
        "2011-01": {
            "month": "2011-01",
            "price": "383.00",
            "revenue": 285516
        },
        "2011-02": {
            "month": "2011-02",
            "price": "376.29",
            "revenue": 283951
        },
        "2011-03": {
            "month": "2011-03",
            "price": "363.41",
            "revenue": 280995
        },
        "2011-04": {
            "month": "2011-04",
            "price": "405.61",
            "revenue": 271884
        },
        "2011-05": {
            "month": "2011-05",
            "price": "407.93",
            "revenue": 283730
        },
        "2011-06": {
            "month": "2011-06",
            "price": "418.55",
            "revenue": 288431
        },
        "2011-07": {
            "month": "2011-07",
            "price": "433.02",
            "revenue": 283478
        },
        "2011-08": {
            "month": "2011-08",
            "price": "402.91",
            "revenue": 282728
        },
        "2011-09": {
            "month": "2011-09",
            "price": "384.14",
            "revenue": 281941
        },
        "2011-10": {
            "month": "2011-10",
            "price": "379.42",
            "revenue": 284589
        },
        "2011-11": {
            "month": "2011-11",
            "price": "369.16",
            "revenue": 282779
        },
        "2011-12": {
            "month": "2011-12",
            "price": "313.30",
            "revenue": 286551
        },
        "2012-01": {
            "month": "2012-01",
            "price": "301.00",
            "revenue": 297208
        },
        "2012-02": {
            "month": "2012-02",
            "price": "352.10",
            "revenue": 296235
        },
        "2012-03": {
            "month": "2012-03",
            "price": "388.22",
            "revenue": 294909
        },
        "2012-04": {
            "month": "2012-04",
            "price": "366.40",
            "revenue": 296773
        },
        "2012-05": {
            "month": "2012-05",
            "price": "332.14",
            "revenue": 305642
        },
        "2012-06": {
            "month": "2012-06",
            "price": "319.55",
            "revenue": 314015
        },
        "2012-07": {
            "month": "2012-07",
            "price": "345.64",
            "revenue": 325447
        },
        "2012-08": {
            "month": "2012-08",
            "price": "351.77",
            "revenue": 383632
        },
        "2012-09": {
            "month": "2012-09",
            "price": "364.38",
            "revenue": 387430
        },
        "2012-10": {
            "month": "2012-10",
            "price": "398.45",
            "revenue": 391520
        },
        "2012-11": {
            "month": "2012-11",
            "price": "420.18",
            "revenue": 403004
        },
        "2012-12": {
            "month": "2012-12",
            "price": "439.48",
            "revenue": 408106
        },
        "2013-01": {
            "month": "2013-01",
            "price": "445.18",
            "revenue": 412438
        },
        "2013-02": {
            "month": "2013-02",
            "price": "506.15",
            "revenue": 349087
        },
        "2013-03": {
            "month": "2013-03",
            "price": "568.86",
            "revenue": 360573
        },
        "2013-04": {
            "month": "2013-04",
            "price": "599.55",
            "revenue": 413066
        },
        "2013-05": {
            "month": "2013-05",
            "price": "674.27",
            "revenue": 431153
        },
        "2013-06": {
            "month": "2013-06",
            "price": "710.74",
            "revenue": 443981
        },
        "2013-07": {
            "month": "2013-07",
            "price": "843.96",
            "revenue": 444222
        },
        "2013-08": {
            "month": "2013-08",
            "price": "813.95",
            "revenue": 466690
        },
        "2013-09": {
            "month": "2013-09",
            "price": "827.30",
            "revenue": 466005
        },
        "2013-10": {
            "month": "2013-10",
            "price": "861.77",
            "revenue": 474590
        },
        "2013-11": {
            "month": "2013-11",
            "price": "872.24",
            "revenue": 476891
        },
        "2013-12": {
            "month": "2013-12",
            "price": "853.32",
            "revenue": 483466
        },
        "2014-01": {
            "month": "2014-01",
            "price": "813.22",
            "revenue": 476728
        },
        "2014-02": {
            "month": "2014-02",
            "price": "808.41",
            "revenue": 457771
        },
        "2014-03": {
            "month": "2014-03",
            "price": "755.00",
            "revenue": 450124
        },
        "2014-04": {
            "month": "2014-04",
            "price": "666.95",
            "revenue": 455295
        },
        "2014-05": {
            "month": "2014-05",
            "price": "717.33",
            "revenue": 461731
        },
        "2014-06": {
            "month": "2014-06",
            "price": "727.25",
            "revenue": 439694
        },
        "2014-07": {
            "month": "2014-07",
            "price": "657.86",
            "revenue": 449522
        },
        "2014-08": {
            "month": "2014-08",
            "price": "613.62",
            "revenue": 439479
        },
        "2014-09": {
            "month": "2014-09",
            "price": "651.62",
            "revenue": 440640
        },
        "2014-10": {
            "month": "2014-10",
            "price": "548.80",
            "revenue": 435545
        },
        "2014-11": {
            "month": "2014-11",
            "price": "490.50",
            "revenue": 453247
        },
        "2014-12": {
            "month": "2014-12",
            "price": "519.29",
            "revenue": 451549
        },
        "2015-01": {
            "month": "2015-01",
            "price": "518.85",
            "revenue": 454478
        },
        "2015-02": {
            "month": "2015-02",
            "price": "487.12",
            "revenue": 450750
        },
        "2015-03": {
            "month": "2015-03",
            "price": "515.45",
            "revenue": 440842
        },
        "2015-04": {
            "month": "2015-04",
            "price": "530.65",
            "revenue": 451423
        },
        "2015-05": {
            "month": "2015-05",
            "price": "541.80",
            "revenue": 464669
        },
        "2015-06": {
            "month": "2015-06",
            "price": "516.00",
            "revenue": 477969
        },
        "2015-07": {
            "month": "2015-07",
            "price": "461.07",
            "revenue": 480452
        },
        "2015-08": {
            "month": "2015-08",
            "price": "357.00",
            "revenue": 470788
        },
        "2015-09": {
            "month": "2015-09",
            "price": "388.18",
            "revenue": 534045
        },
        "2015-10": {
            "month": "2015-10",
            "price": "474.00",
            "revenue": 546170
        },
        "2015-11": {
            "month": "2015-11",
            "price": "588.33",
            "revenue": 533225
        },
        "2015-12": {
            "month": "2015-12",
            "price": "646.39",
            "revenue": 555401
        },
        "2016-01": {
            "month": "2016-01",
            "price": "624.95",
            "revenue": 539637
        },
        "2016-02": {
            "month": "2016-02",
            "price": "637.00",
            "revenue": 441428
        },
        "2016-03": {
            "month": "2016-03",
            "price": "598.65",
            "revenue": 531917
        },
        "2016-04": {
            "month": "2016-04",
            "price": "637.63",
            "revenue": 451315
        },
        "2016-05": {
            "month": "2016-05",
            "price": "662.95",
            "revenue": 539127
        },
        "2016-06": {
            "month": "2016-06",
            "price": "701.57",
            "revenue": 557022
        },
        "2016-07": {
            "month": "2016-07",
            "price": "758.40",
            "revenue": 565227
        },
        "2016-08": {
            "month": "2016-08",
            "price": "758.52",
            "revenue": 575122
        },
        "2016-09": {
            "month": "2016-09",
            "price": "767.74",
            "revenue": 577475
        },
        "2016-10": {
            "month": "2016-10",
            "price": "714.15",
            "revenue": 507466
        },
        "2016-11": {
            "month": "2016-11",
            "price": "626.86",
            "revenue": 580677
        },
        "2016-12": {
            "month": "2016-12",
            "price": "617.68",
            "revenue": 592056
        },
        "2017-01": {
            "month": "2017-01",
            "price": "600.81",
            "revenue": 454538
        },
        "2017-02": {
            "month": "2017-02",
            "price": "558.67",
            "revenue": 457471
        },
        "2017-03": {
            "month": "2017-03",
            "price": "577.83",
            "revenue": 540541
        },
        "2017-04": {
            "month": "2017-04",
            "price": "583.94",
            "revenue": 502114
        },
        "2017-05": {
            "month": "2017-05",
            "price": "567.80",
            "revenue": 504311
        },
        "2017-06": {
            "month": "2017-06",
            "price": "617.70",
            "revenue": 543606
        },
        "2017-07": {
            "month": "2017-07",
            "price": "629.81",
            "revenue": 586254
        },
        "2017-08": {
            "month": "2017-08",
            "price": "654.57",
            "revenue": 596406
        },
        "2017-09": {
            "month": "2017-09",
            "price": "654.73",
            "revenue": 590243
        },
        "2017-10": {
            "month": "2017-10",
            "price": "681.58",
            "revenue": 522995
        },
        "2017-11": {
            "month": "2017-11",
            "price": "826.18",
            "revenue": 569106
        },
        "2017-12": {
            "month": "2017-12",
            "price": "912.29",
            "revenue": 550312
        },
        "2018-01": {
            "month": "2018-01",
            "price": "956.45",
            "revenue": 573046
        },
        "2018-02": {
            "month": "2018-02",
            "price": "893.23",
            "revenue": 422814
        },
        "2018-03": {
            "month": "2018-03",
            "price": "872.57",
            "revenue": 582447
        },
        "2018-04": {
            "month": "2018-04",
            "price": "813.11",
            "revenue": 577551
        },
        "2018-05": {
            "month": "2018-05",
            "price": "790.23",
            "revenue": 586137
        },
        "2018-06": {
            "month": "2018-06",
            "price": "733.80",
            "revenue": 558697
        },
        "2018-07": {
            "month": "2018-07",
            "price": "632.05",
            "revenue": 558791
        },
        "2018-08": {
            "month": "2018-08",
            "price": "658.17",
            "revenue": 560391
        },
        "2018-09": {
            "month": "2018-09",
            "price": "641.63",
            "revenue": 543529
        },
        "2018-10": {
            "month": "2018-10",
            "price": "551.64",
            "revenue": 583131
        },
        "2018-11": {
            "month": "2018-11",
            "price": "531.77",
            "revenue": 576576
        },
        "2018-12": {
            "month": "2018-12",
            "price": "553.76",
            "revenue": 547909
        },
        "2019-01": {
            "month": "2019-01",
            "price": "553.14",
            "revenue": 590044
        },
        "2019-02": {
            "month": "2019-02",
            "price": "586.08",
            "revenue": 479118
        },
        "2019-03": {
            "month": "2019-03",
            "price": "581.35",
            "revenue": 554401
        },
        "2019-04": {
            "month": "2019-04",
            "price": "588.90",
            "revenue": 523572
        },
        "2019-05": {
            "month": "2019-05",
            "price": "540.86",
            "revenue": 522265
        },
        "2019-06": {
            "month": "2019-06",
            "price": "551.00",
            "revenue": 526390
        },
        "2019-07": {
            "month": "2019-07",
            "price": "539.83",
            "revenue": 522637
        },
        "2019-08": {
            "month": "2019-08",
            "price": "489.24",
            "revenue": 524826
        },
        "2019-09": {
            "month": "2019-09",
            "price": "444.55",
            "revenue": 525289
        },
        "2019-10": {
            "month": "2019-10",
            "price": "445.45",
            "revenue": 525965
        },
        "2019-11": {
            "month": "2019-11",
            "price": "456.79",
            "revenue": 527408
        },
        "2019-12": {
            "month": "2019-12",
            "price": "470.68",
            "revenue": 524755
        },
        "2020-01": {
            "month": "2020-01",
            "price": "431.43",
            "revenue": 415791
        },
        "2020-02": {
            "month": "2020-02",
            "price": "405.42",
            "revenue": 463892
        },
        "2020-03": {
            "month": "2020-03",
            "price": "332.43",
            "revenue": 455729
        },
        "2020-04": {
            "month": "2020-04",
            "price": "325.90",
            "revenue": 411937
        },
        "2020-05": {
            "month": "2020-05",
            "price": "360.18",
            "revenue": 403851
        },
        "2020-06": {
            "month": "2020-06",
            "price": "359.98",
            "revenue": 400431
        },
        "2020-07": {
            "month": "2020-07",
            "price": "339.76",
            "revenue": 352759
        },
        "2020-08": {
            "month": "2020-08",
            "price": "295.79",
            "revenue": 355895
        },
        "2020-09": {
            "month": "2020-09",
            "price": "276.18",
            "revenue": 358904
        },
        "2020-10": {
            "month": "2020-10",
            "price": "268.50",
            "revenue": 415748
        },
        "2020-11": {
            "month": "2020-11",
            "price": "280.29",
            "revenue": 463464
        },
        "2020-12": {
            "month": "2020-12",
            "price": "286.65",
            "revenue": 508186
        },
        "2021-01": {
            "month": "2021-01",
            "price": "272.35",
            "revenue": 425448
        },
        "2021-02": {
            "month": "2021-02",
            "price": "272.12",
            "revenue": 394543
        },
        "2021-03": {
            "month": "2021-03",
            "price": "303.59",
            "revenue": 486091
        },
        "2021-04": {
            "month": "2021-04",
            "price": "328.18",
            "revenue": 400742
        },
        "2021-05": {
            "month": "2021-05",
            "price": "287.45",
            "revenue": 440278
        },
        "2021-06": {
            "month": "2021-06",
            "price": "318.21",
            "revenue": 501864
        },
        "2021-07": {
            "month": "2021-07",
            "price": "365.89",
            "revenue": 470757
        },
        "2021-08": {
            "month": "2021-08",
            "price": "351.95",
            "revenue": 503940
        },
        "2021-09": {
            "month": "2021-09",
            "price": "338.35",
            "revenue": 450480
        },
        "2021-10": {
            "month": "2021-10",
            "price": "288.32",
            "revenue": 417506
        },
        "2021-11": {
            "month": "2021-11",
            "price": "304.27",
            "revenue": 503424
        },
        "2021-12": {
            "month": "2021-12",
            "price": "311.45",
            "revenue": 406534
        },
        "2022-01": {
            "month": "2022-01",
            "price": "303.14",
            "revenue": 468434
        },
        "2022-02": {
            "month": "2022-02",
            "price": "291.27",
            "revenue": 368183
        },
        "2022-03": {
            "month": "2022-03",
            "price": "285.33",
            "revenue": 509145
        },
        "2022-04": {
            "month": "2022-04",
            "price": "276.76",
            "revenue": 371717
        },
        "2022-05": {
            "month": "2022-05",
            "price": "271.26",
            "revenue": 384201
        },
        "2022-06": {
            "month": "2022-06",
            "price": "271.17",
            "revenue": 469322
        },
        "2022-07": {
            "month": "2022-07",
            "price": "257.29",
            "revenue": 431500
        },
        "2022-08": {
            "month": "2022-08",
            "price": "264.37",
            "revenue": 426121
        },
        "2022-09": {
            "month": "2022-09",
            "price": "252.00",
            "revenue": 429047
        },
        "2022-10": {
            "month": "2022-10",
            "price": "217.08",
            "revenue": 402730
        },
        "2022-11": {
            "month": "2022-11",
            "price": "230.43",
            "revenue": 379099
        },
        "2022-12": {
            "month": "2022-12",
            "price": "248.20",
            "revenue": 364000
        },
        "2023-01": {
            "month": "2023-01",
            "price": "251.27",
            "revenue": 333711
        },
        "2023-02": {
            "month": "2023-02",
            "price": "258.14",
            "revenue": 397184
        },
        "2023-03": {
            "month": "2023-03",
            "price": "261.54",
            "revenue": 400438
        },
        "2023-04": {
            "month": "2023-04",
            "price": "255.15",
            "revenue": 377732
        },
        "2023-05": {
            "month": "2023-05",
            "price": "240.66",
            "revenue": 370949
        },
        "2023-06": {
            "month": "2023-06",
            "price": "235.30",
            "revenue": 325654
        },
        "2023-07": {
            "month": "2023-07",
            "price": "220.55",
            "revenue": 359944
        },
        "2023-08": {
            "month": "2023-08",
            "price": "204.34",
            "revenue": 350975
        },
        "2023-09": {
            "month": "2023-09",
            "price": "194.42",
            "revenue": 342909
        },
        "2023-10": {
            "month": "2023-10",
            "price": "186.68",
            "revenue": 371738
        },
        "2023-11": {
            "month": "2023-11",
            "price": "187.61",
            "revenue": 381520
        },
        "2023-12": {
            "month": "2023-12",
            "price": "191.02",
            "revenue": 381134
        }
    }
}
