{
    "summary": {
        "stock_name": "捷邦",
        "stock_id": "1566",
        "category": "電機機械",
        "main_business": "軸受、軸承等冶金製品之製造加工、內外銷業務。<br>汽機車機械零組件之製造加工、內外銷業務。<br>磁性材料、電子零件之製造加工、內外銷業務。",
        "website_url": "",
        "ceo": "胡湘麒",
        "pe_ratio": 22,
        "report_year_from": 2002,
        "report_year_to": 2019,
        "age": 21,
        "eps_negative_percentage": 0,
        "eps_growth_avg": {
            "last_all": -7.4,
            "last_2y": -27.65,
            "last_4y": -6.96,
            "last_8y": -5.61,
            "last_12y": null,
            "last_16y": null,
            "last_20y": null,
            "at_2006_last_3y": null,
            "at_2007_last_3y": null,
            "at_2008_last_3y": null,
            "at_2009_last_3y": null,
            "at_2010_last_3y": null,
            "at_2011_last_3y": null,
            "at_2012_last_3y": null,
            "at_2013_last_3y": -34.8,
            "at_2014_last_3y": -3.93,
            "at_2015_last_3y": 26.31,
            "at_2016_last_3y": 18.45,
            "at_2017_last_3y": 36.8,
            "at_2018_last_3y": 2.67,
            "at_2019_last_3y": -33.7,
            "at_2020_last_3y": -33.7,
            "at_2021_last_3y": -33.7,
            "at_2022_last_3y": -33.7,
            "at_2023_last_3y": -33.7,
            "at_2006_last_all": null,
            "at_2007_last_all": null,
            "at_2008_last_all": null,
            "at_2009_last_all": null,
            "at_2010_last_all": null,
            "at_2011_last_all": -22.21,
            "at_2012_last_all": -21.61,
            "at_2013_last_all": -34.8,
            "at_2014_last_all": -7.84,
            "at_2015_last_all": 10.13,
            "at_2016_last_all": 1.28,
            "at_2017_last_all": 1,
            "at_2018_last_all": -3.17,
            "at_2019_last_all": -7.4,
            "at_2020_last_all": -7.4,
            "at_2021_last_all": -7.4,
            "at_2022_last_all": -7.4,
            "at_2023_last_all": -7.4
        },
        "latest_eps": 0.91,
        "latest_price": 19.65,
        "latest_roe": 6.28,
        "latest_gross_margin": 14.51,
        "latest_equity": 1903336,
        "latest_revenue": 1433378,
        "latest_gross_profit": 207987,
        "latest_net_income": 44974,
        "latest_debt_ratio": 62.63,
        "latest_current_ratio": 119.68,
        "latest_account_receivable_turnover_ratio": 1.38,
        "latest_inventory_turnover_ratio": 1.28,
        "latest_reinvestment_rate": 27.96,
        "latest_research_to_sale_ratio": 0.89
    },
    "eps_dividends": {
        "2001": {
            "cash": 0,
            "stock": 0,
            "eps": 0
        },
        "2002": {
            "cash": 0,
            "stock": 0,
            "eps": 0
        },
        "2003": {
            "cash": 0,
            "stock": 0.5,
            "eps": 0
        },
        "2004": {
            "cash": 0.18,
            "stock": 0.42,
            "eps": 0
        },
        "2005": {
            "cash": 0,
            "stock": 0,
            "eps": 0
        },
        "2006": {
            "cash": 0.35,
            "stock": 1,
            "eps": 0
        },
        "2007": {
            "cash": 1,
            "stock": 0,
            "eps": 0
        },
        "2008": {
            "cash": 0.12,
            "stock": 0,
            "eps": 0
        },
        "2009": {
            "cash": 0,
            "stock": 0,
            "eps": 0.81
        },
        "2010": {
            "cash": 1,
            "stock": 0,
            "eps": 0.62
        },
        "2011": {
            "cash": 0.5,
            "stock": 0,
            "eps": 0.49
        },
        "2012": {
            "cash": 0.8,
            "stock": 0,
            "eps": 0.39
        },
        "2013": {
            "cash": 0.4,
            "stock": 0,
            "eps": 0.1
        },
        "2014": {
            "cash": 0,
            "stock": 0,
            "eps": 0.5
        },
        "2015": {
            "cash": 0.5,
            "stock": 0,
            "eps": 2.18
        },
        "2016": {
            "cash": 1.5,
            "stock": 0,
            "eps": 1.05
        },
        "2017": {
            "cash": 0.65,
            "stock": 0,
            "eps": 1.04
        },
        "2018": {
            "cash": 0.75,
            "stock": 0,
            "eps": 0.66
        },
        "2019": {
            "cash": 0.46,
            "stock": 0,
            "eps": 0.36
        }
    },
    "dividends": {
        "2003-07-31": {
            "cash": 0,
            "stock": 0.5
        },
        "2004-06-28": {
            "cash": 0.18,
            "stock": 0.42
        },
        "2006-04-06": {
            "cash": 0.35,
            "stock": 1
        },
        "2007-05-17": {
            "cash": 1,
            "stock": 0
        },
        "2008-05-07": {
            "cash": 0.12,
            "stock": 0
        },
        "2010-04-06": {
            "cash": 1,
            "stock": 0
        },
        "2011-05-16": {
            "cash": 0.5,
            "stock": 0
        },
        "2012-05-15": {
            "cash": 0.8,
            "stock": 0
        },
        "2013-07-31": {
            "cash": 0.4,
            "stock": 0
        },
        "2015-08-31": {
            "cash": 0.5,
            "stock": 0
        },
        "2016-08-19": {
            "cash": 1.5,
            "stock": 0
        },
        "2017-08-25": {
            "cash": 0.65,
            "stock": 0
        },
        "2018-09-28": {
            "cash": 0.75,
            "stock": 0
        },
        "2019-05-10": {
            "cash": 0.46,
            "stock": 0
        }
    },
    "prices": {
        "200101": "無",
        "200102": "無",
        "200103": "無",
        "200104": "無",
        "200105": "無",
        "200106": "無",
        "200107": "無",
        "200108": "無",
        "200109": "無",
        "200110": "無",
        "200111": "無",
        "200112": "無",
        "200201": "無",
        "200202": "無",
        "200203": "無",
        "200204": "無",
        "200205": "無",
        "200206": "無",
        "200207": "無",
        "200208": "無",
        "200209": "無",
        "200210": "無",
        "200211": "無",
        "200212": "無",
        "200301": "無",
        "200302": "無",
        "200303": "無",
        "200304": "無",
        "200305": "無",
        "200306": "無",
        "200307": "無",
        "200308": "無",
        "200309": "無",
        "200310": "無",
        "200311": "無",
        "200312": "無",
        "200401": "無",
        "200402": "無",
        "200403": "15.50",
        "200404": "無",
        "200405": "無",
        "200406": "無",
        "200407": "13.15",
        "200408": "12.18",
        "200409": "無",
        "200410": "10.24",
        "200411": "8.69",
        "200412": "7.06",
        "200501": "6.07",
        "200502": "6.21",
        "200503": "6.55",
        "200504": "6.51",
        "200505": "6.66",
        "200506": "6.49",
        "200507": "6.43",
        "200508": "7.56",
        "200509": "7.05",
        "200510": "8.22",
        "200511": "8.96",
        "200512": "9.46",
        "200601": "9.25",
        "200602": "10.29",
        "200603": "11.61",
        "200604": "11.45",
        "200605": "11.82",
        "200606": "11.41",
        "200607": "10.98",
        "200608": "10.66",
        "200609": "10.85",
        "200610": "11.19",
        "200611": "11.52",
        "200612": "10.98",
        "200701": "11.06",
        "200702": "11.25",
        "200703": "12.81",
        "200704": "15.37",
        "200705": "14.80",
        "200706": "18.01",
        "200707": "19.03",
        "200708": "18.79",
        "200709": "17.04",
        "200710": "15.34",
        "200711": "13.55",
        "200712": "12.97",
        "200801": "11.25",
        "200802": "9.16",
        "200803": "9.71",
        "200804": "10.37",
        "200805": "9.27",
        "200806": "7.90",
        "200807": "7.44",
        "200808": "7.56",
        "200809": "5.77",
        "200810": "4.27",
        "200811": "3.36",
        "200812": "3.00",
        "200901": "3.18",
        "200902": "3.65",
        "200903": "7.26",
        "200904": "6.88",
        "200905": "8.09",
        "200906": "9.97",
        "200907": "10.64",
        "200908": "11.62",
        "200909": "11.85",
        "200910": "13.08",
        "200911": "13.33",
        "200912": "13.68",
        "201001": "16.40",
        "201002": "17.44",
        "201003": "23.48",
        "201004": "28.92",
        "201005": "30.38",
        "201006": "30.01",
        "201007": "31.73",
        "201008": "35.63",
        "201009": "34.06",
        "201010": "34.61",
        "201011": "29.57",
        "201012": "26.73",
        "201101": "25.84",
        "201102": "22.32",
        "201103": "24.30",
        "201104": "25.49",
        "201105": "22.30",
        "201106": "19.85",
        "201107": "17.25",
        "201108": "16.19",
        "201109": "15.38",
        "201110": "14.51",
        "201111": "13.68",
        "201112": "12.07",
        "201201": "13.69",
        "201202": "18.68",
        "201203": "22.61",
        "201204": "24.73",
        "201205": "24.94",
        "201206": "25.43",
        "201207": "31.30",
        "201208": "33.47",
        "201209": "33.58",
        "201210": "34.88",
        "201211": "31.13",
        "201212": "32.68",
        "201301": "32.67",
        "201302": "34.62",
        "201303": "34.73",
        "201304": "29.40",
        "201305": "30.04",
        "201306": "35.46",
        "201307": "31.33",
        "201308": "28.78",
        "201309": "25.98",
        "201310": "24.65",
        "201311": "20.17",
        "201312": "22.15",
        "201401": "24.08",
        "201402": "21.47",
        "201403": "22.11",
        "201404": "19.90",
        "201405": "17.89",
        "201406": "20.88",
        "201407": "21.91",
        "201408": "19.30",
        "201409": "20.48",
        "201410": "20.02",
        "201411": "19.54",
        "201412": "20.13",
        "201501": "21.10",
        "201502": "21.22",
        "201503": "27.50",
        "201504": "27.52",
        "201505": "27.60",
        "201506": "27.07",
        "201507": "22.01",
        "201508": "17.89",
        "201509": "20.16",
        "201510": "20.17",
        "201511": "23.76",
        "201512": "23.14",
        "201601": "20.44",
        "201602": "20.97",
        "201603": "23.48",
        "201604": "23.18",
        "201605": "21.04",
        "201606": "20.63",
        "201607": "21.40",
        "201608": "19.87",
        "201609": "19.54",
        "201610": "18.67",
        "201611": "16.27",
        "201612": "16.39",
        "201701": "17.18",
        "201702": "17.46",
        "201703": "17.55",
        "201704": "17.31",
        "201705": "17.50",
        "201706": "17.85",
        "201707": "17.67",
        "201708": "17.23",
        "201709": "21.12",
        "201710": "20.26",
        "201711": "19.72",
        "201712": "19.56",
        "201801": "20.93",
        "201802": "19.67",
        "201803": "20.80",
        "201804": "19.69",
        "201805": "19.07",
        "201806": "17.74",
        "201807": "17.11",
        "201808": "17.11",
        "201809": "16.22",
        "201810": "14.60",
        "201811": "14.07",
        "201812": "13.99",
        "201901": "14.44",
        "201902": "16.84",
        "201903": "17.45",
        "201904": "17.55",
        "201905": "17.69",
        "201906": "17.91",
        "201907": "19.55",
        "201908": "無",
        "201909": "無",
        "201910": "無",
        "201911": "無",
        "201912": "無",
        "202001": "無",
        "202002": "無",
        "202003": "無",
        "202004": "無",
        "202005": "無",
        "202006": "無",
        "202007": "無",
        "202008": "無",
        "202009": "無",
        "202010": "無",
        "202011": "無",
        "202012": "無",
        "202101": "無",
        "202102": "無",
        "202103": "無",
        "202104": "無",
        "202105": "無",
        "202106": "無",
        "202107": "無",
        "202108": "無",
        "202109": "無",
        "202110": "無",
        "202111": "無",
        "202112": "無",
        "202201": "無",
        "202202": "無",
        "202203": "無",
        "202204": "無",
        "202205": "無",
        "202206": "無",
        "202207": "無",
        "202208": "無",
        "202209": "無",
        "202210": "無",
        "202211": "無",
        "202212": "無",
        "202301": "無",
        "202302": "無",
        "202303": "無",
        "202304": "無",
        "202305": "無",
        "202306": "無"
    },
    "quarters": {
        "20011": {
            "year_quarter": 20011,
            "year": 2001,
            "quarter": 1,
            "eps": null,
            "eps_growth_year": null,
            "eps_4q": null,
            "eps_4q_growth_year": null,
            "roe": null,
            "roe_4q": 0,
            "gross_profit": null,
            "gross_margin": null,
            "gross_margin_4q_avg": 0,
            "net_income": null,
            "revenue": null,
            "common_shares": null,
            "book_valuer_per_share": null,
            "book_valuer_per_share_4q_avg": 0,
            "equity": null,
            "current_ratio": null,
            "debt_ratio": null,
            "inventory_turnover_ratio": null,
            "account_receivable_turnover_ratio": null,
            "reinvestment_rate": null,
            "research_to_sale_ratio": null,
            "price_fair": 0,
            "eps_avg_yearly": 0,
            "eps_latest_yearly": 0,
            "eps_growth_yearly": 0
        },
        "20012": {
            "year_quarter": 20012,
            "year": 2001,
            "quarter": 2,
            "eps": null,
            "eps_growth_year": null,
            "eps_4q": null,
            "eps_4q_growth_year": null,
            "roe": null,
            "roe_4q": 0,
            "gross_profit": null,
            "gross_margin": null,
            "gross_margin_4q_avg": 0,
            "net_income": null,
            "revenue": null,
            "common_shares": null,
            "book_valuer_per_share": null,
            "book_valuer_per_share_4q_avg": 0,
            "equity": null,
            "current_ratio": null,
            "debt_ratio": null,
            "inventory_turnover_ratio": null,
            "account_receivable_turnover_ratio": null,
            "reinvestment_rate": null,
            "research_to_sale_ratio": null,
            "price_fair": 0,
            "eps_avg_yearly": 0,
            "eps_latest_yearly": 0,
            "eps_growth_yearly": 0
        },
        "20013": {
            "year_quarter": 20013,
            "year": 2001,
            "quarter": 3,
            "eps": null,
            "eps_growth_year": null,
            "eps_4q": null,
            "eps_4q_growth_year": null,
            "roe": null,
            "roe_4q": 0,
            "gross_profit": null,
            "gross_margin": null,
            "gross_margin_4q_avg": 0,
            "net_income": null,
            "revenue": null,
            "common_shares": null,
            "book_valuer_per_share": null,
            "book_valuer_per_share_4q_avg": 0,
            "equity": null,
            "current_ratio": null,
            "debt_ratio": null,
            "inventory_turnover_ratio": null,
            "account_receivable_turnover_ratio": null,
            "reinvestment_rate": null,
            "research_to_sale_ratio": null,
            "price_fair": 0,
            "eps_avg_yearly": 0,
            "eps_latest_yearly": 0,
            "eps_growth_yearly": 0
        },
        "20014": {
            "year_quarter": 20014,
            "year": 2001,
            "quarter": 4,
            "eps": null,
            "eps_growth_year": null,
            "eps_4q": null,
            "eps_4q_growth_year": null,
            "roe": null,
            "roe_4q": 0,
            "gross_profit": null,
            "gross_margin": null,
            "gross_margin_4q_avg": 0,
            "net_income": null,
            "revenue": null,
            "common_shares": 120620,
            "book_valuer_per_share": 8.79,
            "book_valuer_per_share_4q_avg": 2.2,
            "equity": 106025,
            "current_ratio": 300.93,
            "debt_ratio": 27.44,
            "inventory_turnover_ratio": null,
            "account_receivable_turnover_ratio": null,
            "reinvestment_rate": null,
            "research_to_sale_ratio": null,
            "price_fair": 0,
            "eps_avg_yearly": 0,
            "eps_latest_yearly": 0,
            "eps_growth_yearly": 0
        },
        "20021": {
            "year_quarter": 20021,
            "year": 2002,
            "quarter": 1,
            "eps": null,
            "eps_growth_year": null,
            "eps_4q": null,
            "eps_4q_growth_year": null,
            "roe": null,
            "roe_4q": 0,
            "gross_profit": null,
            "gross_margin": null,
            "gross_margin_4q_avg": 0,
            "net_income": null,
            "revenue": null,
            "common_shares": null,
            "book_valuer_per_share": null,
            "book_valuer_per_share_4q_avg": 2.2,
            "equity": null,
            "current_ratio": null,
            "debt_ratio": null,
            "inventory_turnover_ratio": null,
            "account_receivable_turnover_ratio": null,
            "reinvestment_rate": null,
            "research_to_sale_ratio": null,
            "price_fair": 0,
            "eps_avg_yearly": 0,
            "eps_latest_yearly": 0,
            "eps_growth_yearly": 0
        },
        "20022": {
            "year_quarter": 20022,
            "year": 2002,
            "quarter": 2,
            "eps": null,
            "eps_growth_year": null,
            "eps_4q": null,
            "eps_4q_growth_year": null,
            "roe": null,
            "roe_4q": 0,
            "gross_profit": null,
            "gross_margin": null,
            "gross_margin_4q_avg": 0,
            "net_income": null,
            "revenue": null,
            "common_shares": null,
            "book_valuer_per_share": null,
            "book_valuer_per_share_4q_avg": 2.2,
            "equity": null,
            "current_ratio": null,
            "debt_ratio": null,
            "inventory_turnover_ratio": null,
            "account_receivable_turnover_ratio": null,
            "reinvestment_rate": null,
            "research_to_sale_ratio": null,
            "price_fair": 0,
            "eps_avg_yearly": 0,
            "eps_latest_yearly": 0,
            "eps_growth_yearly": 0
        },
        "20023": {
            "year_quarter": 20023,
            "year": 2002,
            "quarter": 3,
            "eps": null,
            "eps_growth_year": null,
            "eps_4q": null,
            "eps_4q_growth_year": null,
            "roe": null,
            "roe_4q": 0,
            "gross_profit": null,
            "gross_margin": null,
            "gross_margin_4q_avg": 0,
            "net_income": null,
            "revenue": null,
            "common_shares": null,
            "book_valuer_per_share": null,
            "book_valuer_per_share_4q_avg": 2.2,
            "equity": null,
            "current_ratio": null,
            "debt_ratio": null,
            "inventory_turnover_ratio": null,
            "account_receivable_turnover_ratio": null,
            "reinvestment_rate": null,
            "research_to_sale_ratio": null,
            "price_fair": 0,
            "eps_avg_yearly": 0,
            "eps_latest_yearly": 0,
            "eps_growth_yearly": 0
        },
        "20024": {
            "year_quarter": 20024,
            "year": 2002,
            "quarter": 4,
            "eps": null,
            "eps_growth_year": null,
            "eps_4q": null,
            "eps_4q_growth_year": null,
            "roe": null,
            "roe_4q": 0,
            "gross_profit": null,
            "gross_margin": null,
            "gross_margin_4q_avg": 0,
            "net_income": null,
            "revenue": null,
            "common_shares": 180620,
            "book_valuer_per_share": 11,
            "book_valuer_per_share_4q_avg": 2.75,
            "equity": 198640,
            "current_ratio": 209.72,
            "debt_ratio": 36.11,
            "inventory_turnover_ratio": null,
            "account_receivable_turnover_ratio": null,
            "reinvestment_rate": null,
            "research_to_sale_ratio": null,
            "price_fair": 0,
            "eps_avg_yearly": 0,
            "eps_latest_yearly": 0,
            "eps_growth_yearly": 0
        },
        "20031": {
            "year_quarter": 20031,
            "year": 2003,
            "quarter": 1,
            "eps": null,
            "eps_growth_year": null,
            "eps_4q": null,
            "eps_4q_growth_year": null,
            "roe": null,
            "roe_4q": 0,
            "gross_profit": null,
            "gross_margin": null,
            "gross_margin_4q_avg": 0,
            "net_income": null,
            "revenue": null,
            "common_shares": null,
            "book_valuer_per_share": null,
            "book_valuer_per_share_4q_avg": 2.75,
            "equity": null,
            "current_ratio": null,
            "debt_ratio": null,
            "inventory_turnover_ratio": null,
            "account_receivable_turnover_ratio": null,
            "reinvestment_rate": null,
            "research_to_sale_ratio": null,
            "price_fair": 0,
            "eps_avg_yearly": 0,
            "eps_latest_yearly": 0,
            "eps_growth_yearly": 0
        },
        "20032": {
            "year_quarter": 20032,
            "year": 2003,
            "quarter": 2,
            "eps": null,
            "eps_growth_year": null,
            "eps_4q": null,
            "eps_4q_growth_year": null,
            "roe": null,
            "roe_4q": 0,
            "gross_profit": null,
            "gross_margin": null,
            "gross_margin_4q_avg": 0,
            "net_income": null,
            "revenue": null,
            "common_shares": null,
            "book_valuer_per_share": null,
            "book_valuer_per_share_4q_avg": 2.75,
            "equity": null,
            "current_ratio": null,
            "debt_ratio": null,
            "inventory_turnover_ratio": null,
            "account_receivable_turnover_ratio": null,
            "reinvestment_rate": null,
            "research_to_sale_ratio": null,
            "price_fair": 0,
            "eps_avg_yearly": 0,
            "eps_latest_yearly": 0,
            "eps_growth_yearly": 0
        },
        "20033": {
            "year_quarter": 20033,
            "year": 2003,
            "quarter": 3,
            "eps": null,
            "eps_growth_year": null,
            "eps_4q": null,
            "eps_4q_growth_year": null,
            "roe": null,
            "roe_4q": 0,
            "gross_profit": null,
            "gross_margin": null,
            "gross_margin_4q_avg": 0,
            "net_income": null,
            "revenue": null,
            "common_shares": null,
            "book_valuer_per_share": null,
            "book_valuer_per_share_4q_avg": 2.75,
            "equity": null,
            "current_ratio": null,
            "debt_ratio": null,
            "inventory_turnover_ratio": null,
            "account_receivable_turnover_ratio": null,
            "reinvestment_rate": null,
            "research_to_sale_ratio": null,
            "price_fair": 0,
            "eps_avg_yearly": 0,
            "eps_latest_yearly": 0,
            "eps_growth_yearly": 0
        },
        "20034": {
            "year_quarter": 20034,
            "year": 2003,
            "quarter": 4,
            "eps": null,
            "eps_growth_year": null,
            "eps_4q": null,
            "eps_4q_growth_year": null,
            "roe": null,
            "roe_4q": 0,
            "gross_profit": null,
            "gross_margin": null,
            "gross_margin_4q_avg": 0,
            "net_income": null,
            "revenue": null,
            "common_shares": 229651,
            "book_valuer_per_share": 11.48,
            "book_valuer_per_share_4q_avg": 2.87,
            "equity": 263724,
            "current_ratio": 199.76,
            "debt_ratio": 32.82,
            "inventory_turnover_ratio": null,
            "account_receivable_turnover_ratio": null,
            "reinvestment_rate": null,
            "research_to_sale_ratio": null,
            "price_fair": 0,
            "eps_avg_yearly": 0,
            "eps_latest_yearly": 0,
            "eps_growth_yearly": 0
        },
        "20041": {
            "year_quarter": 20041,
            "year": 2004,
            "quarter": 1,
            "eps": null,
            "eps_growth_year": null,
            "eps_4q": null,
            "eps_4q_growth_year": null,
            "roe": null,
            "roe_4q": 0,
            "gross_profit": null,
            "gross_margin": null,
            "gross_margin_4q_avg": 0,
            "net_income": null,
            "revenue": null,
            "common_shares": null,
            "book_valuer_per_share": null,
            "book_valuer_per_share_4q_avg": 2.87,
            "equity": null,
            "current_ratio": null,
            "debt_ratio": null,
            "inventory_turnover_ratio": null,
            "account_receivable_turnover_ratio": null,
            "reinvestment_rate": null,
            "research_to_sale_ratio": null,
            "price_fair": 0,
            "eps_avg_yearly": 0,
            "eps_latest_yearly": 0,
            "eps_growth_yearly": 0
        },
        "20042": {
            "year_quarter": 20042,
            "year": 2004,
            "quarter": 2,
            "eps": null,
            "eps_growth_year": null,
            "eps_4q": null,
            "eps_4q_growth_year": null,
            "roe": null,
            "roe_4q": 0,
            "gross_profit": null,
            "gross_margin": null,
            "gross_margin_4q_avg": 0,
            "net_income": null,
            "revenue": null,
            "common_shares": null,
            "book_valuer_per_share": null,
            "book_valuer_per_share_4q_avg": 2.87,
            "equity": null,
            "current_ratio": null,
            "debt_ratio": null,
            "inventory_turnover_ratio": null,
            "account_receivable_turnover_ratio": null,
            "reinvestment_rate": null,
            "research_to_sale_ratio": null,
            "price_fair": 0,
            "eps_avg_yearly": 0,
            "eps_latest_yearly": 0,
            "eps_growth_yearly": 0
        },
        "20043": {
            "year_quarter": 20043,
            "year": 2004,
            "quarter": 3,
            "eps": null,
            "eps_growth_year": null,
            "eps_4q": null,
            "eps_4q_growth_year": null,
            "roe": null,
            "roe_4q": 0,
            "gross_profit": null,
            "gross_margin": null,
            "gross_margin_4q_avg": 0,
            "net_income": null,
            "revenue": null,
            "common_shares": null,
            "book_valuer_per_share": null,
            "book_valuer_per_share_4q_avg": 2.87,
            "equity": null,
            "current_ratio": null,
            "debt_ratio": null,
            "inventory_turnover_ratio": null,
            "account_receivable_turnover_ratio": null,
            "reinvestment_rate": null,
            "research_to_sale_ratio": null,
            "price_fair": 0,
            "eps_avg_yearly": 0,
            "eps_latest_yearly": 0,
            "eps_growth_yearly": 0
        },
        "20044": {
            "year_quarter": 20044,
            "year": 2004,
            "quarter": 4,
            "eps": null,
            "eps_growth_year": null,
            "eps_4q": null,
            "eps_4q_growth_year": null,
            "roe": null,
            "roe_4q": 0,
            "gross_profit": null,
            "gross_margin": null,
            "gross_margin_4q_avg": 0,
            "net_income": null,
            "revenue": null,
            "common_shares": 239296,
            "book_valuer_per_share": 9.95,
            "book_valuer_per_share_4q_avg": 2.49,
            "equity": 238211,
            "current_ratio": 156.89,
            "debt_ratio": 39.7,
            "inventory_turnover_ratio": null,
            "account_receivable_turnover_ratio": null,
            "reinvestment_rate": null,
            "research_to_sale_ratio": null,
            "price_fair": 0,
            "eps_avg_yearly": 0,
            "eps_latest_yearly": 0,
            "eps_growth_yearly": 0
        },
        "20051": {
            "year_quarter": 20051,
            "year": 2005,
            "quarter": 1,
            "eps": null,
            "eps_growth_year": null,
            "eps_4q": null,
            "eps_4q_growth_year": null,
            "roe": null,
            "roe_4q": 0,
            "gross_profit": null,
            "gross_margin": null,
            "gross_margin_4q_avg": 0,
            "net_income": null,
            "revenue": null,
            "common_shares": null,
            "book_valuer_per_share": null,
            "book_valuer_per_share_4q_avg": 2.49,
            "equity": null,
            "current_ratio": null,
            "debt_ratio": null,
            "inventory_turnover_ratio": null,
            "account_receivable_turnover_ratio": null,
            "reinvestment_rate": null,
            "research_to_sale_ratio": null,
            "price_fair": 0,
            "eps_avg_yearly": 0,
            "eps_latest_yearly": 0,
            "eps_growth_yearly": 0
        },
        "20052": {
            "year_quarter": 20052,
            "year": 2005,
            "quarter": 2,
            "eps": null,
            "eps_growth_year": null,
            "eps_4q": null,
            "eps_4q_growth_year": null,
            "roe": null,
            "roe_4q": 0,
            "gross_profit": null,
            "gross_margin": null,
            "gross_margin_4q_avg": 0,
            "net_income": null,
            "revenue": null,
            "common_shares": null,
            "book_valuer_per_share": null,
            "book_valuer_per_share_4q_avg": 2.49,
            "equity": null,
            "current_ratio": null,
            "debt_ratio": null,
            "inventory_turnover_ratio": null,
            "account_receivable_turnover_ratio": null,
            "reinvestment_rate": null,
            "research_to_sale_ratio": null,
            "price_fair": 0,
            "eps_avg_yearly": 0,
            "eps_latest_yearly": 0,
            "eps_growth_yearly": 0
        },
        "20053": {
            "year_quarter": 20053,
            "year": 2005,
            "quarter": 3,
            "eps": null,
            "eps_growth_year": null,
            "eps_4q": null,
            "eps_4q_growth_year": null,
            "roe": null,
            "roe_4q": 0,
            "gross_profit": null,
            "gross_margin": null,
            "gross_margin_4q_avg": 0,
            "net_income": null,
            "revenue": null,
            "common_shares": null,
            "book_valuer_per_share": null,
            "book_valuer_per_share_4q_avg": 2.49,
            "equity": null,
            "current_ratio": null,
            "debt_ratio": null,
            "inventory_turnover_ratio": null,
            "account_receivable_turnover_ratio": null,
            "reinvestment_rate": null,
            "research_to_sale_ratio": null,
            "price_fair": 0,
            "eps_avg_yearly": 0,
            "eps_latest_yearly": 0,
            "eps_growth_yearly": 0
        },
        "20054": {
            "year_quarter": 20054,
            "year": 2005,
            "quarter": 4,
            "eps": null,
            "eps_growth_year": null,
            "eps_4q": null,
            "eps_4q_growth_year": null,
            "roe": null,
            "roe_4q": 0,
            "gross_profit": null,
            "gross_margin": null,
            "gross_margin_4q_avg": 0,
            "net_income": null,
            "revenue": null,
            "common_shares": 239296,
            "book_valuer_per_share": 12.26,
            "book_valuer_per_share_4q_avg": 3.07,
            "equity": 293379,
            "current_ratio": 149.33,
            "debt_ratio": 48.04,
            "inventory_turnover_ratio": null,
            "account_receivable_turnover_ratio": null,
            "reinvestment_rate": null,
            "research_to_sale_ratio": null,
            "price_fair": 0,
            "eps_avg_yearly": 0,
            "eps_latest_yearly": 0,
            "eps_growth_yearly": 0
        },
        "20061": {
            "year_quarter": 20061,
            "year": 2006,
            "quarter": 1,
            "eps": null,
            "eps_growth_year": null,
            "eps_4q": null,
            "eps_4q_growth_year": null,
            "roe": null,
            "roe_4q": 0,
            "gross_profit": null,
            "gross_margin": null,
            "gross_margin_4q_avg": 0,
            "net_income": null,
            "revenue": null,
            "common_shares": null,
            "book_valuer_per_share": null,
            "book_valuer_per_share_4q_avg": 3.07,
            "equity": null,
            "current_ratio": null,
            "debt_ratio": null,
            "inventory_turnover_ratio": null,
            "account_receivable_turnover_ratio": null,
            "reinvestment_rate": null,
            "research_to_sale_ratio": null,
            "price_fair": 0,
            "eps_avg_yearly": 0,
            "eps_latest_yearly": 0,
            "eps_growth_yearly": 0
        },
        "20062": {
            "year_quarter": 20062,
            "year": 2006,
            "quarter": 2,
            "eps": null,
            "eps_growth_year": null,
            "eps_4q": null,
            "eps_4q_growth_year": null,
            "roe": null,
            "roe_4q": 0,
            "gross_profit": null,
            "gross_margin": null,
            "gross_margin_4q_avg": 0,
            "net_income": null,
            "revenue": null,
            "common_shares": null,
            "book_valuer_per_share": null,
            "book_valuer_per_share_4q_avg": 3.07,
            "equity": null,
            "current_ratio": null,
            "debt_ratio": null,
            "inventory_turnover_ratio": null,
            "account_receivable_turnover_ratio": null,
            "reinvestment_rate": null,
            "research_to_sale_ratio": null,
            "price_fair": 0,
            "eps_avg_yearly": 0,
            "eps_latest_yearly": 0,
            "eps_growth_yearly": 0
        },
        "20063": {
            "year_quarter": 20063,
            "year": 2006,
            "quarter": 3,
            "eps": null,
            "eps_growth_year": null,
            "eps_4q": null,
            "eps_4q_growth_year": null,
            "roe": null,
            "roe_4q": 0,
            "gross_profit": null,
            "gross_margin": null,
            "gross_margin_4q_avg": 0,
            "net_income": null,
            "revenue": null,
            "common_shares": null,
            "book_valuer_per_share": null,
            "book_valuer_per_share_4q_avg": 3.07,
            "equity": null,
            "current_ratio": null,
            "debt_ratio": null,
            "inventory_turnover_ratio": null,
            "account_receivable_turnover_ratio": null,
            "reinvestment_rate": null,
            "research_to_sale_ratio": null,
            "price_fair": 0,
            "eps_avg_yearly": 0,
            "eps_latest_yearly": 0,
            "eps_growth_yearly": 0
        },
        "20064": {
            "year_quarter": 20064,
            "year": 2006,
            "quarter": 4,
            "eps": null,
            "eps_growth_year": null,
            "eps_4q": null,
            "eps_4q_growth_year": null,
            "roe": null,
            "roe_4q": 0,
            "gross_profit": null,
            "gross_margin": null,
            "gross_margin_4q_avg": 0,
            "net_income": null,
            "revenue": null,
            "common_shares": 316080,
            "book_valuer_per_share": 12.32,
            "book_valuer_per_share_4q_avg": 3.08,
            "equity": 389534,
            "current_ratio": 163.62,
            "debt_ratio": 44.85,
            "inventory_turnover_ratio": null,
            "account_receivable_turnover_ratio": null,
            "reinvestment_rate": null,
            "research_to_sale_ratio": null,
            "price_fair": 0,
            "eps_avg_yearly": 0,
            "eps_latest_yearly": 0,
            "eps_growth_yearly": 0
        },
        "20071": {
            "year_quarter": 20071,
            "year": 2007,
            "quarter": 1,
            "eps": null,
            "eps_growth_year": null,
            "eps_4q": null,
            "eps_4q_growth_year": null,
            "roe": null,
            "roe_4q": 0,
            "gross_profit": null,
            "gross_margin": null,
            "gross_margin_4q_avg": 0,
            "net_income": null,
            "revenue": null,
            "common_shares": null,
            "book_valuer_per_share": null,
            "book_valuer_per_share_4q_avg": 3.08,
            "equity": null,
            "current_ratio": null,
            "debt_ratio": null,
            "inventory_turnover_ratio": null,
            "account_receivable_turnover_ratio": null,
            "reinvestment_rate": null,
            "research_to_sale_ratio": null,
            "price_fair": 0,
            "eps_avg_yearly": 0,
            "eps_latest_yearly": 0,
            "eps_growth_yearly": 0
        },
        "20072": {
            "year_quarter": 20072,
            "year": 2007,
            "quarter": 2,
            "eps": null,
            "eps_growth_year": null,
            "eps_4q": null,
            "eps_4q_growth_year": null,
            "roe": null,
            "roe_4q": 0,
            "gross_profit": null,
            "gross_margin": null,
            "gross_margin_4q_avg": 0,
            "net_income": null,
            "revenue": null,
            "common_shares": null,
            "book_valuer_per_share": null,
            "book_valuer_per_share_4q_avg": 3.08,
            "equity": null,
            "current_ratio": null,
            "debt_ratio": null,
            "inventory_turnover_ratio": null,
            "account_receivable_turnover_ratio": null,
            "reinvestment_rate": null,
            "research_to_sale_ratio": null,
            "price_fair": 0,
            "eps_avg_yearly": 0,
            "eps_latest_yearly": 0,
            "eps_growth_yearly": 0
        },
        "20073": {
            "year_quarter": 20073,
            "year": 2007,
            "quarter": 3,
            "eps": null,
            "eps_growth_year": null,
            "eps_4q": null,
            "eps_4q_growth_year": null,
            "roe": null,
            "roe_4q": 0,
            "gross_profit": null,
            "gross_margin": null,
            "gross_margin_4q_avg": 0,
            "net_income": null,
            "revenue": null,
            "common_shares": null,
            "book_valuer_per_share": null,
            "book_valuer_per_share_4q_avg": 3.08,
            "equity": null,
            "current_ratio": null,
            "debt_ratio": null,
            "inventory_turnover_ratio": null,
            "account_receivable_turnover_ratio": null,
            "reinvestment_rate": null,
            "research_to_sale_ratio": null,
            "price_fair": 0,
            "eps_avg_yearly": 0,
            "eps_latest_yearly": 0,
            "eps_growth_yearly": 0
        },
        "20074": {
            "year_quarter": 20074,
            "year": 2007,
            "quarter": 4,
            "eps": null,
            "eps_growth_year": null,
            "eps_4q": null,
            "eps_4q_growth_year": null,
            "roe": null,
            "roe_4q": 0,
            "gross_profit": null,
            "gross_margin": null,
            "gross_margin_4q_avg": 0,
            "net_income": null,
            "revenue": null,
            "common_shares": 317728,
            "book_valuer_per_share": 12.36,
            "book_valuer_per_share_4q_avg": 3.09,
            "equity": 392619,
            "current_ratio": 153.41,
            "debt_ratio": 42.26,
            "inventory_turnover_ratio": null,
            "account_receivable_turnover_ratio": null,
            "reinvestment_rate": null,
            "research_to_sale_ratio": null,
            "price_fair": 0,
            "eps_avg_yearly": 0,
            "eps_latest_yearly": 0,
            "eps_growth_yearly": 0
        },
        "20081": {
            "year_quarter": 20081,
            "year": 2008,
            "quarter": 1,
            "eps": null,
            "eps_growth_year": null,
            "eps_4q": null,
            "eps_4q_growth_year": null,
            "roe": null,
            "roe_4q": 0,
            "gross_profit": null,
            "gross_margin": null,
            "gross_margin_4q_avg": 0,
            "net_income": null,
            "revenue": null,
            "common_shares": null,
            "book_valuer_per_share": null,
            "book_valuer_per_share_4q_avg": 3.09,
            "equity": null,
            "current_ratio": null,
            "debt_ratio": null,
            "inventory_turnover_ratio": null,
            "account_receivable_turnover_ratio": null,
            "reinvestment_rate": null,
            "research_to_sale_ratio": null,
            "price_fair": 0,
            "eps_avg_yearly": 0,
            "eps_latest_yearly": 0,
            "eps_growth_yearly": 0
        },
        "20082": {
            "year_quarter": 20082,
            "year": 2008,
            "quarter": 2,
            "eps": null,
            "eps_growth_year": null,
            "eps_4q": null,
            "eps_4q_growth_year": null,
            "roe": null,
            "roe_4q": 0,
            "gross_profit": null,
            "gross_margin": null,
            "gross_margin_4q_avg": 0,
            "net_income": null,
            "revenue": null,
            "common_shares": null,
            "book_valuer_per_share": null,
            "book_valuer_per_share_4q_avg": 3.09,
            "equity": null,
            "current_ratio": null,
            "debt_ratio": null,
            "inventory_turnover_ratio": null,
            "account_receivable_turnover_ratio": null,
            "reinvestment_rate": null,
            "research_to_sale_ratio": null,
            "price_fair": 0,
            "eps_avg_yearly": 0,
            "eps_latest_yearly": 0,
            "eps_growth_yearly": 0
        },
        "20083": {
            "year_quarter": 20083,
            "year": 2008,
            "quarter": 3,
            "eps": null,
            "eps_growth_year": null,
            "eps_4q": null,
            "eps_4q_growth_year": null,
            "roe": null,
            "roe_4q": 0,
            "gross_profit": null,
            "gross_margin": null,
            "gross_margin_4q_avg": 0,
            "net_income": null,
            "revenue": null,
            "common_shares": null,
            "book_valuer_per_share": null,
            "book_valuer_per_share_4q_avg": 3.09,
            "equity": null,
            "current_ratio": null,
            "debt_ratio": null,
            "inventory_turnover_ratio": null,
            "account_receivable_turnover_ratio": null,
            "reinvestment_rate": null,
            "research_to_sale_ratio": null,
            "price_fair": 0,
            "eps_avg_yearly": 0,
            "eps_latest_yearly": 0,
            "eps_growth_yearly": 0
        },
        "20084": {
            "year_quarter": 20084,
            "year": 2008,
            "quarter": 4,
            "eps": null,
            "eps_growth_year": null,
            "eps_4q": null,
            "eps_4q_growth_year": null,
            "roe": null,
            "roe_4q": 0,
            "gross_profit": null,
            "gross_margin": null,
            "gross_margin_4q_avg": 0,
            "net_income": null,
            "revenue": null,
            "common_shares": 317728,
            "book_valuer_per_share": 11.96,
            "book_valuer_per_share_4q_avg": 2.99,
            "equity": 380032,
            "current_ratio": 119.83,
            "debt_ratio": 53.37,
            "inventory_turnover_ratio": null,
            "account_receivable_turnover_ratio": null,
            "reinvestment_rate": null,
            "research_to_sale_ratio": null,
            "price_fair": 0,
            "eps_avg_yearly": 0,
            "eps_latest_yearly": 0,
            "eps_growth_yearly": 0
        },
        "20091": {
            "year_quarter": 20091,
            "year": 2009,
            "quarter": 1,
            "eps": 0.36,
            "eps_growth_year": null,
            "eps_4q": null,
            "eps_4q_growth_year": null,
            "roe": 2.94,
            "roe_4q": 2.94,
            "gross_profit": 22006,
            "gross_margin": 10.89,
            "gross_margin_4q_avg": 2.72,
            "net_income": 11357,
            "revenue": 202004,
            "common_shares": 317728,
            "book_valuer_per_share": 12.32,
            "book_valuer_per_share_4q_avg": 6.07,
            "equity": 391389,
            "current_ratio": 140.22,
            "debt_ratio": 47.02,
            "inventory_turnover_ratio": 1.03,
            "account_receivable_turnover_ratio": 2.72,
            "reinvestment_rate": null,
            "research_to_sale_ratio": null,
            "price_fair": 0,
            "eps_avg_yearly": 0,
            "eps_latest_yearly": 0,
            "eps_growth_yearly": 0
        },
        "20092": {
            "year_quarter": 20092,
            "year": 2009,
            "quarter": 2,
            "eps": -0.28,
            "eps_growth_year": null,
            "eps_4q": null,
            "eps_4q_growth_year": null,
            "roe": -2.3,
            "roe_4q": 0.6400000000000001,
            "gross_profit": 15797,
            "gross_margin": 6.48,
            "gross_margin_4q_avg": 4.34,
            "net_income": -8898,
            "revenue": 243771,
            "common_shares": 317728,
            "book_valuer_per_share": 12.06,
            "book_valuer_per_share_4q_avg": 9.09,
            "equity": 383130,
            "current_ratio": 146.16,
            "debt_ratio": 46.05,
            "inventory_turnover_ratio": 1.54,
            "account_receivable_turnover_ratio": 2.78,
            "reinvestment_rate": null,
            "research_to_sale_ratio": null,
            "price_fair": 0,
            "eps_avg_yearly": 0,
            "eps_latest_yearly": 0,
            "eps_growth_yearly": 0
        },
        "20093": {
            "year_quarter": 20093,
            "year": 2009,
            "quarter": 3,
            "eps": 0.76,
            "eps_growth_year": null,
            "eps_4q": null,
            "eps_4q_growth_year": null,
            "roe": 6.09,
            "roe_4q": 6.73,
            "gross_profit": 43490,
            "gross_margin": 13.75,
            "gross_margin_4q_avg": 7.78,
            "net_income": 24079,
            "revenue": 316394,
            "common_shares": 317728,
            "book_valuer_per_share": 12.82,
            "book_valuer_per_share_4q_avg": 12.29,
            "equity": 407209,
            "current_ratio": 146.64,
            "debt_ratio": 47.3,
            "inventory_turnover_ratio": 2.11,
            "account_receivable_turnover_ratio": 1.46,
            "reinvestment_rate": null,
            "research_to_sale_ratio": null,
            "price_fair": 0,
            "eps_avg_yearly": 0,
            "eps_latest_yearly": 0,
            "eps_growth_yearly": 0
        },
        "20094": {
            "year_quarter": 20094,
            "year": 2009,
            "quarter": 4,
            "eps": -0.03,
            "eps_growth_year": null,
            "eps_4q": 0.81,
            "eps_4q_growth_year": null,
            "roe": -0.24,
            "roe_4q": 6.49,
            "gross_profit": 15027,
            "gross_margin": 6.71,
            "gross_margin_4q_avg": 9.46,
            "net_income": -955,
            "revenue": 223881,
            "common_shares": 317728,
            "book_valuer_per_share": 12.67,
            "book_valuer_per_share_4q_avg": 12.47,
            "equity": 402458,
            "current_ratio": 139.04,
            "debt_ratio": 44.61,
            "inventory_turnover_ratio": 1.53,
            "account_receivable_turnover_ratio": 1.54,
            "reinvestment_rate": null,
            "research_to_sale_ratio": null,
            "price_fair": 0,
            "eps_avg_yearly": 0,
            "eps_latest_yearly": 0,
            "eps_growth_yearly": 0
        },
        "20101": {
            "year_quarter": 20101,
            "year": 2010,
            "quarter": 1,
            "eps": null,
            "eps_growth_year": null,
            "eps_4q": null,
            "eps_4q_growth_year": null,
            "roe": null,
            "roe_4q": 3.55,
            "gross_profit": 24965,
            "gross_margin": null,
            "gross_margin_4q_avg": 6.74,
            "net_income": 13137,
            "revenue": 244838,
            "common_shares": 317728,
            "book_valuer_per_share": 13.09,
            "book_valuer_per_share_4q_avg": 12.66,
            "equity": 416021,
            "current_ratio": 144.52,
            "debt_ratio": 43.41,
            "inventory_turnover_ratio": null,
            "account_receivable_turnover_ratio": null,
            "reinvestment_rate": null,
            "research_to_sale_ratio": null,
            "price_fair": 0,
            "eps_avg_yearly": 0,
            "eps_latest_yearly": 0,
            "eps_growth_yearly": 0
        },
        "20102": {
            "year_quarter": 20102,
            "year": 2010,
            "quarter": 2,
            "eps": 0.24,
            "eps_growth_year": null,
            "eps_4q": 0.97,
            "eps_4q_growth_year": null,
            "roe": 1.85,
            "roe_4q": 7.7,
            "gross_profit": 25588,
            "gross_margin": 11.68,
            "gross_margin_4q_avg": 8.04,
            "net_income": 7585,
            "revenue": 219005,
            "common_shares": 317728,
            "book_valuer_per_share": 12.68,
            "book_valuer_per_share_4q_avg": 12.82,
            "equity": 402931,
            "current_ratio": 129.25,
            "debt_ratio": 50.6,
            "inventory_turnover_ratio": 0.98,
            "account_receivable_turnover_ratio": 1.38,
            "reinvestment_rate": null,
            "research_to_sale_ratio": null,
            "price_fair": 0,
            "eps_avg_yearly": 0,
            "eps_latest_yearly": 0,
            "eps_growth_yearly": 0
        },
        "20103": {
            "year_quarter": 20103,
            "year": 2010,
            "quarter": 3,
            "eps": 0.42,
            "eps_growth_year": -45.03,
            "eps_4q": 0.63,
            "eps_4q_growth_year": null,
            "roe": 3.25,
            "roe_4q": 4.859999999999999,
            "gross_profit": 23807,
            "gross_margin": 6.52,
            "gross_margin_4q_avg": 6.23,
            "net_income": 13274,
            "revenue": 365210,
            "common_shares": 317728,
            "book_valuer_per_share": 12.99,
            "book_valuer_per_share_4q_avg": 12.86,
            "equity": 412856,
            "current_ratio": 131.63,
            "debt_ratio": 50.71,
            "inventory_turnover_ratio": 1.55,
            "account_receivable_turnover_ratio": 1,
            "reinvestment_rate": null,
            "research_to_sale_ratio": 0.02,
            "price_fair": 58.8,
            "eps_avg_yearly": 1.68,
            "eps_latest_yearly": 1.68,
            "eps_growth_yearly": 300
        },
        "20104": {
            "year_quarter": 20104,
            "year": 2010,
            "quarter": 4,
            "eps": -0.04,
            "eps_growth_year": null,
            "eps_4q": 0.61,
            "eps_4q_growth_year": -23.68,
            "roe": -0.33,
            "roe_4q": 4.77,
            "gross_profit": 26878,
            "gross_margin": 8.91,
            "gross_margin_4q_avg": 6.78,
            "net_income": -1335,
            "revenue": 301817,
            "common_shares": 317728,
            "book_valuer_per_share": 12.64,
            "book_valuer_per_share_4q_avg": 12.85,
            "equity": 401538,
            "current_ratio": 128.37,
            "debt_ratio": 51.05,
            "inventory_turnover_ratio": 1.43,
            "account_receivable_turnover_ratio": 0.71,
            "reinvestment_rate": null,
            "research_to_sale_ratio": 0.01,
            "price_fair": 58.8,
            "eps_avg_yearly": 1.68,
            "eps_latest_yearly": 1.68,
            "eps_growth_yearly": 300
        },
        "20111": {
            "year_quarter": 20111,
            "year": 2011,
            "quarter": 1,
            "eps": -0.18,
            "eps_growth_year": null,
            "eps_4q": 0.37,
            "eps_4q_growth_year": null,
            "roe": -1.44,
            "roe_4q": 3.33,
            "gross_profit": 3082,
            "gross_margin": 1.48,
            "gross_margin_4q_avg": 7.15,
            "net_income": -6318,
            "revenue": 208593,
            "common_shares": 360099,
            "book_valuer_per_share": 13.21,
            "book_valuer_per_share_4q_avg": 12.88,
            "equity": 475610,
            "current_ratio": 159.18,
            "debt_ratio": 39.75,
            "inventory_turnover_ratio": 1.07,
            "account_receivable_turnover_ratio": 0.56,
            "reinvestment_rate": null,
            "research_to_sale_ratio": 0.48,
            "price_fair": 58.8,
            "eps_avg_yearly": 1.68,
            "eps_latest_yearly": 1.68,
            "eps_growth_yearly": 300
        },
        "20112": {
            "year_quarter": 20112,
            "year": 2011,
            "quarter": 2,
            "eps": -0.19,
            "eps_growth_year": -177.51,
            "eps_4q": -0.03,
            "eps_4q_growth_year": -102.99,
            "roe": -1.44,
            "roe_4q": 0.040000000000000036,
            "gross_profit": 7678,
            "gross_margin": 3.07,
            "gross_margin_4q_avg": 5,
            "net_income": -6663,
            "revenue": 250111,
            "common_shares": 360098,
            "book_valuer_per_share": 12.43,
            "book_valuer_per_share_4q_avg": 12.82,
            "equity": 447503,
            "current_ratio": 139.27,
            "debt_ratio": 48.41,
            "inventory_turnover_ratio": 1.13,
            "account_receivable_turnover_ratio": 0.8,
            "reinvestment_rate": null,
            "research_to_sale_ratio": 0.46,
            "price_fair": 58.8,
            "eps_avg_yearly": 1.68,
            "eps_latest_yearly": 1.68,
            "eps_growth_yearly": 300
        },
        "20113": {
            "year_quarter": 20113,
            "year": 2011,
            "quarter": 3,
            "eps": 0.77,
            "eps_growth_year": 84.01,
            "eps_4q": 0.37,
            "eps_4q_growth_year": -41.62,
            "roe": 5.81,
            "roe_4q": 2.599999999999999,
            "gross_profit": 37708,
            "gross_margin": 9.6,
            "gross_margin_4q_avg": 5.77,
            "net_income": 27305,
            "revenue": 392911,
            "common_shares": 360098,
            "book_valuer_per_share": 13.66,
            "book_valuer_per_share_4q_avg": 12.99,
            "equity": 491860,
            "current_ratio": 138.28,
            "debt_ratio": 51.35,
            "inventory_turnover_ratio": 1.57,
            "account_receivable_turnover_ratio": 0.86,
            "reinvestment_rate": null,
            "research_to_sale_ratio": 0.44,
            "price_fair": 58.8,
            "eps_avg_yearly": 1.68,
            "eps_latest_yearly": 1.68,
            "eps_growth_yearly": 300
        },
        "20114": {
            "year_quarter": 20114,
            "year": 2011,
            "quarter": 4,
            "eps": 0.09,
            "eps_growth_year": null,
            "eps_4q": 0.43,
            "eps_4q_growth_year": -30.22,
            "roe": 0.65,
            "roe_4q": 3.5799999999999996,
            "gross_profit": 20637,
            "gross_margin": 7.71,
            "gross_margin_4q_avg": 5.47,
            "net_income": 3450,
            "revenue": 267600,
            "common_shares": 420099,
            "book_valuer_per_share": 13.54,
            "book_valuer_per_share_4q_avg": 13.21,
            "equity": 575456,
            "current_ratio": 160.94,
            "debt_ratio": 44.18,
            "inventory_turnover_ratio": 1.02,
            "account_receivable_turnover_ratio": 0.54,
            "reinvestment_rate": null,
            "research_to_sale_ratio": 0.56,
            "price_fair": 3.06,
            "eps_avg_yearly": 1.02,
            "eps_latest_yearly": 0.36,
            "eps_growth_yearly": -26.62
        },
        "20121": {
            "year_quarter": 20121,
            "year": 2012,
            "quarter": 1,
            "eps": -0.25,
            "eps_growth_year": null,
            "eps_4q": 0.33,
            "eps_4q_growth_year": -8.99,
            "roe": -3.06,
            "roe_4q": 1.9599999999999995,
            "gross_profit": 4696,
            "gross_margin": 1.86,
            "gross_margin_4q_avg": 5.56,
            "net_income": -17619,
            "revenue": 252004,
            "common_shares": 420099,
            "book_valuer_per_share": 13.15,
            "book_valuer_per_share_4q_avg": 13.2,
            "equity": 575152,
            "current_ratio": 152.28,
            "debt_ratio": 41.78,
            "inventory_turnover_ratio": 0.95,
            "account_receivable_turnover_ratio": 0.77,
            "reinvestment_rate": null,
            "research_to_sale_ratio": 0.5,
            "price_fair": 3.06,
            "eps_avg_yearly": 1.02,
            "eps_latest_yearly": 0.36,
            "eps_growth_yearly": -26.62
        },
        "20122": {
            "year_quarter": 20122,
            "year": 2012,
            "quarter": 2,
            "eps": 0.23,
            "eps_growth_year": null,
            "eps_4q": 0.73,
            "eps_4q_growth_year": null,
            "roe": 1.66,
            "roe_4q": 5.06,
            "gross_profit": 31662,
            "gross_margin": 8.92,
            "gross_margin_4q_avg": 7.02,
            "net_income": 9591,
            "revenue": 355118,
            "common_shares": 420099,
            "book_valuer_per_share": 12.63,
            "book_valuer_per_share_4q_avg": 13.25,
            "equity": 577616,
            "current_ratio": 110.89,
            "debt_ratio": 54.5,
            "inventory_turnover_ratio": 1.24,
            "account_receivable_turnover_ratio": 1.16,
            "reinvestment_rate": null,
            "research_to_sale_ratio": 0.31,
            "price_fair": 3.06,
            "eps_avg_yearly": 1.02,
            "eps_latest_yearly": 0.36,
            "eps_growth_yearly": -26.62
        },
        "20123": {
            "year_quarter": 20123,
            "year": 2012,
            "quarter": 3,
            "eps": 0.9,
            "eps_growth_year": 17.17,
            "eps_4q": 0.98,
            "eps_4q_growth_year": 166.96,
            "roe": 6,
            "roe_4q": 5.25,
            "gross_profit": 77899,
            "gross_margin": 13.92,
            "gross_margin_4q_avg": 8.1,
            "net_income": 35053,
            "revenue": 559479,
            "common_shares": 420099,
            "book_valuer_per_share": 13.38,
            "book_valuer_per_share_4q_avg": 13.18,
            "equity": 590877,
            "current_ratio": 107.78,
            "debt_ratio": 60.54,
            "inventory_turnover_ratio": 1.94,
            "account_receivable_turnover_ratio": 0.9,
            "reinvestment_rate": null,
            "research_to_sale_ratio": 0.46,
            "price_fair": 65.8,
            "eps_avg_yearly": 1.88,
            "eps_latest_yearly": 3.6,
            "eps_growth_yearly": 370.66
        },
        "20124": {
            "year_quarter": 20124,
            "year": 2012,
            "quarter": 4,
            "eps": -0.49,
            "eps_growth_year": -658.13,
            "eps_4q": 0.4,
            "eps_4q_growth_year": -7.13,
            "roe": -4.64,
            "roe_4q": -0.03999999999999959,
            "gross_profit": 5075,
            "gross_margin": 1.22,
            "gross_margin_4q_avg": 6.48,
            "net_income": -27788,
            "revenue": 415290,
            "common_shares": 420099,
            "book_valuer_per_share": 13.94,
            "book_valuer_per_share_4q_avg": 13.28,
            "equity": 607130,
            "current_ratio": 157.15,
            "debt_ratio": 67.73,
            "inventory_turnover_ratio": 1.7,
            "account_receivable_turnover_ratio": 0.55,
            "reinvestment_rate": 708.89,
            "research_to_sale_ratio": 0.42,
            "price_fair": 65.8,
            "eps_avg_yearly": 1.88,
            "eps_latest_yearly": 3.6,
            "eps_growth_yearly": 370.66
        },
        "20131": {
            "year_quarter": 20131,
            "year": 2013,
            "quarter": 1,
            "eps": 0.47,
            "eps_growth_year": null,
            "eps_4q": 0.99,
            "eps_4q_growth_year": 197.68,
            "roe": 3.33,
            "roe_4q": 6.3500000000000005,
            "gross_profit": 61669,
            "gross_margin": 10.75,
            "gross_margin_4q_avg": 8.7,
            "net_income": 23683,
            "revenue": 573625,
            "common_shares": 480074,
            "book_valuer_per_share": 16.49,
            "book_valuer_per_share_4q_avg": 14.11,
            "equity": 816190,
            "current_ratio": 144.22,
            "debt_ratio": 61.72,
            "inventory_turnover_ratio": 1.93,
            "account_receivable_turnover_ratio": 0.93,
            "reinvestment_rate": 450.35,
            "research_to_sale_ratio": 0.54,
            "price_fair": 65.8,
            "eps_avg_yearly": 1.88,
            "eps_latest_yearly": 3.6,
            "eps_growth_yearly": 370.66
        },
        "20132": {
            "year_quarter": 20132,
            "year": 2013,
            "quarter": 2,
            "eps": -0.28,
            "eps_growth_year": -220.11,
            "eps_4q": 0.47,
            "eps_4q_growth_year": -35.42,
            "roe": -1.75,
            "roe_4q": 2.9400000000000004,
            "gross_profit": 48102,
            "gross_margin": 12.49,
            "gross_margin_4q_avg": 9.6,
            "net_income": -15017,
            "revenue": 385015,
            "common_shares": 518670,
            "book_valuer_per_share": 16.85,
            "book_valuer_per_share_4q_avg": 15.17,
            "equity": 901665,
            "current_ratio": 130.38,
            "debt_ratio": 59.82,
            "inventory_turnover_ratio": 1.09,
            "account_receivable_turnover_ratio": 0.76,
            "reinvestment_rate": 508.65,
            "research_to_sale_ratio": 1.76,
            "price_fair": 65.8,
            "eps_avg_yearly": 1.88,
            "eps_latest_yearly": 3.6,
            "eps_growth_yearly": 370.66
        },
        "20133": {
            "year_quarter": 20133,
            "year": 2013,
            "quarter": 3,
            "eps": 0.33,
            "eps_growth_year": -63.36,
            "eps_4q": 0.07,
            "eps_4q_growth_year": -92.86,
            "roe": 1.53,
            "roe_4q": -1.5299999999999994,
            "gross_profit": 80767,
            "gross_margin": 13.06,
            "gross_margin_4q_avg": 9.38,
            "net_income": 13896,
            "revenue": 618199,
            "common_shares": 518670,
            "book_valuer_per_share": 17.13,
            "book_valuer_per_share_4q_avg": 16.1,
            "equity": 912546,
            "current_ratio": 130.45,
            "debt_ratio": 57.5,
            "inventory_turnover_ratio": 1.71,
            "account_receivable_turnover_ratio": 1.29,
            "reinvestment_rate": 653.28,
            "research_to_sale_ratio": 2.3,
            "price_fair": 65.8,
            "eps_avg_yearly": 1.88,
            "eps_latest_yearly": 3.6,
            "eps_growth_yearly": 370.66
        },
        "20134": {
            "year_quarter": 20134,
            "year": 2013,
            "quarter": 4,
            "eps": -0.42,
            "eps_growth_year": null,
            "eps_4q": 0.05,
            "eps_4q_growth_year": -88.06,
            "roe": -2.84,
            "roe_4q": 0.27000000000000046,
            "gross_profit": 33449,
            "gross_margin": 8.04,
            "gross_margin_4q_avg": 11.09,
            "net_income": -25687,
            "revenue": 415851,
            "common_shares": 518670,
            "book_valuer_per_share": 16.85,
            "book_valuer_per_share_4q_avg": 16.83,
            "equity": 894281,
            "current_ratio": 133.85,
            "debt_ratio": 52.87,
            "inventory_turnover_ratio": 1.42,
            "account_receivable_turnover_ratio": 0.92,
            "reinvestment_rate": 393.93,
            "research_to_sale_ratio": 2.35,
            "price_fair": 65.8,
            "eps_avg_yearly": 1.88,
            "eps_latest_yearly": 3.6,
            "eps_growth_yearly": 370.66
        },
        "20141": {
            "year_quarter": 20141,
            "year": 2014,
            "quarter": 1,
            "eps": -0.28,
            "eps_growth_year": -159.57,
            "eps_4q": -0.63,
            "eps_4q_growth_year": -163.58,
            "roe": -2.04,
            "roe_4q": -5.1,
            "gross_profit": 30914,
            "gross_margin": 8.39,
            "gross_margin_4q_avg": 10.5,
            "net_income": -18102,
            "revenue": 368255,
            "common_shares": 518670,
            "book_valuer_per_share": 16.58,
            "book_valuer_per_share_4q_avg": 16.85,
            "equity": 876667,
            "current_ratio": 129.24,
            "debt_ratio": 52.46,
            "inventory_turnover_ratio": 1.31,
            "account_receivable_turnover_ratio": 1.14,
            "reinvestment_rate": 946.63,
            "research_to_sale_ratio": 2.68,
            "price_fair": 65.8,
            "eps_avg_yearly": 1.88,
            "eps_latest_yearly": 3.6,
            "eps_growth_yearly": 370.66
        },
        "20142": {
            "year_quarter": 20142,
            "year": 2014,
            "quarter": 2,
            "eps": -0.29,
            "eps_growth_year": null,
            "eps_4q": -0.66,
            "eps_4q_growth_year": -240.31,
            "roe": -2.16,
            "roe_4q": -5.51,
            "gross_profit": 37445,
            "gross_margin": 9,
            "gross_margin_4q_avg": 9.62,
            "net_income": -18659,
            "revenue": 415987,
            "common_shares": 518670,
            "book_valuer_per_share": 16.19,
            "book_valuer_per_share_4q_avg": 16.69,
            "equity": 852592,
            "current_ratio": 125.5,
            "debt_ratio": 53.72,
            "inventory_turnover_ratio": 1.32,
            "account_receivable_turnover_ratio": 1.27,
            "reinvestment_rate": 1101.65,
            "research_to_sale_ratio": 2.35,
            "price_fair": 65.8,
            "eps_avg_yearly": 1.88,
            "eps_latest_yearly": 3.6,
            "eps_growth_yearly": 370.66
        },
        "20143": {
            "year_quarter": 20143,
            "year": 2014,
            "quarter": 3,
            "eps": 0.62,
            "eps_growth_year": 87.88,
            "eps_4q": -0.37,
            "eps_4q_growth_year": -629.45,
            "roe": 3.26,
            "roe_4q": -3.7800000000000002,
            "gross_profit": 70087,
            "gross_margin": 10.96,
            "gross_margin_4q_avg": 9.1,
            "net_income": 28404,
            "revenue": 639756,
            "common_shares": 518670,
            "book_valuer_per_share": 16.96,
            "book_valuer_per_share_4q_avg": 16.65,
            "equity": 888852,
            "current_ratio": 117.6,
            "debt_ratio": 58.84,
            "inventory_turnover_ratio": 1.99,
            "account_receivable_turnover_ratio": 1.42,
            "reinvestment_rate": 917.04,
            "research_to_sale_ratio": 1.45,
            "price_fair": 69.3,
            "eps_avg_yearly": 1.98,
            "eps_latest_yearly": 3.6,
            "eps_growth_yearly": 405.99
        },
        "20144": {
            "year_quarter": 20144,
            "year": 2014,
            "quarter": 4,
            "eps": 0.45,
            "eps_growth_year": null,
            "eps_4q": 0.5,
            "eps_4q_growth_year": 945.86,
            "roe": 2.22,
            "roe_4q": 1.2800000000000002,
            "gross_profit": 44293,
            "gross_margin": 10.02,
            "gross_margin_4q_avg": 9.59,
            "net_income": 20095,
            "revenue": 442094,
            "common_shares": 518670,
            "book_valuer_per_share": 17.64,
            "book_valuer_per_share_4q_avg": 16.84,
            "equity": 921016,
            "current_ratio": 106.1,
            "debt_ratio": 57.92,
            "inventory_turnover_ratio": 1.46,
            "account_receivable_turnover_ratio": 0.83,
            "reinvestment_rate": 581.63,
            "research_to_sale_ratio": 1.89,
            "price_fair": 67.2,
            "eps_avg_yearly": 1.92,
            "eps_latest_yearly": 1.8,
            "eps_growth_yearly": 234.1
        },
        "20151": {
            "year_quarter": 20151,
            "year": 2015,
            "quarter": 1,
            "eps": 0.11,
            "eps_growth_year": null,
            "eps_4q": 0.7,
            "eps_4q_growth_year": null,
            "roe": 0.54,
            "roe_4q": 3.8599999999999994,
            "gross_profit": 42731,
            "gross_margin": 9.04,
            "gross_margin_4q_avg": 9.76,
            "net_income": 6559,
            "revenue": 472570,
            "common_shares": 668670,
            "book_valuer_per_share": 17.95,
            "book_valuer_per_share_4q_avg": 17.19,
            "equity": 1509484,
            "current_ratio": 109.88,
            "debt_ratio": 64.89,
            "inventory_turnover_ratio": 0.95,
            "account_receivable_turnover_ratio": 0.64,
            "reinvestment_rate": 1817.72,
            "research_to_sale_ratio": 1.98,
            "price_fair": 54.25,
            "eps_avg_yearly": 1.55,
            "eps_latest_yearly": 0.44,
            "eps_growth_yearly": 100.02
        },
        "20152": {
            "year_quarter": 20152,
            "year": 2015,
            "quarter": 2,
            "eps": 0.12,
            "eps_growth_year": null,
            "eps_4q": 1.05,
            "eps_4q_growth_year": null,
            "roe": 0.76,
            "roe_4q": 6.78,
            "gross_profit": 169347,
            "gross_margin": 13.51,
            "gross_margin_4q_avg": 10.88,
            "net_income": 11260,
            "revenue": 1253357,
            "common_shares": 668670,
            "book_valuer_per_share": 17.41,
            "book_valuer_per_share_4q_avg": 17.49,
            "equity": 1472785,
            "current_ratio": 107.42,
            "debt_ratio": 66.04,
            "inventory_turnover_ratio": 1.67,
            "account_receivable_turnover_ratio": 1.26,
            "reinvestment_rate": 1420.11,
            "research_to_sale_ratio": 0.7,
            "price_fair": 46.76,
            "eps_avg_yearly": 1.34,
            "eps_latest_yearly": 0.48,
            "eps_growth_yearly": 87.29
        },
        "20153": {
            "year_quarter": 20153,
            "year": 2015,
            "quarter": 3,
            "eps": 0.42,
            "eps_growth_year": -32.26,
            "eps_4q": 0.99,
            "eps_4q_growth_year": null,
            "roe": 2.33,
            "roe_4q": 5.85,
            "gross_profit": 168617,
            "gross_margin": 12.4,
            "gross_margin_4q_avg": 11.24,
            "net_income": 34695,
            "revenue": 1359724,
            "common_shares": 668670,
            "book_valuer_per_share": 17.99,
            "book_valuer_per_share_4q_avg": 17.75,
            "equity": 1504011,
            "current_ratio": 103.48,
            "debt_ratio": 66.99,
            "inventory_turnover_ratio": 1.74,
            "account_receivable_turnover_ratio": 1.28,
            "reinvestment_rate": 1527.44,
            "research_to_sale_ratio": 0.62,
            "price_fair": 48.77,
            "eps_avg_yearly": 1.39,
            "eps_latest_yearly": 1.68,
            "eps_growth_yearly": 239.41
        },
        "20154": {
            "year_quarter": 20154,
            "year": 2015,
            "quarter": 4,
            "eps": 1.53,
            "eps_growth_year": 242.45,
            "eps_4q": 2.17,
            "eps_4q_growth_year": 337.23,
            "roe": 6.64,
            "roe_4q": 10.27,
            "gross_profit": 159377,
            "gross_margin": 11.87,
            "gross_margin_4q_avg": 11.71,
            "net_income": 102698,
            "revenue": 1342451,
            "common_shares": 664670,
            "book_valuer_per_share": 19.24,
            "book_valuer_per_share_4q_avg": 18.15,
            "equity": 1590708,
            "current_ratio": 109.22,
            "debt_ratio": 65.91,
            "inventory_turnover_ratio": 1.63,
            "account_receivable_turnover_ratio": 1.32,
            "reinvestment_rate": 696.79,
            "research_to_sale_ratio": 0.63,
            "price_fair": 82.37,
            "eps_avg_yearly": 2.35,
            "eps_latest_yearly": 6.12,
            "eps_growth_yearly": 474.47
        },
        "20161": {
            "year_quarter": 20161,
            "year": 2016,
            "quarter": 1,
            "eps": -0.04,
            "eps_growth_year": -136.36,
            "eps_4q": 2.03,
            "eps_4q_growth_year": 189.51,
            "roe": 0.04,
            "roe_4q": 9.77,
            "gross_profit": 188302,
            "gross_margin": 15.59,
            "gross_margin_4q_avg": 13.34,
            "net_income": 663,
            "revenue": 1207842,
            "common_shares": 664670,
            "book_valuer_per_share": 19.24,
            "book_valuer_per_share_4q_avg": 18.47,
            "equity": 1600342,
            "current_ratio": 103.82,
            "debt_ratio": 66.82,
            "inventory_turnover_ratio": 1.38,
            "account_receivable_turnover_ratio": 1.32,
            "reinvestment_rate": 726.17,
            "research_to_sale_ratio": 1.22,
            "price_fair": 82.37,
            "eps_avg_yearly": 2.35,
            "eps_latest_yearly": 6.12,
            "eps_growth_yearly": 474.47
        },
        "20162": {
            "year_quarter": 20162,
            "year": 2016,
            "quarter": 2,
            "eps": 0.08,
            "eps_growth_year": -33.33,
            "eps_4q": 1.99,
            "eps_4q_growth_year": 90.25,
            "roe": 0.45,
            "roe_4q": 9.46,
            "gross_profit": 195051,
            "gross_margin": 15.46,
            "gross_margin_4q_avg": 13.83,
            "net_income": 6953,
            "revenue": 1261986,
            "common_shares": 664670,
            "book_valuer_per_share": 17.57,
            "book_valuer_per_share_4q_avg": 18.51,
            "equity": 1490174,
            "current_ratio": 96.94,
            "debt_ratio": 69.73,
            "inventory_turnover_ratio": 1.41,
            "account_receivable_turnover_ratio": 1.31,
            "reinvestment_rate": 692.81,
            "research_to_sale_ratio": 1.21,
            "price_fair": 82.37,
            "eps_avg_yearly": 2.35,
            "eps_latest_yearly": 6.12,
            "eps_growth_yearly": 474.47
        },
        "20163": {
            "year_quarter": 20163,
            "year": 2016,
            "quarter": 3,
            "eps": 0.19,
            "eps_growth_year": -54.76,
            "eps_4q": 1.76,
            "eps_4q_growth_year": 77.27,
            "roe": 1.97,
            "roe_4q": 9.1,
            "gross_profit": 239112,
            "gross_margin": 17.02,
            "gross_margin_4q_avg": 14.99,
            "net_income": 29298,
            "revenue": 1405201,
            "common_shares": 664670,
            "book_valuer_per_share": 17.31,
            "book_valuer_per_share_4q_avg": 18.34,
            "equity": 1480507,
            "current_ratio": 98.93,
            "debt_ratio": 69.85,
            "inventory_turnover_ratio": 1.48,
            "account_receivable_turnover_ratio": 1.33,
            "reinvestment_rate": 746.05,
            "research_to_sale_ratio": 1.09,
            "price_fair": 65.8,
            "eps_avg_yearly": 1.88,
            "eps_latest_yearly": 0.76,
            "eps_growth_yearly": 371.93
        },
        "20164": {
            "year_quarter": 20164,
            "year": 2016,
            "quarter": 4,
            "eps": 0.82,
            "eps_growth_year": -46.17,
            "eps_4q": 1.05,
            "eps_4q_growth_year": -51.67,
            "roe": 6.25,
            "roe_4q": 8.709999999999999,
            "gross_profit": 249473,
            "gross_margin": 18.02,
            "gross_margin_4q_avg": 16.52,
            "net_income": 94700,
            "revenue": 1384724,
            "common_shares": 664670,
            "book_valuer_per_share": 17.88,
            "book_valuer_per_share_4q_avg": 18,
            "equity": 1550430,
            "current_ratio": 100.18,
            "debt_ratio": 67.11,
            "inventory_turnover_ratio": 1.45,
            "account_receivable_turnover_ratio": 1.32,
            "reinvestment_rate": 423.75,
            "research_to_sale_ratio": 1.11,
            "price_fair": 72.8,
            "eps_avg_yearly": 2.08,
            "eps_latest_yearly": 3.28,
            "eps_growth_yearly": 508.27
        },
        "20171": {
            "year_quarter": 20171,
            "year": 2017,
            "quarter": 1,
            "eps": 0.15,
            "eps_growth_year": null,
            "eps_4q": 1.24,
            "eps_4q_growth_year": -39,
            "roe": 1.31,
            "roe_4q": 9.98,
            "gross_profit": 202563,
            "gross_margin": 15.43,
            "gross_margin_4q_avg": 16.48,
            "net_income": 20057,
            "revenue": 1313103,
            "common_shares": 664670,
            "book_valuer_per_share": 17.41,
            "book_valuer_per_share_4q_avg": 17.54,
            "equity": 1502898,
            "current_ratio": 106.14,
            "debt_ratio": 66.58,
            "inventory_turnover_ratio": 1.48,
            "account_receivable_turnover_ratio": 1.3,
            "reinvestment_rate": 568.55,
            "research_to_sale_ratio": 1.05,
            "price_fair": 66.33,
            "eps_avg_yearly": 1.9,
            "eps_latest_yearly": 0.6,
            "eps_growth_yearly": 403.89
        },
        "20172": {
            "year_quarter": 20172,
            "year": 2017,
            "quarter": 2,
            "eps": 0.18,
            "eps_growth_year": 125,
            "eps_4q": 1.34,
            "eps_4q_growth_year": -32.77,
            "roe": 0.94,
            "roe_4q": 10.47,
            "gross_profit": 180037,
            "gross_margin": 14.23,
            "gross_margin_4q_avg": 16.18,
            "net_income": 13519,
            "revenue": 1264791,
            "common_shares": 664670,
            "book_valuer_per_share": 17.19,
            "book_valuer_per_share_4q_avg": 17.45,
            "equity": 1386556,
            "current_ratio": 100.49,
            "debt_ratio": 69.8,
            "inventory_turnover_ratio": 1.36,
            "account_receivable_turnover_ratio": 1.24,
            "reinvestment_rate": 493.07,
            "research_to_sale_ratio": 1.03,
            "price_fair": 61.76,
            "eps_avg_yearly": 1.76,
            "eps_latest_yearly": 0.72,
            "eps_growth_yearly": 367.9
        },
        "20173": {
            "year_quarter": 20173,
            "year": 2017,
            "quarter": 3,
            "eps": 0.36,
            "eps_growth_year": 89.47,
            "eps_4q": 1.51,
            "eps_4q_growth_year": -13.98,
            "roe": 2.57,
            "roe_4q": 11.07,
            "gross_profit": 185898,
            "gross_margin": 13.47,
            "gross_margin_4q_avg": 15.29,
            "net_income": 36255,
            "revenue": 1380493,
            "common_shares": 664670,
            "book_valuer_per_share": 17.68,
            "book_valuer_per_share_4q_avg": 17.54,
            "equity": 1431887,
            "current_ratio": 101.17,
            "debt_ratio": 69.24,
            "inventory_turnover_ratio": 1.37,
            "account_receivable_turnover_ratio": 1.31,
            "reinvestment_rate": 447.24,
            "research_to_sale_ratio": 0.98,
            "price_fair": 60.62,
            "eps_avg_yearly": 1.73,
            "eps_latest_yearly": 1.44,
            "eps_growth_yearly": 371.11
        },
        "20174": {
            "year_quarter": 20174,
            "year": 2017,
            "quarter": 4,
            "eps": 0.35,
            "eps_growth_year": -57.98,
            "eps_4q": 1.03,
            "eps_4q_growth_year": -1.58,
            "roe": 2.74,
            "roe_4q": 7.5600000000000005,
            "gross_profit": 194177,
            "gross_margin": 14.35,
            "gross_margin_4q_avg": 14.37,
            "net_income": 39891,
            "revenue": 1353032,
            "common_shares": 664670,
            "book_valuer_per_share": 18.08,
            "book_valuer_per_share_4q_avg": 17.59,
            "equity": 1475841,
            "current_ratio": 99.6,
            "debt_ratio": 68.42,
            "inventory_turnover_ratio": 1.34,
            "account_receivable_turnover_ratio": 1.3,
            "reinvestment_rate": 401.93,
            "research_to_sale_ratio": 1.04,
            "price_fair": 59.56,
            "eps_avg_yearly": 1.7,
            "eps_latest_yearly": 1.4,
            "eps_growth_yearly": 336.36
        },
        "20181": {
            "year_quarter": 20181,
            "year": 2018,
            "quarter": 1,
            "eps": 0.05,
            "eps_growth_year": -66.67,
            "eps_4q": 0.94,
            "eps_4q_growth_year": -24.61,
            "roe": 0.94,
            "roe_4q": 7.1899999999999995,
            "gross_profit": 158604,
            "gross_margin": 12.3,
            "gross_margin_4q_avg": 13.59,
            "net_income": 13917,
            "revenue": 1289891,
            "common_shares": 664670,
            "book_valuer_per_share": 18.29,
            "book_valuer_per_share_4q_avg": 17.81,
            "equity": 1499663,
            "current_ratio": 104.89,
            "debt_ratio": 67.02,
            "inventory_turnover_ratio": 1.35,
            "account_receivable_turnover_ratio": 1.31,
            "reinvestment_rate": 370.99,
            "research_to_sale_ratio": 1.09,
            "price_fair": 55.18,
            "eps_avg_yearly": 1.58,
            "eps_latest_yearly": 0.2,
            "eps_growth_yearly": 279.76
        },
        "20182": {
            "year_quarter": 20182,
            "year": 2018,
            "quarter": 2,
            "eps": 0.26,
            "eps_growth_year": 44.44,
            "eps_4q": 0.78,
            "eps_4q_growth_year": -41.5,
            "roe": 1.63,
            "roe_4q": 7.880000000000001,
            "gross_profit": 180888,
            "gross_margin": 13.28,
            "gross_margin_4q_avg": 13.35,
            "net_income": 27046,
            "revenue": 1362590,
            "common_shares": 864670,
            "book_valuer_per_share": 17.64,
            "book_valuer_per_share_4q_avg": 17.92,
            "equity": 1826160,
            "current_ratio": 114.74,
            "debt_ratio": 63.95,
            "inventory_turnover_ratio": 1.37,
            "account_receivable_turnover_ratio": 1.38,
            "reinvestment_rate": 346.34,
            "research_to_sale_ratio": 0.97,
            "price_fair": 53.74,
            "eps_avg_yearly": 1.54,
            "eps_latest_yearly": 1.04,
            "eps_growth_yearly": 387.47
        },
        "20183": {
            "year_quarter": 20183,
            "year": 2018,
            "quarter": 3,
            "eps": 0.28,
            "eps_growth_year": -22.22,
            "eps_4q": 0.78,
            "eps_4q_growth_year": -48.16,
            "roe": 1.68,
            "roe_4q": 6.99,
            "gross_profit": 206569,
            "gross_margin": 14.8,
            "gross_margin_4q_avg": 13.68,
            "net_income": 30679,
            "revenue": 1396032,
            "common_shares": 864670,
            "book_valuer_per_share": 17.63,
            "book_valuer_per_share_4q_avg": 17.91,
            "equity": 1829596,
            "current_ratio": 116.69,
            "debt_ratio": 61.84,
            "inventory_turnover_ratio": 1.29,
            "account_receivable_turnover_ratio": 1.35,
            "reinvestment_rate": 308.95,
            "research_to_sale_ratio": 0.99,
            "price_fair": 52.7,
            "eps_avg_yearly": 1.51,
            "eps_latest_yearly": 1.12,
            "eps_growth_yearly": 361.99
        },
        "20184": {
            "year_quarter": 20184,
            "year": 2018,
            "quarter": 4,
            "eps": 0.07,
            "eps_growth_year": -79.32,
            "eps_4q": 0.59,
            "eps_4q_growth_year": -43.03,
            "roe": 0.23,
            "roe_4q": 4.48,
            "gross_profit": 219952,
            "gross_margin": 15.5,
            "gross_margin_4q_avg": 13.97,
            "net_income": 4190,
            "revenue": 1418977,
            "common_shares": 864670,
            "book_valuer_per_share": 17.75,
            "book_valuer_per_share_4q_avg": 17.83,
            "equity": 1836999,
            "current_ratio": 112.69,
            "debt_ratio": 62.79,
            "inventory_turnover_ratio": 1.26,
            "account_receivable_turnover_ratio": 1.37,
            "reinvestment_rate": 349.93,
            "research_to_sale_ratio": 0.89,
            "price_fair": 48.9,
            "eps_avg_yearly": 1.4,
            "eps_latest_yearly": 0.28,
            "eps_growth_yearly": 348.4
        },
        "20191": {
            "year_quarter": 20191,
            "year": 2019,
            "quarter": 1,
            "eps": 0.36,
            "eps_growth_year": 620,
            "eps_4q": 0.91,
            "eps_4q_growth_year": -2.83,
            "roe": 2.4,
            "roe_4q": 5.9399999999999995,
            "gross_profit": 207987,
            "gross_margin": 14.51,
            "gross_margin_4q_avg": 14.52,
            "net_income": 44974,
            "revenue": 1433378,
            "common_shares": 864670,
            "book_valuer_per_share": 18.32,
            "book_valuer_per_share_4q_avg": 17.84,
            "equity": 1903336,
            "current_ratio": 119.68,
            "debt_ratio": 62.63,
            "inventory_turnover_ratio": 1.28,
            "account_receivable_turnover_ratio": 1.38,
            "reinvestment_rate": 27.96,
            "research_to_sale_ratio": 0.89,
            "price_fair": 51.4,
            "eps_avg_yearly": 1.47,
            "eps_latest_yearly": 1.44,
            "eps_growth_yearly": 488.35
        }
    },
    "months": {
        "2004-03": {
            "month": "2004-03",
            "price": "15.50",
            "revenue": 64859
        },
        "2004-07": {
            "month": "2004-07",
            "price": "13.15",
            "revenue": 74385
        },
        "2004-08": {
            "month": "2004-08",
            "price": "12.18",
            "revenue": 84392
        },
        "2004-10": {
            "month": "2004-10",
            "price": "10.24",
            "revenue": 49137
        },
        "2004-11": {
            "month": "2004-11",
            "price": "8.69",
            "revenue": 28984
        },
        "2004-12": {
            "month": "2004-12",
            "price": "7.06",
            "revenue": 40872
        },
        "2005-01": {
            "month": "2005-01",
            "price": "6.07",
            "revenue": 43457
        },
        "2005-02": {
            "month": "2005-02",
            "price": "6.21",
            "revenue": 32438
        },
        "2005-03": {
            "month": "2005-03",
            "price": "6.55",
            "revenue": 65756
        },
        "2005-04": {
            "month": "2005-04",
            "price": "6.51",
            "revenue": 64046
        },
        "2005-05": {
            "month": "2005-05",
            "price": "6.66",
            "revenue": 37297
        },
        "2005-06": {
            "month": "2005-06",
            "price": "6.49",
            "revenue": 49099
        },
        "2005-07": {
            "month": "2005-07",
            "price": "6.43",
            "revenue": 71021
        },
        "2005-08": {
            "month": "2005-08",
            "price": "7.56",
            "revenue": 106072
        },
        "2005-09": {
            "month": "2005-09",
            "price": "7.05",
            "revenue": 118213
        },
        "2005-10": {
            "month": "2005-10",
            "price": "8.22",
            "revenue": 79765
        },
        "2005-11": {
            "month": "2005-11",
            "price": "8.96",
            "revenue": 50360
        },
        "2005-12": {
            "month": "2005-12",
            "price": "9.46",
            "revenue": 50502
        },
        "2006-01": {
            "month": "2006-01",
            "price": "9.25",
            "revenue": 36614
        },
        "2006-02": {
            "month": "2006-02",
            "price": "10.29",
            "revenue": 48546
        },
        "2006-03": {
            "month": "2006-03",
            "price": "11.61",
            "revenue": 55259
        },
        "2006-04": {
            "month": "2006-04",
            "price": "11.45",
            "revenue": 48004
        },
        "2006-05": {
            "month": "2006-05",
            "price": "11.82",
            "revenue": 32966
        },
        "2006-06": {
            "month": "2006-06",
            "price": "11.41",
            "revenue": 62179
        },
        "2006-07": {
            "month": "2006-07",
            "price": "10.98",
            "revenue": 94056
        },
        "2006-08": {
            "month": "2006-08",
            "price": "10.66",
            "revenue": 124273
        },
        "2006-09": {
            "month": "2006-09",
            "price": "10.85",
            "revenue": 95769
        },
        "2006-10": {
            "month": "2006-10",
            "price": "11.19",
            "revenue": 52856
        },
        "2006-11": {
            "month": "2006-11",
            "price": "11.52",
            "revenue": 50617
        },
        "2006-12": {
            "month": "2006-12",
            "price": "10.98",
            "revenue": 75669
        },
        "2007-01": {
            "month": "2007-01",
            "price": "11.06",
            "revenue": 82669
        },
        "2007-02": {
            "month": "2007-02",
            "price": "11.25",
            "revenue": 73569
        },
        "2007-03": {
            "month": "2007-03",
            "price": "12.81",
            "revenue": 105334
        },
        "2007-04": {
            "month": "2007-04",
            "price": "15.37",
            "revenue": 72289
        },
        "2007-05": {
            "month": "2007-05",
            "price": "14.80",
            "revenue": 71621
        },
        "2007-06": {
            "month": "2007-06",
            "price": "18.01",
            "revenue": 94867
        },
        "2007-07": {
            "month": "2007-07",
            "price": "19.03",
            "revenue": 112772
        },
        "2007-08": {
            "month": "2007-08",
            "price": "18.79",
            "revenue": 116866
        },
        "2007-09": {
            "month": "2007-09",
            "price": "17.04",
            "revenue": 103200
        },
        "2007-10": {
            "month": "2007-10",
            "price": "15.34",
            "revenue": 72942
        },
        "2007-11": {
            "month": "2007-11",
            "price": "13.55",
            "revenue": 56604
        },
        "2007-12": {
            "month": "2007-12",
            "price": "12.97",
            "revenue": 63352
        },
        "2008-01": {
            "month": "2008-01",
            "price": "11.25",
            "revenue": 66103
        },
        "2008-02": {
            "month": "2008-02",
            "price": "9.16",
            "revenue": 39825
        },
        "2008-03": {
            "month": "2008-03",
            "price": "9.71",
            "revenue": 53422
        },
        "2008-04": {
            "month": "2008-04",
            "price": "10.37",
            "revenue": 41777
        },
        "2008-05": {
            "month": "2008-05",
            "price": "9.27",
            "revenue": 43382
        },
        "2008-06": {
            "month": "2008-06",
            "price": "7.90",
            "revenue": 45979
        },
        "2008-07": {
            "month": "2008-07",
            "price": "7.44",
            "revenue": 83010
        },
        "2008-08": {
            "month": "2008-08",
            "price": "7.56",
            "revenue": 114451
        },
        "2008-09": {
            "month": "2008-09",
            "price": "5.77",
            "revenue": 99044
        },
        "2008-10": {
            "month": "2008-10",
            "price": "4.27",
            "revenue": 76456
        },
        "2008-11": {
            "month": "2008-11",
            "price": "3.36",
            "revenue": 72741
        },
        "2008-12": {
            "month": "2008-12",
            "price": "3.00",
            "revenue": 80199
        },
        "2009-01": {
            "month": "2009-01",
            "price": "3.18",
            "revenue": 49171
        },
        "2009-02": {
            "month": "2009-02",
            "price": "3.65",
            "revenue": 78441
        },
        "2009-03": {
            "month": "2009-03",
            "price": "7.26",
            "revenue": 74391
        },
        "2009-04": {
            "month": "2009-04",
            "price": "6.88",
            "revenue": 77463
        },
        "2009-05": {
            "month": "2009-05",
            "price": "8.09",
            "revenue": 82468
        },
        "2009-06": {
            "month": "2009-06",
            "price": "9.97",
            "revenue": 83841
        },
        "2009-07": {
            "month": "2009-07",
            "price": "10.64",
            "revenue": 95724
        },
        "2009-08": {
            "month": "2009-08",
            "price": "11.62",
            "revenue": 117098
        },
        "2009-09": {
            "month": "2009-09",
            "price": "11.85",
            "revenue": 103570
        },
        "2009-10": {
            "month": "2009-10",
            "price": "13.08",
            "revenue": 65964
        },
        "2009-11": {
            "month": "2009-11",
            "price": "13.33",
            "revenue": 76963
        },
        "2009-12": {
            "month": "2009-12",
            "price": "13.68",
            "revenue": 80953
        },
        "2010-01": {
            "month": "2010-01",
            "price": "16.40",
            "revenue": 92212
        },
        "2010-02": {
            "month": "2010-02",
            "price": "17.44",
            "revenue": 60453
        },
        "2010-03": {
            "month": "2010-03",
            "price": "23.48",
            "revenue": 84717
        },
        "2010-04": {
            "month": "2010-04",
            "price": "28.92",
            "revenue": 71187
        },
        "2010-05": {
            "month": "2010-05",
            "price": "30.38",
            "revenue": 67883
        },
        "2010-06": {
            "month": "2010-06",
            "price": "30.01",
            "revenue": 77807
        },
        "2010-07": {
            "month": "2010-07",
            "price": "31.73",
            "revenue": 98559
        },
        "2010-08": {
            "month": "2010-08",
            "price": "35.63",
            "revenue": 118691
        },
        "2010-09": {
            "month": "2010-09",
            "price": "34.06",
            "revenue": 141430
        },
        "2010-10": {
            "month": "2010-10",
            "price": "34.61",
            "revenue": 84817
        },
        "2010-11": {
            "month": "2010-11",
            "price": "29.57",
            "revenue": 123524
        },
        "2010-12": {
            "month": "2010-12",
            "price": "26.73",
            "revenue": 83626
        },
        "2011-01": {
            "month": "2011-01",
            "price": "25.84",
            "revenue": 61080
        },
        "2011-02": {
            "month": "2011-02",
            "price": "22.32",
            "revenue": 52849
        },
        "2011-03": {
            "month": "2011-03",
            "price": "24.30",
            "revenue": 87058
        },
        "2011-04": {
            "month": "2011-04",
            "price": "25.49",
            "revenue": 76536
        },
        "2011-05": {
            "month": "2011-05",
            "price": "22.30",
            "revenue": 78579
        },
        "2011-06": {
            "month": "2011-06",
            "price": "19.85",
            "revenue": 80926
        },
        "2011-07": {
            "month": "2011-07",
            "price": "17.25",
            "revenue": 108373
        },
        "2011-08": {
            "month": "2011-08",
            "price": "16.19",
            "revenue": 130238
        },
        "2011-09": {
            "month": "2011-09",
            "price": "15.38",
            "revenue": 133919
        },
        "2011-10": {
            "month": "2011-10",
            "price": "14.51",
            "revenue": 80184
        },
        "2011-11": {
            "month": "2011-11",
            "price": "13.68",
            "revenue": 89412
        },
        "2011-12": {
            "month": "2011-12",
            "price": "12.07",
            "revenue": 74879
        },
        "2012-01": {
            "month": "2012-01",
            "price": "13.69",
            "revenue": 46032
        },
        "2012-02": {
            "month": "2012-02",
            "price": "18.68",
            "revenue": 94278
        },
        "2012-03": {
            "month": "2012-03",
            "price": "22.61",
            "revenue": 99448
        },
        "2012-04": {
            "month": "2012-04",
            "price": "24.73",
            "revenue": 104863
        },
        "2012-05": {
            "month": "2012-05",
            "price": "24.94",
            "revenue": 140881
        },
        "2012-06": {
            "month": "2012-06",
            "price": "25.43",
            "revenue": 112329
        },
        "2012-07": {
            "month": "2012-07",
            "price": "31.30",
            "revenue": 158440
        },
        "2012-08": {
            "month": "2012-08",
            "price": "33.47",
            "revenue": 234331
        },
        "2012-09": {
            "month": "2012-09",
            "price": "33.58",
            "revenue": 164869
        },
        "2012-10": {
            "month": "2012-10",
            "price": "34.88",
            "revenue": 105749
        },
        "2012-11": {
            "month": "2012-11",
            "price": "31.13",
            "revenue": 162560
        },
        "2012-12": {
            "month": "2012-12",
            "price": "32.68",
            "revenue": 151907
        },
        "2013-01": {
            "month": "2013-01",
            "price": "32.67",
            "revenue": 201910
        },
        "2013-02": {
            "month": "2013-02",
            "price": "34.62",
            "revenue": 151566
        },
        "2013-03": {
            "month": "2013-03",
            "price": "34.73",
            "revenue": 212543
        },
        "2013-04": {
            "month": "2013-04",
            "price": "29.40",
            "revenue": 147253
        },
        "2013-05": {
            "month": "2013-05",
            "price": "30.04",
            "revenue": 140475
        },
        "2013-06": {
            "month": "2013-06",
            "price": "35.46",
            "revenue": 104331
        },
        "2013-07": {
            "month": "2013-07",
            "price": "31.33",
            "revenue": 201991
        },
        "2013-08": {
            "month": "2013-08",
            "price": "28.78",
            "revenue": 234250
        },
        "2013-09": {
            "month": "2013-09",
            "price": "25.98",
            "revenue": 182473
        },
        "2013-10": {
            "month": "2013-10",
            "price": "24.65",
            "revenue": 138982
        },
        "2013-11": {
            "month": "2013-11",
            "price": "20.17",
            "revenue": 141208
        },
        "2013-12": {
            "month": "2013-12",
            "price": "22.15",
            "revenue": 135706
        },
        "2014-01": {
            "month": "2014-01",
            "price": "24.08",
            "revenue": 125682
        },
        "2014-02": {
            "month": "2014-02",
            "price": "21.47",
            "revenue": 104520
        },
        "2014-03": {
            "month": "2014-03",
            "price": "22.11",
            "revenue": 138053
        },
        "2014-04": {
            "month": "2014-04",
            "price": "19.90",
            "revenue": 124819
        },
        "2014-05": {
            "month": "2014-05",
            "price": "17.89",
            "revenue": 138972
        },
        "2014-06": {
            "month": "2014-06",
            "price": "20.88",
            "revenue": 152196
        },
        "2014-07": {
            "month": "2014-07",
            "price": "21.91",
            "revenue": 189385
        },
        "2014-08": {
            "month": "2014-08",
            "price": "19.30",
            "revenue": 240529
        },
        "2014-09": {
            "month": "2014-09",
            "price": "20.48",
            "revenue": 209842
        },
        "2014-10": {
            "month": "2014-10",
            "price": "20.02",
            "revenue": 152774
        },
        "2014-11": {
            "month": "2014-11",
            "price": "19.54",
            "revenue": 152247
        },
        "2014-12": {
            "month": "2014-12",
            "price": "20.13",
            "revenue": 137067
        },
        "2015-01": {
            "month": "2015-01",
            "price": "21.10",
            "revenue": 172210
        },
        "2015-02": {
            "month": "2015-02",
            "price": "21.22",
            "revenue": 128051
        },
        "2015-03": {
            "month": "2015-03",
            "price": "27.50",
            "revenue": 172309
        },
        "2015-04": {
            "month": "2015-04",
            "price": "27.52",
            "revenue": 453238
        },
        "2015-05": {
            "month": "2015-05",
            "price": "27.60",
            "revenue": 383701
        },
        "2015-06": {
            "month": "2015-06",
            "price": "27.07",
            "revenue": 411536
        },
        "2015-07": {
            "month": "2015-07",
            "price": "22.01",
            "revenue": 457713
        },
        "2015-08": {
            "month": "2015-08",
            "price": "17.89",
            "revenue": 464093
        },
        "2015-09": {
            "month": "2015-09",
            "price": "20.16",
            "revenue": 439140
        },
        "2015-10": {
            "month": "2015-10",
            "price": "20.17",
            "revenue": 466637
        },
        "2015-11": {
            "month": "2015-11",
            "price": "23.76",
            "revenue": 430656
        },
        "2015-12": {
            "month": "2015-12",
            "price": "23.14",
            "revenue": 448840
        },
        "2016-01": {
            "month": "2016-01",
            "price": "20.44",
            "revenue": 452772
        },
        "2016-02": {
            "month": "2016-02",
            "price": "20.97",
            "revenue": 378310
        },
        "2016-03": {
            "month": "2016-03",
            "price": "23.48",
            "revenue": 380221
        },
        "2016-04": {
            "month": "2016-04",
            "price": "23.18",
            "revenue": 405965
        },
        "2016-05": {
            "month": "2016-05",
            "price": "21.04",
            "revenue": 413480
        },
        "2016-06": {
            "month": "2016-06",
            "price": "20.63",
            "revenue": 439080
        },
        "2016-07": {
            "month": "2016-07",
            "price": "21.40",
            "revenue": 469025
        },
        "2016-08": {
            "month": "2016-08",
            "price": "19.87",
            "revenue": 444397
        },
        "2016-09": {
            "month": "2016-09",
            "price": "19.54",
            "revenue": 491780
        },
        "2016-10": {
            "month": "2016-10",
            "price": "18.67",
            "revenue": 448912
        },
        "2016-11": {
            "month": "2016-11",
            "price": "16.27",
            "revenue": 450824
        },
        "2016-12": {
            "month": "2016-12",
            "price": "16.39",
            "revenue": 484987
        },
        "2017-01": {
            "month": "2017-01",
            "price": "17.18",
            "revenue": 409758
        },
        "2017-02": {
            "month": "2017-02",
            "price": "17.46",
            "revenue": 429545
        },
        "2017-03": {
            "month": "2017-03",
            "price": "17.55",
            "revenue": 443118
        },
        "2017-04": {
            "month": "2017-04",
            "price": "17.31",
            "revenue": 432006
        },
        "2017-05": {
            "month": "2017-05",
            "price": "17.50",
            "revenue": 431170
        },
        "2017-06": {
            "month": "2017-06",
            "price": "17.85",
            "revenue": 432390
        },
        "2017-07": {
            "month": "2017-07",
            "price": "17.67",
            "revenue": 467153
        },
        "2017-08": {
            "month": "2017-08",
            "price": "17.23",
            "revenue": 477444
        },
        "2017-09": {
            "month": "2017-09",
            "price": "21.12",
            "revenue": 435804
        },
        "2017-10": {
            "month": "2017-10",
            "price": "20.26",
            "revenue": 445303
        },
        "2017-11": {
            "month": "2017-11",
            "price": "19.72",
            "revenue": 437136
        },
        "2017-12": {
            "month": "2017-12",
            "price": "19.56",
            "revenue": 470593
        },
        "2018-01": {
            "month": "2018-01",
            "price": "20.93",
            "revenue": 478426
        },
        "2018-02": {
            "month": "2018-02",
            "price": "19.67",
            "revenue": 360495
        },
        "2018-03": {
            "month": "2018-03",
            "price": "20.80",
            "revenue": 450970
        },
        "2018-04": {
            "month": "2018-04",
            "price": "19.69",
            "revenue": 433155
        },
        "2018-05": {
            "month": "2018-05",
            "price": "19.07",
            "revenue": 477715
        },
        "2018-06": {
            "month": "2018-06",
            "price": "17.74",
            "revenue": 451724
        },
        "2018-07": {
            "month": "2018-07",
            "price": "17.11",
            "revenue": 483101
        },
        "2018-08": {
            "month": "2018-08",
            "price": "17.11",
            "revenue": 490651
        },
        "2018-09": {
            "month": "2018-09",
            "price": "16.22",
            "revenue": 422275
        },
        "2018-10": {
            "month": "2018-10",
            "price": "14.60",
            "revenue": 476131
        },
        "2018-11": {
            "month": "2018-11",
            "price": "14.07",
            "revenue": 466115
        },
        "2018-12": {
            "month": "2018-12",
            "price": "13.99",
            "revenue": 476730
        },
        "2019-01": {
            "month": "2019-01",
            "price": "14.44",
            "revenue": 531138
        },
        "2019-02": {
            "month": "2019-02",
            "price": "16.84",
            "revenue": 407762
        },
        "2019-03": {
            "month": "2019-03",
            "price": "17.45",
            "revenue": 494559
        },
        "2019-04": {
            "month": "2019-04",
            "price": "17.55",
            "revenue": 518537
        },
        "2019-05": {
            "month": "2019-05",
            "price": "17.69",
            "revenue": 524789
        },
        "2019-06": {
            "month": "2019-06",
            "price": "17.91",
            "revenue": 460189
        }
    }
}
